2375 3587
134 337 275 385 1236.

122 403 171 442 [m
199 402 269 441 τιὴ]

124 1523 182 1561 [m.
200 1521 270 1560 6d.]

1014 216 1069 256 20
1100 214 1306 256 HENRY
1339 217 1420 258 ΠΙ.
1991 222 2070 264 371

472 409 991 457 Hybernia.-Mandatum
1041 413 1102 449 est
1152 408 1208 448 Ma
1250 410 1334 449 filio
1374 411 1551 459 Geroldi,
1592 413 1814 462 justiciario
1863 413 2071 462 Hibernie,

364 470 469 520 quod
522 471 659 509 audiat
710 472 912 521 loquelam
966 473 1013 510 de
1070 473 1243 522 appello,
1298 474 1403 522 quod
1456 473 1685 513 Willelmus
1741 477 1788 514 de.
1841 476 2071 523 Harcwud’,

365 532 567 571 Henricus
598 536 637 571 et
670 533 877 572 Johannes
910 534 1085 584 [fratres]
1118 534 1297 584 ejusdem
1330 535 1533 574 «Iohannis
1567 536 1722 575 faciunt
1755 551 1892 576 versus
1926 539 2071 589 Elyam

364 594 411 632 de
444 594 647 642 Wardon’,
682 595 911 634 Johannem
946 599 985 635 et
1017 595 1293 635 Alexandrum
1326 596 1469 635 fratres
1501 597 1628 647 ipsius
1659 599 1760 649 Elye
1794 603 1833 638 et
1866 600 1994 638 Adam
2026 602 2073 638 de

366 658 494 696 Cusac
545 669 617 706 pro
668 660 798 696 morte
852 657 1018 697 Roberti
1070 659 1117 696 de
1169 658 1400 705 Harewud',
1455 660 1746 709 consanguinei
1801 662 2071 710 predictorum

366 719 562 757 Willelmi
634 719 681 757 de
754 720 970 758 Harewud'
1045 723 1084 759 et
1154 720 1327 759 fratrum
1393 734 1572 767 suorum,
1640 726 1678 760 et
1752 729 1834 761 tam
1908 725 2073 773 prefatis

364 780 664 831 appellantibus
719 793 841 831 quam
901 782 1114 831 appellatis
1172 783 1392 820 secundum
1450 783 1579 833 legem
1637 788 1675 822 et
1741 786 2073 824 consuetudinem

366 842 561 881 Hibernie
624 843 785 893 justicie
851 843 1149 893 plenitudinem
1226 843 1456 890 exhibeant,
1515 845 1675 894 proviso
1731 847 1836 896 quod
1906 848 2074 896 predicti

364 904 613 955 appellantes
650 904 812 943 firman]
861 918 1001 955 pacem
1049 906 1153 955 regis
1196 905 1373 944 habeant
1420 906 1517 944 dum
1565 910 1660 946 sunt
1708 908 1748 945 in
1793 910 2073 958 prosecutione

365 966 513 1016 appelli
544 967 620 1012 sui,
654 966 733 1005 nisi
765 967 917 1017 aliquid
949 968 1061 1017 prius
1093 969 1260 1019 fecerint
1292 971 1454 1018 propter
1483 969 1589 1019 quod
1621 982 1759 1020 pacem
1792 972 1896 1020 regis
1928 971 2072 1010 habere

364 1041 445 1068 non
483 1027 668 1067 debeant.
748 1028 864 1067 Teste
903 1041 992 1078 rege
1031 1030 1137 1079 apud
1177 1029 1427 1076 Wudest0k’‚
1467 1030 1509 1082 ij.
1550 1031 1612 1068 die
1652 1031 1766 1069 Julii.

474 1151 973 1191 Bedesbrd'.—Willelmus
1004 1151 1052 1189 de
1082 1151 1259 1190 Clinton⁷
1291 1151 1512 1190 attornavit
1542 1152 1741 1190 Theman]
1772 1152 1819 1190 de
1850 1152 2069 1191 Rakinton'

364 1215 402 1252 et
440 1212 673 1251 Johannein
712 1213 759 1251 de
801 1212 981 1252 Sutwich
1021 1226 1160 1252 versus
1199 1213 1421 1252 Radulfum
1470 1214 1517 1251 de
1566 1214 1726 1264 Bayous
1773 1218 1811 1252 et
1861 1214 2069 1254 Simonem

364 1276 411 1314 de
462 1275 623 1326 Bayous
676 1278 715 1314 et
762 1274 936 1325 priorem
989 1275 1036 1313 de
1083 1275 1314 1314 Kaldewell’
1367 1277 1563 1321 tenentes,
1604 1276 1651 1313 de
1688 1289 1769 1314 una
1807 1279 1995 1315 carucata
2033 1280 2072 1315 et

364 1337 544 1384 dimidia,
586 1337 755 1375 dimidia
793 1337 952 1386 virgata
990 1340 1030 1376 et
1069 1350 1136 1376 sex
1176 1337 1277 1376 acris
1321 1340 1423 1376 terre
1471 1340 1510 1376 et
1559 1351 1621 1377 xx.
1671 1338 1772 1377 acris
1821 1337 1929 1378 bosci
1978 1351 2069 1378 cum

348 1390 619 1450 *pertinentiis
658 1399 699 1437 in
740 1399 938 1449 Clopham
979 1402 1019 1438 et
1053 1399 1094 1437 in
1136 1399 1236 1438 Acl'.

472 1521 714 1560 Mandatum
764 1523 824 1559 est
876 1519 1027 1559 ballivo
1073 1520 1120 1558 de
1159 1519 1388 1558 Feckeham
1428 1519 1533 1569 quod
1565 1520 1795 1558 convocatis
1833 1520 2069 1560 hominibus

363 1583 467 1633 regis
518 1584 566 1621 de
622 1582 801 1621 manerio
858 1582 962 1632 regis
1016 1582 1063 1620 de
1115 1581 1344 1620 Feckeham
1394 1594 1464 1631 per
1517 1594 1584 1619 sex
1634 1581 1779 1631 probos
1831 1586 1870 1620 et
1921 1583 2069 1633 legales

363 1645 548 1684 homines
581 1645 761 1696 ejusdem
801 1644 972 1682 manerii
1004 1646 1043 1682 et
1081 1656 1151 1693 per
1188 1656 1256 1681 sex
1295 1643 1440 1692 probos
1479 1645 1518 1682 et
1549 1643 1696 1692 legales
1734 1644 1921 1682 homines
1959 1649 2071 1683 extra

362 1708 590 1747 manerium
619 1708 718 1746 illud
748 1707 969 1757 appreciari
1006 1706 1130 1745 faciat
1163 1705 1330 1744 bladum
1365 1706 1542 1744 existens
1577 1706 1618 1743 in
1653 1709 1758 1744 terra
1792 1706 1832 1744 in
1867 1707 2070 1746 dominico

361 1771 465 1821 regis
503 1770 546 1808 in
580 1769 760 1808 manerio
794 1769 973 1819 predicto
1012 1768 1235 1807 secundum
1272 1767 1555 1806 rationabilem
1590 1768 1904 1815 estimationem,
1945 1772 1990 1806 ut
2029 1769 2070 1806 in

361 1833 525 1883 optione
563 1832 616 1871 sit
654 1831 869 1870 hominum
908 1830 1090 1881 ejusdem
1131 1830 1304 1868 manerii
1343 1830 1405 1868 vel
1440 1830 1547 1879 quod
1586 1842 1654 1867 rex
1692 1830 1866 1869 retineat
1906 1829 2069 1868 bladum

361 1895 463 1933 illud
508 1895 555 1934 ad
609 1907 709 1944 opus
759 1907 880 1932 suum
934 1906 1004 1943 per
1052 1892 1233 1943 precium
1284 1893 1333 1930 ad
1385 1893 1491 1942 quod
1531 1892 1808 1941 appreciatum
1847 1892 1972 1930 fuerit
2011 1893 2072 1931 vel

361 1959 467 2008 quod
504 1957 690 1997 homines
728 1956 909 2007 ejusdem
949 1955 1120 1994 manerii
1160 1954 1325 1993 bladum
1366 1954 1467 1992 illud
1497 1954 1698 1992 retineant
1728 1955 1778 1992 ad
1807 1967 1907 2004 opus
1937 1968 2069 2000 suum,

361 2021 472 2060 salvo
508 2020 592 2070 regi
632 2019 810 2069 furragio
849 2018 942 2057 inde
983 2017 1244 2067 proveniente
1285 2017 1333 2055 ad
1373 2029 1472 2066 opus
1512 2016 1737 2055 averiorum
1769 2017 1896 2067 regis3
1936 2020 1975 2055 et
2005 2030 2071 2055 rex

360 2084 407 2122 de
446 2083 624 2133 furragio
663 2082 733 2120 illo
767 2081 824 2120 eis
863 2079 1137 2131 respondebit.
1214 2079 1270 2118 Et
1309 2079 1490 2128 precium
1521 2078 1688 2128 predicti
1719 2078 1826 2117 bladi
1857 2080 1939 2128 regi
1971 2080 2070 2118 scire

361 2146 496 2185 faciat.
573 2145 691 2184 Teste
730 2157 820 2194 rege
855 2143 962 2194 apud
1002 2143 1199 2189 Wudest’,
1240 2142 1315 2192 iiij.
1356 2141 1420 2179 die
1456 2141 1570 2180 Julii.

471 2267 634 2305 Omnia.
701 2266 757 2302 De
818 2266 974 2313 quodam
1037 2262 1379 2300 submersa—Rex
1440 2261 1675 2313 justiciariis
1742 2262 1825 2299 suis
1887 2262 2069 2311 proximo

359 2328 609 2367 itineraturis
654 2327 696 2364 in
743 2326 940 2365 comitatu
989 2324 1158 2370 Oxonie‚
1199 2323 1387 2361 salutem.
1467 2323 1612 2363 Sciatis
1660 2323 1779 2373 quod,
1828 2335 1920 2361 cum
1964 2324 2068 2362 circa

359 2391 506 2429 festum
547 2388 686 2429 Sancti
725 2387 836 2426 Petri
875 2388 924 2424 ad
964 2386 1138 2425 Vincula
1178 2397 1286 2423 anno
1325 2385 1436 2434 regni
1476 2385 1603 2423 nostri
1642 2398 1723 2431 xx„
1760 2397 1851 2423 cum
1890 2398 2068 2423 essemus

359 2453 465 2503 apud
504 2450 748 2496 Wudestolz’,
786 2449 952 2499 quidam
994 2448 1144 2497 garcio,
1187 2447 1340 2486 scilicet
1379 2447 1596 2485 Anselmus
1634 2447 1813 2485 Hurtald
1850 2447 1897 2485 de
1941 2447 2068 2485 Paris'

358 2528 428 2565 per
465 2513 735 2552 infortunium
776 2511 1010 2550 submersus
1050 2512 1154 2548 esset
1193 2509 1383 2548 inventus
1422 2508 1584 2555 ibidem,
1617 2509 1750 2558 ipsum
1781 2522 1804 2547 a
1833 2509 2067 2547 vicecomite

359 2580 499 2616 nostro
551 2575 706 2615 Oxonie
755 2577 794 2612 et
846 2572 1091 2623 quibusdam
1143 2570 1381 2610 hominibus
1420 2571 1600 2622 ejusdem
1639 2571 1858 2610 comitatus
1898 2571 2065 2609 fecimus

358 2639 483 2678 videri
532 2641 571 2677 et
619 2650 763 2687 corpus
816 2635 941 2686 ipsius
997 2635 1206 2685 sepulture
1246 2634 1351 2673 tradi
1390 2633 1656 2683 precepimus.
1733 2633 1788 2671 Et
1828 2633 1915 2671 ideo
1954 2632 2065 2671 vobis

359 2701 602 2739 mandamus
650 2699 756 2749 quod
809 2698 850 2735 in
904 2697 1049 2735 itinere
1086 2698 1220 2735 vestro
1259 2696 1444 2734 villatam
1485 2695 1531 2733 de
1572 2695 1752 2733 Wudest’
1789 2695 1850 2733 vel
1889 2695 2064 2744 aliquem

358 2763 564 2803 occasione
616 2761 758 2799 mortis
807 2759 984 2809 predicte
1031 2759 1071 2796 in
1123 2758 1237 2796 nullo
1291 2757 1555 2797 occasionetis
1593 2757 1655 2796 vel
1693 2757 1938 2795 occasionari
1978 2770 2062 2806 per-

357 2824 545 2865 mittatis.
620 2823 737 2862 Teste
776 2834 866 2871 rege
904 2821 1010 2871 apud
1050 2820 1249 2866 Wudest',
1287 2832 1324 2858 v.
1361 2819 1424 2857 die
1463 2819 1650 2868 Augusti.

470 2942 1005 2982 Wasconia.-ix1andatum
1070 2944 1130 2979 est
1196 2939 1372 2978 Henrico
1429 2940 1476 2978 de
1534 2938 1778 2985 Trublevill’‚
1846 2940 2074 2977 senescallo.

359 3007 584 3052 Wasconie,
605 3004 710 3055 quod
743 3003 993 3053 albergagias
1025 3002 1181 3052 aliquas
1214 3013 1294 3039 non
1329 3001 1460 3050 capiat
1494 3000 1543 3039 ab
1575 3000 1775 3049 aliquibus
1810 3001 1850 3037 in
1885 3000 2063 3049 partibus

359 3068 571 3109 Wasconie
608 3067 671 3105 vel
708 3065 756 3104 ab
794 3065 872 3103 alio
923 3065 1012 3113 capi
1060 3063 1270 3113 permittat
1308 3075 1382 3112 que
1421 3062 1468 3100 de
1514 3063 1601 3113 jure
1639 3062 1728 3111 capi
1766 3074 1845 3100 non
1894 3061 2062 3100 debeant

356 3131 419 3171 vel
465 3129 553 3180 capi
600 3129 893 3167 consueverunt
942 3124 1201 3176 temporibus
1247 3124 1571 3174 predecessorum
1620 3136 1759 3173 regum
1804 3123 1973 3172 Anglie3
2025 3126 2063 3161 et

356 3205 447 3233 cum
485 3192 528 3230 in
575 3190 672 3229 locis
718 3189 769 3227 ad
807 3189 883 3227 hoc
921 3187 1110 3237 obligatis
1158 3187 1249 3225 illas
1288 3186 1449 3236 ceperit,
1490 3198 1582 3224 cum
1622 3188 1736 3223 tanta
1782 3185 1977 3236 modestia
2023 3188 2062 3223 et

356 3267 547 3294 mensura
577 3253 616 3291 id
648 3251 733 3290 fieri
768 3251 890 3290 faciat
921 3253 1005 3288 tam
1037 3249 1086 3288 ab
1120 3248 1155 3288 ei
1188 3249 1270 3300 (sic)
1306 3260 1427 3298 quam
1460 3247 1510 3286 ab
1544 3247 1634 3285 aliis
1668 3246 1812 3296 quibus
1843 3246 2060 3294 albergarie

354 3317 563 3362 debentur,
584 3314 690 3365 quod
710 3313 842 3363 gravis
880 3313 936 3351 eis
974 3321 1056 3350 non
1094 3311 1241 3350 existat
1280 3311 1340 3349 vel
1379 3322 1585 3350 onerosus.
1672 3309 1787 3346 Teste
1827 3321 1915 3356 rege
1954 3309 2059 3358 apud

278 3397 281 3399 ·
316 3418 319 3419 γ
355 3379 548 3423 Wudest'‚
588 3378 649 3431 v-j.
682 3376 744 3418 die
782 3374 967 3423 Augusti.
1020 3418 1024 3420 .
