2375 3587
184 334 327 379 1:235.

180 402 228 439 [m
251 400 320 438 211]

185 878 327 918 [n1.19.]

1069 214 1120 252 19
1163 212 1368 252 HENRY
1409 211 1486 251 HI.
2071 211 2122 250 41

530 412 603 447 Pro
644 411 829 447 Willelmo
859 411 901 446 ‘Ie
940 408 1313 451 l'icleeford’.-—Rex
1347 407 1551 446 commisit
1584 407 1790 445 Willelmo
1819 407 1866 443 de
1900 406 2126 444 Picheford’

419 475 568 509 terram
616 472 728 509 illam
776 484 869 509 cum
918 470 1175 519 pertinentiis
1224 469 1265 506 in
1314 469 1510 513 Alreton‘,
1560 481 1635 518 que
1684 468 1760 505 fuit
1808 467 1961 505 Jollani
2010 468 2126 513 Balu,

421 533 470 570 ad
509 546 549 571 se
588 533 903 571 sustentandum
943 532 984 569 in
1024 531 1187 570 servitio
1227 544 1312 576 suo,
1353 531 1478 568 donec
1518 543 1585 567 rex
1623 543 1710 567 eam
1752 529 1965 567 reddiderit
2013 530 2128 567 rectis

420 595 632 634 heredibus
690 608 757 644 per
812 608 951 644 pacem
1004 595 1066 632 vel
1122 594 1375 632 voluntatem
1429 606 1558 631 suam.
1646 592 1702 630 Et
1768 592 2007 629 mandatum
2070 595 2130 629 est

420 657 649 696 vicecomiti
696 657 868 695 Eboraci
915 656 1020 706 quod
1070 656 1117 695 de
1166 656 1344 705 predicta
1396 658 1501 693 terra
1550 667 1642 693 cum
1695 653 1951 703 pertinentiis
2002 653 2129 691 eidem

421 720 625 757 Willelmo
664 719 826 772 plenam
868 718 1056 757 seisinam
1098 717 1245 756 habere
1284 717 1419 763 faciat,
1460 716 1565 755 sicut
1604 716 1828 765 predictum
1868 718 1940 753 est.
2014 715 2130 753 Teste

420 794 510 830 rege
549 781 653 830 apud
693 780 1114 825 Westmonasterium,
1154 779 1251 829 xxij.
1291 779 1354 817 die
1392 777 1589 816 januarii.

531 890 744 938 Hgsberm’a.
815 889 871 925 De
918 889 1182 925 mercatoribus
1231 885 1603 923 ai·e.sta›1‹lis.—Rex
1650 885 1796 923 dilecto
1835 888 1874 923 et
1913 885 2020 922 fideli
2060 898 2131 922 suo

425 951 480 989 M.
521 950 604 988 filio
644 950 821 996 Geroldi,
860 949 1084 1000 justiciario
1123 961 1195 987 suo
1234 947 1455 998 Hybernie,
1497 947 1685 985 salutem.
1745 946 1892 985 Sciatis
1925 947 2030 995 quod
2065 959 2133 995 per

424 1016 556 1051 totum
597 1025 767 1062 regnum
806 1015 992 1050 nostrum
1032 1010 1176 1061 Anglie
1215 1010 1383 1048 arestari
1422 1009 1676 1059 precepimus
1715 1022 1854 1047 omnes
1894 1012 2132 1046 mercatores

424 1075 471 1113 de
507 1077 706 1124 potestate
745 1073 849 1124 regis
890 1073 1071 1119 Francie,
1114 1072 1207 1122 quia
1244 1073 1350 1110 idem
1398 1085 1467 1110 rex
1516 1071 1682 1109 arestari
1730 1071 1825 1109 fecit
1864 1071 2129 1116 Willehnum,

427 1137 637 1175 scissorem
675 1140 875 1181 nostrum,
918 1139 957 1174 et
995 1148 1135 1174 omnes
1177 1137 1418 1172 mercatores
1457 1134 1504 1172 de
1543 1136 1649 1171 terra
1688 1136 1825 1171 nostra
1867 1132 2052 1171 inventos
2090 1132 2131 1169 in

426 1201 625 1248 potestate
677 1211 761 1236 sua.
821 1198 877 1236 Et
916 1198 1003 1235 ideo
1047 1195 1159 1235 vobis
1206 1196 1449 1234 mandamus
1491 1195 1597 1245 quod
1647 1208 1716 1233 vos
1769 1194 1956 1233 similiter
1993 1207 2133 1232 omnes

426 1263 666 1299 mercatores
724 1260 771 1298 de
829 1262 934 1298 terra
990 1262 1028 1297 01
1085 1261 1284 1308 potestate
1344 1257 1448 1307 regis
1505 1256 1675 1295 Francie
1732 1256 1773 1294 in
1831 1260 1935 1294 terra
1996 1259 2134 1294 nostra

425 1322 630 1373 Hybernie
679 1322 740 1360 vel
779 1322 874 1361 illuc
913 1324 1103 1360 venturos
1151 1333 1242 1359 cum
1291 1319 1480 1359 omnibus
1520 1318 1637 1357 rebus
1675 1322 1713 1357 et
1752 1318 2013 1357 mercandisis
2052 1318 2133 1356 suis

425 1385 591 1423 arestari
639 1388 678 1423 01
727 1384 837 1423 salvo
886 1383 1077 1422 custodiri
1127 1383 1297 1428 faciatis,
1348 1383 1474 1420 donec
1523 1381 1633 1419 aliud
1683 1395 1706 1419 a
1757 1381 1872 1419 nobis
1913 1380 2134 1419 habueritis

426 1447 690 1492 mandatum;
740 1446 798 1485 ita
845 1450 981 1485 tamen
1031 1446 1136 1495 quod
1184 1447 1424 1483 mercatores
1468 1444 1515 1482 de
1559 1447 1663 1481 terra
1704 1443 1908 1482 comitisse
1947 1442 2134 1482 Flandrie

426 1522 507 1547 non
547 1512 774 1547 arestentur
810 1509 872 1546 vel
911 1508 1197 1558 impediantur.

542 1618 617 1654 l'ro
649 1618 805 1654 Isalwrto
836 1619 877 1653 cle
911 1615 1318 1665 Ii'ymumlon'.-Rex
1349 1614 1546 1652 concessit
1576 1612 1752 1652 Roberto
1782 1614 1828 1651 de
1860 1613 2134 1663 Wymundon'

429 1680 533 1729 quod
573 1679 620 1717 de
661 1679 873 1718 tresdecim
913 1678 1072 1723 marcis,
1113 1690 1212 1727 quas
1251 1676 1367 1715 debet
1406 1677 1509 1727 Elye
1548 1676 1584 1714 le
1623 1675 1785 1722 Evesk',
1822 1676 1951 1714 -Judeo
1990 1676 2133 1721 Lond’,

430 1742 569 1780 reddat
613 1741 742 1779 eidem
784 1741 885 1792 Elye
929 1741 981 1778 xl.
1029 1740 1177 1778 solidos
1221 1752 1290 1789 per
1330 1752 1501 1785 annum,
1542 1738 1728 1777 videlicet
1772 1738 1821 1775 ad
1864 1738 2021 1776 Pascha
2070 1752 2134 1775 xx.

431 1804 579 1843 solidos
622 1807 660 1842 et
704 1804 752 1842 ad
796 1804 945 1842 festum
992 1802 1132 1842 Sancti
1175 1801 1387 1840 Michaelis
1428 1814 1492 1838 xx.
1536 1801 1697 1845 solidos,
1738 1801 1863 1838 donec
1911 1800 2135 1849 predictum

431 1866 614 1904 debitum
666 1866 795 1904 eidem
845 1866 975 1903 ›Judeo
1023 1864 1285 1914 persolvatur,
1325 1863 1382 1901 ita
1425 1862 1531 1913 quod
1581 1862 1744 1901 interim
1797 1865 1953 1900 cessent
2005 1875 2137 1901 usure.

428 1929 484 1966 Et
522 1928 762 1966 mandatum
802 1930 862 1965 est
899 1926 1135 1977 justiciariis
1174 1926 1223 1964 ad
1261 1925 1486 1963 custodiam
1528 1925 1751 1963 -Judeorum
1790 1924 2005 1973 assignatis
2031 1924 2136 1973 quod

428 1990 485 2028 ita
523 1990 609 2028 fieri
658 1994 697 2028 et
750 1990 963 2028 inrotulari
1009 1988 1174 2028 faciant.
1261 1987 1379 2026 Teste
1432 2000 1522 2037 rege
1563 1987 1670 2036 apud
1715 1986 2134 2033 Westmonasterium‚

429 2066 520 2091 xxv.
562 2052 624 2090 (110
664 2051 863 2091 Januarii.

541 2162 616 2198 Pro
658 2163 704 2199 H.
746 2162 874 2198 comite
917 2159 1121 2197 [Metal-[0⁵³²
1167 2167 1199 2196 et
1249 2158 1592 2197 Cornuhie.-—Rex
1631 2157 1778 2196 dilecto
1827 2160 1866 2195 et
1918 2157 2025 2195 fideli
2065 2170 2135 2196 suo

432 2222 608 2261 Roberto
651 2223 687 2261 10
737 2223 909 2272 Sauvag’
960 2222 1146 2260 salutem.
1209 2221 1355 2261 Sciatis
1389 2221 1495 2270 quod
1538 2220 1723 2258 dedimus
1761 2219 1907 2258 dilecto
1946 2219 2059 2258 fratri
2099 2224 2137 2258 et

433 2286 542 2324 fideli
580 2289 721 2324 nostro
761 2286 808 2323 R.
849 2285 988 2323 comiti
1023 2284 1201 2322 Pictavie
1239 2286 1278 2322 et
1318 2283 1517 2322 Cornubie
1557 2282 1781 2321 custodiam
1816 2286 2026 2329 terrarum,
2063 2296 2138 2332 que

435 2348 599 2386 fuerunt
648 2348 850 2386 -Johannis
902 2347 949 2385 de
999 2347 1155 2392 Braus’,
1211 2359 1302 2385 011111
1356 2345 1538 2383 011510(110
1589 2348 1628 2383 01
1681 2344 1895 2394 maritagio
1944 2344 2136 2383 heredum

431 2410 610 2459 ejusdem
658 2409 872 2455 Johanffls,
921 2408 1149 2447 habendam
1199 2421 1324 2458 usque
1371 2408 1420 2445 ad
1468 2407 1713 2456 legittimam
1761 2409 1910 2445 etatem
1959 2406 2136 2456 ipsorum

432 2472 638 2511 heredum.
715 2473 770 2511 Et
805 2472 892 2510 ideo
927 2471 1039 2510 vobis
1072 2471 1315 2510 mandamus
1350 2470 1454 2519 quod
1486 2470 1532 2507 de
1564 2469 1755 2508 omnibus
1787 2470 1902 2508 terris
1936 2470 2136 2519 predictis,

431 2548 507 2584 que
557 2535 778 2573 extiterunt
827 2535 870 2572 in
923 2534 1105 2573 custodia
1154 2536 1286 2572 vestra
1342 2545 1411 2582 per
1460 2535 1694 2582 preceptum
1752 2536 1951 2578 nostrum,
2010 2532 2137 2570 eidem

431 2598 569 2636 comiti
608 2598 722 2636 fratri
757 2601 894 2636 nostro
932 2597 1094 2647 plenam
1134 2596 1323 2634 seisinam
1363 2594 1507 2633 habere
1547 2594 1717 2632 faciatis.
1791 2594 1963 2633 Carucas
2001 2595 2136 2641 etiam,

431 2673 599 2698 avenam
639 2664 678 2698 et
715 2660 880 2698 ordeum
919 2673 994 2709 que
1033 2662 1128 2698 sunt
1175 2659 1217 2696 in
1268 2658 1417 2696 eisdem
1456 2657 1583 2703 terris,
1619 2670 1695 2707 que
1746 2656 1907 2706 quidem
1960 2657 2140 2694 nondum

432 2723 674 2768 venduntur,
718 2736 787 2772 per
828 2722 971 2772 probos
1013 2725 1052 2760 et
1097 2721 1244 2771 legales
1286 2720 1473 2759 homines
1526 2719 1745 2769 appreciari
1791 2718 1947 2757 faciatis
1991 2722 2029 2756 et
2075 2732 2143 2768 per

432 2784 538 2823 idem
570 2784 748 2834 precium
779 2784 934 2834 prefato
965 2783 1080 2822 fratri
1111 2785 1247 2821 nostro
1287 2795 1332 2820 ea
1370 2781 1600 2820 dimittatis.
1658 2781 1843 2819 Precium
1875 2783 2008 2818 autem
2040 2781 2141 2818 illud

433 2846 649 2886 baronibus
695 2847 843 2886 nostris
890 2847 937 2885 de
986 2845 1194 2885 Scaccario
1232 2845 1332 2884 scire
1371 2844 1541 2891 faciatis,
1582 2843 1688 2881 unde
1735 2842 1850 2881 nobis
1888 2842 2141 2892 respondebit

435 2910 484 2948 ad
523 2910 746 2959 predictum
787 2909 1039 2949 Scaccarium
1080 2911 1278 2946 nostrum.
1338 2907 1455 2945 Teste
1493 2910 1538 2944 ut
1578 2918 1710 2955 supra.

544 2989 700 3027 Eodem
738 2988 853 3027 modo
884 2988 1124 3025 mandatum
1165 2990 1224 3025 est
1264 2985 1532 3025 escaetoribus
1571 2983 1727 3023 domini
1775 2984 1901 3034 regisl-
1944 2984 1990 3021 de
2029 2984 2143 3022 terris

441 3064 517 3101 que
557 3054 651 3090 sunt
690 3051 731 3087 in
763 3050 944 3089 custodia
978 3063 1062 3088 sua.
1257 3055 1263 3060 “

549 3159 604 3194 De
630 3159 785 3205 placitis
814 3159 1056 3194 eomitatumn
1089 3157 1220 3193 Exsur'
1254 3163 1286 3193 et
1317 3153 1833 3203 ΗΝζῙὶιΗΓ.-Μο11(10111111
1875 3155 1934 3190 051
1970 3151 2142 3190 Roberto

441 3220 488 3257 de
526 3219 742 3257 Lexinton'
783 3222 821 3256 et
855 3218 939 3256 Α(10
978 3218 1062 3256 filio
1101 3217 1297 3256 Willelmi
1337 3220 1376 3254 et
1417 3215 1534 3254 sociis
1583 3215 1679 3261 suis,
1724 3213 1958 3264 justiciariis
2006 3213 2141 3251 itiner-

440 3281 604 3320 antibus
641 3280 684 3318 in
723 3280 917 3319 comitatu
956 3280 1111 3326 Essex’,
1150 3280 1255 3330 quod
1288 3278 1426 3318 omnia
1473 3277 1622 3327 placita
1666 3277 1713 3314 de
1761 3276 1955 3314 comitatu
1999 3275 2139 3314 Essex’

419 3421 435 3446 4
727 3394 807 3425 *Sio
831 3394 866 3424 in
888 3393 960 3426 MS.
1139 3390 1380 3432 †Substituted
1402 3389 1458 3421 for
1491 3387 1697 3422 'vicecomiti
1721 3385 1853 3419 Glouc.’
