2375 3587
275 195 355 232 514

344 323 479 369 1236.

327 391 386 429 [m.
405 389 495 427 lech]

1205 198 1390 241 CLOSE
1435 196 1639 239 ROLLS.

684 393 786 431 Cum
826 394 944 433 Sarra
981 396 1027 433 de
1068 395 1220 445 Byrum
1278 394 1492 431 aramiavit
1543 392 1713 431 assisam
1766 392 1910 430 ultime
1962 391 2275 441 presentationis

573 455 735 493 ecclesie
800 457 847 494 de
914 458 1095 496 Wotton’
1163 470 1297 495 coram
1365 458 1540 506 Symone
1597 455 1644 493 de
1708 455 1890 504 Roppel’,
1959 455 2164 492 Willelmo
2228 454 2276 492 de

574 516 852 566 Benigewurd’
907 523 946 557 et
1002 519 1119 557 sociis
1177 518 1272 563 suis,
1326 517 1560 567 justiciariis
1616 517 1665 554 ad
1718 517 1794 555 hoc
1849 516 2080 565 assignatis,
2138 528 2276 553 versus

572 578 719 628 Elyam
756 581 802 618 de
842 581 1009 631 Byrum,
1050 580 1281 629 recognovit
1319 579 1445 617 assisa
1483 579 1554 616 illa
1592 579 1698 628 quod
1736 578 1915 627 predicta
1948 578 2068 617 Sarra
2097 580 2276 627 tempore

573 641 681 689 pacis
749 643 995 691 presentavit
1064 642 1253 679 ultimam
1317 654 1543 690 personam,
1615 654 1691 689 que
1754 644 1916 678 mortua
1983 642 2055 685 est,
2124 639 2277 677 scilicet

574 703 785 742 Nicolaum
819 705 865 742 de
904 704 1088 754 Freyng',
1121 704 1169 741 ad
1209 703 1419 741 ecclesiam
1451 702 1687 752 predictam.
1775 702 1831 740 Et
1860 702 1947 740 ideo
1977 701 2274 740 consideratum

574 764 651 802 fuit
689 767 794 815 quod
832 766 1035 814 predictus
1074 765 1198 815 Elyas
1238 765 1431 802 incideret
1470 764 1509 801 in
1553 764 1862 802 misericordiam
1901 763 2022 801 unius
2061 775 2205 809 marce,
2236 766 2275 800 et

574 828 780 867 advocatio
818 829 927 865 illius
966 827 1127 866 ecclesie
1166 827 1294 864 eidem
1336 827 1451 865 Sarre
1491 830 1727 864 remaneret.

684 916 811 953 Alicia
848 929 947 952 uxor
986 914 1180 953 Willelmi
1220 914 1255 951 le
1295 914 1437 963 &Vaytc
1488 913 1710 951 attornavit
1753 913 1978 963 predictum
2023 912 2276 950 Willehnum

575 977 610 1014 le
658 978 799 1028 Wayte
840 978 879 1014 in
920 977 1077 1026 loquela
1115 989 1189 1025 que
1229 980 1288 1014 est
1326 976 1366 1012 in
1407 976 1601 1014 comitatu
1645 976 1751 1013 War’
1802 976 1906 1013 inter
1952 975 2059 1024 ipsos
2107 975 2277 1013 Aliciam

574 1044 612 1077 et
653 1040 916 1085 willelmum,
959 1044 1156 1088 petentes,
1198 1041 1236 1076 et
1282 1038 1505 1076 Robertuin
1546 1037 1829 1075 Marescallum
1869 1040 1907 1075 et
1945 1037 2076 1075 Evam
2112 1050 2276 1075 uxorem

574 1103 674 1151 ejus,
715 1105 910 1147 tenentes,
951 1102 998 1139 de
1037 1115 1128 1138 xxx.
1169 1103 1207 1137 et
1248 1113 1328 1137 una
1366 1100 1468 1138 acris
1517 1102 1618 1137 terre
1672 1103 1710 1137 et
1748 1099 1919 1137 dimidia
1968 1099 2009 1136 111
2060 1099 2278 1143 Βο1·111011’;

575 1169 613 1201 01
650 1164 689 1200 111
728 1163 885 1212 loquela
923 1176 999 1212 que
1038 1167 1098 1200 est
1138 1162 1178 1199 in
1218 1162 1355 1199 eodem
1405 1161 1600 1199 comitatu
1634 1161 1738 1199 inter
1791 1162 1897 1210 ipsos
1951 1161 2202 1199 Willelmum
2242 1163 2280 1198 et

576 1225 759 1269 Aliciann
799 1230 991 1274 petentes,
1032 1228 1070 1262 et
1118 1224 1317 1273 predictos
1357 1223 1578 1261 Robertum
1616 1227 1655 1261 et
1706 1223 1851 1269 Evam,
1891 1226 2088 1269 tenentes,
2137 1223 2185 1261 de
2222 1223 2279 1272 iij.

577 1288 678 1326 acris
717 1291 818 1325 terre
857 1292 895 1325 et
934 1287 1102 1324 dimidia
1139 1287 1179 1323 111
1219 1287 1357 1324 eadem
1397 1286 1507 1323 villa.

685 1375 883 1424 Margeria
938 1375 985 1412 de
1042 1374 1214 1423 Ripariis
1265 1373 1487 1411 attornavit
1545 1372 1821 1410 Alexandrum
1877 1373 1924 1411 de
1982 1373 2178 1411 Niweton’
2238 1372 2281 1409 in

576 1437 734 1486 loquela
789 1451 864 1487 que.
919 1440 978 1474 est
1044 1436 1083 1472 in
1144 1435 1341 1474 comitatu
1396 1434 1526 1472 Hertf'
1586 1447 1654 1483 per
1714 1434 1830 1472 breve
1893 1435 1941 1472 de
2000 1437 2107 1473 recto
2176 1433 2283 1471 inter

580 1500 825 1537 Willelmum
866 1499 912 1536 de
951 1499 989 1536 la
1030 1498 1152 1535 Gren⁷
1192 1505 1230 1535 et
1273 1497 1441 1535 Aliciain
1482 1510 1645 1534 uxorem
1699 1498 1799 1546 ejus,
1835 1500 2030 1546 petentes,
2064 1500 2102 1535 et
2153 1496 2283 1546 ipsam

577 1561 831 1611 Mare-eriam,
872 1564 1090 1605 tenentem,
1132 1560 1178 1597 de
1218 1559 1432 1597 medietate
1470 1573 1504 1596 x.
1547 1572 1730 1597 acrarum
1771 1562 1873 1597 terre
1910 1563 1948 1597 et
1986 1559 2058 1610 iiij.
2098 1571 2282 1597 acrarum

578 1624 681 1672 prati
717 1624 757 1660 in
800 1622 1193 1661 seinicchesworth’.

690 1711 916 1748 willelmus
970 1711 1077 1748 iilius
1130 1710 1289 1748 Ricardi
1344 1709 1566 1747 attornavit
1615 1709 1838 1746 Radulfum
1887 1709 1934 1746 de
1982 1707 2195 1759 Thouseby
2242 1708 2293 1745 in⁴

579 1775 736 1823 loquela
766 1787 840 1823 que
871 1778 929 1811 est
967 1774 1003 1810 in
1039 1774 1233 1811 comitatu
1264 1772 1377 1810 Linc'
1411 1773 1514 1809 inter
1546 1772 1678 1820 ipsum
1712 1771 1961 1809 Willelmum
1993 1775 2032 1809 et
2066 1771 2283 1809 Robertum

580 1837 627 1874 de.
676 1836 905 1886 (21111111noby
945 1842 983 1874 et
1023 1836 1257 1885 Philippum
1298 1836 1344 1872 de
1387 1834 1529 1884 Swaby
1567 1834 1614 1871 dc
1653 1847 1698 1871 eo
1736 1834 1843 1883 quod
1882 1833 2049 1883 predicti
2084 1833 2284 1871 Robertus

582 1905 620 1937 et
668 1899 880 1948 Philippus
929 1898 1080 1936 faciant
1120 1899 1153 1935 ei
1202 1897 1512 1936 consuetudines
1550 1900 1589 1934 et
1627 1900 1734 1934 recta
1772 1896 1938 1934 servicia
1976 1909 2051 1945 que
2080 1895 2115 1933 ei
2154 1895 2282 1934 facere

583 1963 628 1999 de
677 1966 908 2000 tenemento
946 1962 1051 2010 quod
1089 1962 1136 1999 de
1175 1974 1219 1999 eo
1259 1964 1398 1998 tenent
1439 1960 1479 1997 in
1522 1959 1679 2009 Swaby.

691 2050 775 2087 Rex
813 2049 1111 2087 constabulario
1160 2048 1328 2092 Oxonie,
1378 2047 1565 2084 salutem.
1640 2047 1751 2085 Scias
1798 2046 1903 2096 quod
1949 2047 1997 2084 ad
2045 2046 2284 2085 instantiam
2328 2072 2331 2076 »

581 2112 807 2150 cancellarii
848 2111 940 2149 cleri
982 2111 1185 2148 studentis
1235 2109 1388 2147 Oxonie
1427 2108 1698 2147 concessimus
1746 2109 1864 2158 quod,
1903 2109 2064 2158 quando
2101 2109 2285 2155 voluerit⁷

581 2173 725 2212 habeat
774 2174 929 2222 copiam
977 2173 1105 2220 gaiole
1154 2181 1288 2210 nostre
1338 2172 1457 2210 castri
1509 2171 1635 2209 nostri
1690 2171 1843 2209 Oxonie
1895 2171 1944 2208 ad
1993 2171 2286 2209 cohercendum

582 2237 751 2274 scolares
783 2235 949 2273 rebelles
983 2235 1050 2285 qui
1084 2248 1123 2272 se
1155 2248 1235 2272 non
1268 2234 1512 2283 permittunt
1538 2233 1739 2281 justiciari
1774 2246 1797 2270 a
1830 2233 2009 2282 predicto
2047 2233 2287 2272 cancellario

582 2298 802 2336 secundum
844 2298 1015 2335 formam
1056 2297 1284 2335 scolarium.
1360 2296 1415 2333 Et
1456 2295 1542 2333 ideo
1582 2295 1653 2333 tibi
1692 2295 1936 2344 precipimus
1973 2295 2091 2345 quod,
2130 2295 2287 2344 quoties

583 2361 704 2398 fueris
753 2360 969 2409 requisitus
1017 2373 1039 2397 a
1086 2359 1263 2408 predicto
1311 2358 1562 2403 cancellario,
1605 2357 1769 2395 clericos
1818 2357 1982 2395 rebelles
2021 2357 2063 2395 in
2111 2357 2288 2406 predicta

583 2423 713 2472 gaiola
750 2422 961 2472 permittas
996 2421 1264 2471 imprisonari.
1343 2421 1459 2458 Teste
1500 2433 1588 2470 rege
1620 2420 1725 2469 apud
1766 2419 2032 2466 Wintoniam,
2068 2419 2190 2468 xxvij.
2225 2420 2288 2458 die

583 2484 828 2523 Decembris.

696 2625 1002 2663 (isonia-Rex
1058 2624 1296 2663 cancellario
1353 2626 1391 2662 et
1448 2623 1522 2662 toti
1579 2622 1833 2661 universitati
1891 2623 2057 2669 Oxonie‚
2100 2623 2287 2662 salutem.

587 2688 688 2736 Quia
722 2701 848 2737 nuper
881 2687 1125 2737 procurastis
1159 2687 1390 2725 Johannem
1423 2686 1469 2723 de
1510 2686 1639 2736 Curcy
1672 2686 1816 2723 iterato
1846 2685 1934 2735 capi
1973 2688 2012 2723 et
2051 2686 2092 2723 in
2129 2687 2291 2736 prisona

586 2754 723 2789 nostra
761 2751 930 2788 detineri
970 2763 1040 2799 pro
1080 2749 1306 2798 suspicione
1340 2749 1386 2786 de
1425 2761 1470 2786 eo
1505 2751 1697 2797 concepta
1735 2748 1841 2797 quod
1879 2748 2010 2786 adhuc
2048 2761 2117 2797 per
2154 2749 2288 2799 ipsum

587 2813 707 2851 studii
748 2813 868 2850 vestri
917 2812 1192 2860 tranquillitas
1230 2810 1516 2859 impediretur;
1565 2811 1671 2847 idem
1710 2810 1919 2848 «lohannes
1956 2810 2005 2847 ad
2043 2823 2116 2848 nos
2153 2813 2292 2860 postea

587 2875 752 2913 veniens
790 2887 913 2923 usque
954 2873 1216 2912 Cantuariam
1249 2877 1295 2911 ut
1326 2885 1488 2911 omnem
1520 2871 1755 2922 hujusmodi
1789 2871 2102 2920 perturbationis
2135 2872 2292 2911 tolleret

589 2936 853 2985 suspitionem
892 2935 1039 2984 optulit
1087 2949 1125 2973 se
1175 2936 1435 2972 inventurum
1486 2933 1601 2971 nobis
1649 2934 1778 2983 xxiiij.
1816 2934 1922 2972 viros
1968 2934 2192 2983 fidedignos
2229 2935 2291 2973 vel

590 2999 736 3048 plureS,
758 2998 790 3035 si
817 3010 974 3035 necesse
1005 2997 1139 3042 fuerit,
1168 2997 1237 3046 qui
1264 2997 1395 3034 modis
1423 2995 1612 3034 omnibus
1639 3008 1709 3045 pro
1731 2996 1868 3034 eodem
1890 2995 2076 3034 Johanne
2092 2996 2290 3036 cavebunt

591 3061 697 3111 quod
725 3060 903 3097 decctero
930 3072 974 3096 eo
1004 3064 1242 3107 procurante
1272 3058 1335 3096 vel
1374 3058 1526 3107 aliquid
1569 3058 1739 3095 faciente
1768 3070 1849 3096 non
1880 3057 2087 3107 continget
2116 3058 2291 3108 aliquem

590 3136 710 3173 penes
747 3135 816 3160 vos
847 3122 1075 3160 studentem
1115 3122 1271 3170 gravari
1307 3123 1377 3159 aut
1416 3120 1540 3159 studii
1569 3120 1691 3158 vestri
1730 3133 1869 3169 pacem
1899 3119 2137 3169 perturbari,
2167 3123 2220 3167 et,
2259 3122 2291 3159 si

591 3187 633 3223 in
663 3185 797 3235 aliquo
827 3183 1007 3233 deliquit,
1039 3183 1258 3221 satisfaciet
1287 3184 1334 3220 de
1364 3182 1604 3221 commissis.
1658 3183 1773 3220 Licet
1801 3185 1936 3220 autem
1966 3182 2150 3220 videatur
2178 3183 2294 3222 nobis

592 3248 698 3297 quod
727 3245 970 3294 acceptanda
1007 3245 1059 3282 sit
1107 3244 1242 3283 oblata
1277 3245 1470 3283 securitas
1508 3247 1548 3282 et
1586 3244 1684 3282 satis
1721 3256 1930 3293 possemus
1967 3246 2006 3281 et
2044 3243 2291 3291 deberemus,

594 3309 704 3348 vobis
742 3307 997 3352 inconsultis,
1028 3319 1115 3344 eam
1156 3320 1224 3355 per
1262 3319 1335 3344 nos
1375 3306 1562 3355 recipere,
1598 3318 1648 3343 ne
1686 3318 1872 3354 processu
1911 3305 2102 3354 temporis
2140 3307 2295 3345 credere

595 3370 764 3422 possetis
803 3369 908 3419 quod
955 3368 1126 3407 scienter
1178 3368 1297 3406 alicui
1343 3367 1609 3417 perturbatori
1653 3367 1930 3406 universitatis
1961 3369 2089 3406 vestre
2121 3369 2294 3418 gratiam
