2375 3587
234 246 316 285 254

290 377 435 423 1236.

289 444 347 483 [ιιι.
368 443 438 481 11]

1160 250 1345 292 CLOSE
1391 249 1594 291 ROLLS.

642 444 714 479 Pro
756 444 939 492 Gabi-ida
978 444 1474 493 Esturnty.——ll1andatiiin
1531 448 1591 482 est
1637 443 1872 493 justiciariis
1919 443 1968 481 ad
2007 442 2226 481 custodiam

528 505 749 542 Judeorum
791 506 1006 554 assignatis
1054 506 1155 554 quod
1205 506 1251 543 de
1298 505 1432 544 debito
1481 506 1586 555 quod
1629 506 1838 543 Galfridus
1876 505 2073 554 Esturmy
2111 503 2227 542 debet

527 566 746 605 Benedicto
785 566 950 616 Crespin
1000 570 1037 605 et
1086 567 1202 604 sociis
1250 567 1346 612 suis,
1387 567 1538 613 Judeis,
1578 567 1706 604 eidem
1748 566 1931 605 Galfrido
1970 565 2227 604 rationabiles

528 628 721 667 terminos
760 628 903 666 habere
943 628 1075 667 faciat.
1153 629 1269 666 Teste
1308 631 1352 667 ut
1391 642 1523 678 supra.

637 734 726 770 Har.
785 733 840 768 De
870 733 1041 779 pluribus
1075 733 1306 769 ‹n-namentis
1340 733 1484 768 ecclesie
1522 734 1571 768 ad
1605 746 1695 779 crpus
1729 731 2136 779 rem's.—Mandat11111
2168 733 2228 769 est

528 794 731 832 Willelmo
769 794 816 830 de
855 793 1092 830 Haverhull'
1132 793 1237 842 quod
1276 793 1398 831 libros
1436 798 1474 831 et
1512 796 1746 831 ornamenta
1793 793 1955 831 ecclesie
2003 793 2228 841 subscripta

527 857 605 894 emi
640 856 760 893 faciat
794 855 843 892 ad
877 868 977 903 opus
1008 855 1110 903 regis
1144 855 1329 903 ponenda
1363 855 1404 892 in
1444 855 1595 904 capella
1634 855 1736 902 regis
1766 855 1871 903 apud
1901 855 2226 905 Evereswell'(‘?),

524 918 708 956 videlicet
756 929 882 954 unmn
932 917 1210 965 psalterium,²¹·'²·'
1259 917 1568 966 capitellarium,
1618 916 1904 962 collectarium,
1951 917 2224 967 ympnarium,

523 979 777 1024 breviarium,
806 978 1024 1027 temporale
1050 979 1201 1017 scilicet
1231 982 1270 1017 et
1300 982 1543 1024 sanctorum,
1576 992 1699 1016 unum
1731 978 2077 1028 antiphonarium,
2099 991 2225 1016 unum

524 1042 697 1086 missale,
740 1053 867 1078 unmn
906 1040 1079 1089 gradale,
1121 1053 1245 1078 unum
1286 1041 1506 1090 troparium
1541 1044 1579 1079 et
1618 1041 1808 1086 ordinale,
1841 1043 1879 1078 et
1914 1054 2038 1078 unam
2077 1039 2224 1086 albam,

524 1104 732 1148 amictum,
777 1102 936 1147 stolam,
984 1102 1252 1151 manipulum,
1300 1115 1421 1140 unam
1466 1103 1657 1148 casulam,
1697 1103 1776 1140 duo
1820 1102 1946 1140 tualia
1994 1101 2224 1147 Benedioto‚

525 1179 652 1203 unum
710 1165 1024 1212 manutergium,
1083 1178 1211 1201 unum
1269 1165 1315 1202 de
1372 1165 1585 1203 canavazio
1641 1165 1691 1203 ad
1748 1164 2030 1213 coperiendum
2087 1163 2224 1210 altare,

525 1228 703 1277 phiolam
744 1230 782 1265 et
818 1226 1110 1272 thurribulum,
1151 1240 1278 1264 unum
1329 1227 1652 1275 superaltarium,
1700 1226 1920 1276 corporalia
1957 1230 1996 1264 et
2034 1226 2224 1275 pixidem,

525 1304 695 1329 asserem
735 1290 782 1327 ad
814 1302 951 1338 pacem
981 1289 1241 1327 deferendum
1276 1294 1314 1327 et
1348 1290 1427 1327 duo
1461 1289 1713 1327 candelabra.
1780 1289 1834 1326 Et
1868 1302 1959 1327 cum
1994 1301 2040 1326 ea
2070 1288 2223 1333 emerit,

525 1353 594 1390 illa
632 1351 771 1390 liberet
809 1351 964 1388 custodi
1003 1351 1214 1388 domorum
1255 1351 1357 1399 regis
1389 1351 1493 1399 apud
1528 1350 1779 1389 Wudestok’.
1849 1351 1964 1388 Teste
1999 1362 2088 1398 rege
2122 1350 2225 1401 apud

527 1415 746 1460 Wastham,
784 1413 889 1451 xxvi.
930 1413 992 1451 die
1031 1413 1186 1451 Marcii.

636 1520 803 1555 Libertas
858 1519 1015 1554 abbatis.
1096 1519 1172 1554 I'rn
1229 1519 1355 1553 abbate
1412 1517 1944 1554 1Vestm‘'namet-ienis.„Rex
2000 1515 2224 1554 vicecomiti

526 1580 643 1618 Suht'
681 1580 865 1617 salutem.
925 1579 1175 1627 Precipinius
1215 1578 1287 1616 tibi
1326 1579 1431 1627 quod
1470 1591 1550 1616 non
1590 1578 1810 1626 distringas
1848 1581 2031 1616 tenentes
2068 1577 2224 1615 abbatis

526 1641 966 1679 Westmona-steriensis
1005 1644 1042 1678 et
1082 1640 1267 1678 homines
1306 1640 1484 1689 ipsorum
1524 1640 1750 1677 tenentium
1790 1639 1831 1677 in
1870 1639 2018 1677 balliva
2052 1642 2121 1677 tua
2154 1651 2224 1688 pro

523 1703 845 1742 amerciamentis
889 1702 1005 1740 factis
1044 1715 1177 1740 coram
1217 1702 1451 1751 justiciariis
1488 1702 1636 1740 nostris
1675 1702 1820 1739 ultimo
1858 1700 2143 1739 itinerantibus
2182 1701 2222 1738 in

522 1766 717 1804 comitatu
756 1768 825 1802 tuo
863 1769 901 1802 et
940 1763 1088 1801 finibus
1126 1764 1243 1802 factis
1281 1776 1414 1802 coram
1455 1764 1606 1801 eisdem
1643 1776 1713 1812 pro
1752 1763 1916 1801 licentia
1954 1762 2223 1801 concordandi

522 1832 560 1866 et
607 1828 686 1865 fine
735 1828 841 1865 facto
889 1839 958 1876 pro
1005 1826 1200 1864 comitatu
1249 1830 1331 1872 tuo,
1373 1826 1479 1863 unde
1525 1826 1630 1863 idem
1680 1824 1802 1863 abbas
1844 1825 2114 1874 quietanciam
2154 1837 2223 1874 per

521 1893 672 1928 cartam
704 1893 884 1927 nostram
914 1901 1012 1938 quas
1041 1888 1098 1926 eis
1128 1888 1218 1926 inde
1245 1888 1329 1926 fieri
1360 1888 1554 1934 fecimus..
1600 1887 1715 1925 Teste
1746 1899 1836 1936 rege
1867 1887 1972 1936 apud
2004 1887 2220 1937 Kenyton’,

522 1952 593 2002 iiij.
634 1952 697 1989 (lie
736 1950 899 2000 Aprilis.
1547 1946 1548 1949 ¹

630 2031 784 2068 Eodem
823 2030 942 2067 modo
981 2029 1219 2067 mandatum
1258 2032 1318 2066 est
1355 2028 1581 2067 vicecomiti
1629 2028 1828 2066 Middels’.
1885 2028 2001 2066 Teste
2045 2040 2135 2077 rege
2176 2032 2220 2066 ut

520 2105 652 2142 supra.

630 2189 684 2224 De
748 2186 1172 2235 perdamazimun-Rex
1228 2186 1464 2235 perdonavit
1526 2185 1691 2234 Hugoni
1749 2185 1796 2223 de
1853 2184 1996 2222 Vivon'
2054 2187 2218 2223 centum

521 2249 667 2288 solidos
704 2261 803 2298 quos
842 2248 1010 2286 barones
1049 2249 1095 2286 de
1137 2248 1344 2287 scaccario
1382 2247 1431 2285 ab
1470 2260 1515 2285 eo
1553 2247 1719 2296 exigunt
1755 2259 1824 2296 per
1862 2246 2218 2284 summonitionem

522 2311 718 2350 Scaccarii
766 2311 869 2359 regis
907 2323 977 2359 pro
1024 2310 1208 2348 evasione
1248 2309 1449 2348 Johannis
1488 2309 1644 2354 Russel,
1684 2309 1870 2358 prisonis,
1911 2321 1934 2346 a
1972 2307 2134 2357 prisona
2171 2308 2219 2345 de

521 2373 757 2418 Chiweton‘,
788 2373 855 2422 qui
895 2375 1032 2421 postea
1070 2372 1208 2410 eodem
1248 2372 1309 2409 die
1348 2374 1488 2420 captus
1527 2374 1566 2409 et
1604 2383 1822 2420 suspensus
1855 2369 1944 2414 fuit,
1981 2372 2025 2407 ut
2055 2369 2216 2407 dicitur.

520 2436 575 2473 Et
631 2435 869 2472 mandatum
921 2437 981 2472 est
1030 2434 1219 2483 predictis
1276 2433 1492 2472 baronibus
1548 2433 1652 2482 quod
1709 2432 1843 2482 ipsum
1902 2432 2118 2480 Hugonem
2170 2431 2218 2468 de

519 2497 706 2546 predictis
762 2499 926 2535 centum
983 2496 1119 2534 solidis
1174 2496 1356 2546 quietum
1408 2508 1493 2534 esse
1554 2495 1718 2533 faciant.
1809 2494 1926 2532 Teste
1974 2506 2065 2542 rege
2111 2493 2217 2542 apud

519 2561 719 2610 Kenyton,
756 2559 828 2609 iiij.
865 2559 927 2596 die
965 2558 1127 2607 Aprilis.

626 2656 703 2692 Pro
741 2656 935 2703 fratribus
980 2655 1276 2702 predicatoribus
1331 2652 1787 2690 (omn1·e.—Mandatum
1834 2653 1895 2688 est
1943 2649 2123 2688 Johanni
2169 2649 2217 2687 de

518 2717 678 2763 Nevffl’,
718 2716 941 2767 justiciario
980 2716 1138 2761 foreste,
1179 2715 1284 2764 quod
1322 2714 1531 2762 permittat
1570 2713 1712 2751 fratres
1750 2712 2016 2762 predicatores
2066 2711 2217 2749 Oxonie

516 2779 636 2817 libere
683 2783 722 2817 et
769 2779 854 2817 sine
892 2777 1182 2827 impedimento
1226 2775 1489 2814 chiminachii
1538 2774 1731 2813 abducere
1780 2787 1847 2812 sex
1895 2786 2064 2823 quercus
2112 2773 2214 2822 qua†

518 2841 746 2879 Willelmus
798 2841 1000 2889 Lungesp⁷
1060 2839 1116 2876 eis
1172 2838 1280 2875 dedit
1340 2837 1389 2875 ad
1447 2837 1710 2874 maeremium
1768 2836 1808 2873 in
1866 2835 1985 2874 bosco
2042 2847 2114 2873 suo
2169 2835 2217 2873 de

518 2904 756 2948 Burecestr’‚
793 2902 861 2952 qui
900 2905 959 2940 est
997 2901 1104 2938 infra
1136 2900 1329 2938 forestam
1368 2899 1485 2948 regis,
1561 2898 1678 2936 Teste
1717 2910 1807 2946 rege
1845 2898 1949 2947 apud
1998 2896 2213 2947 Kenyton’,

516 2978 553 3003 v.
593 2965 655 3003 die
694 2964 855 3014 Aprilis.

631 3063 681 3099 De
726 3062 905 3098 tradendo
951 3062 989 3096 sin
1035 3057 1507 3095 ballium—Mandatum
1546 3059 1605 3094 est
1643 3055 1868 3094 vicecomiti
1907 3055 2071 3103 Noting’
2110 3054 2214 3104 quod

518 3125 550 3162 si
590 3124 797 3162 Johannes
835 3122 882 3159 de
921 3121 1085 3159 Plesset'
1121 3123 1160 3158 et
1200 3119 1429 3157 Willelmus
1467 3119 1514 3156 de
1552 3117 1811 3162 Ambervilla,
1846 3117 1953 3165 capti
1986 3119 2025 3154 et
2063 3116 2214 3154 detenti

518 3187 559 3223 in
598 3186 760 3234 prisona
797 3183 901 3232 regis
939 3182 1044 3231 apud
1083 3182 1246 3230 Noting'
1287 3194 1357 3230 pro
1396 3180 1550 3218 roberia
1587 3180 1693 3217 facta
1730 3179 1777 3216 de
1815 3177 1931 3216 rebus
1972 3181 2011 3215 et
2058 3177 2215 3216 catallis

519 3246 739 3292 Robertini,
780 3245 1013 3282 mercatoris
1060 3244 1107 3281 de
1154 3243 1371 3288 Florentia,
1421 3243 1461 3278 in
1509 3240 1689 3290 partibus
1737 3240 1783 3277 de
1830 3239 1945 3289 Blya,
1987 3239 2214 3276 invenerint

517 3310 552 3351 ei
600 3309 730 3347 salvos
775 3306 926 3356 plegios
974 3306 1042 3354 qui
1092 3304 1380 3353 manucapiant
1429 3316 1494 3341 eos
1544 3301 1688 3339 habere
1735 3313 1869 3339 coram
1917 3313 2007 3348 rege
2052 3300 2213 3349 quando

925 3403 940 3418 *
956 3401 1030 3436 MS.
1047 3400 1284 3444 prealterium,
1550 3398 1627 3436 †Sie
1656 3398 1689 3428 in
1722 3397 1792 3430 MS.
