2375 3587
243 191 325 233 100

305 321 451 369 1235.

289 387 351 428 [m'.
392 388 462 428 10,]

1172 192 1356 236 CLOSE
1400 192 1604 236 ROLLS.

650 387 741 425 Bar.
811 388 868 425 De
912 389 1009 426 vinis
1059 389 1264 426 retinendis
1302 389 1351 425 ad
1400 401 1489 436 opus
1542 386 1949 438 regia—Mandatum
1986 388 2046 424 est
2078 384 2236 424 ballivis

546 446 663 485 Suht’
702 449 807 498 quod
844 449 891 487 de
929 449 1034 488 vinis
1072 449 1313 499 Andegavie,
1351 462 1426 500 que
1464 462 1591 499 nuper
1627 452 1824 488 venerunt
1862 449 1903 487 in
1942 448 2080 487 villam
2120 460 2233 485 suam

547 507 663 548 Suht'
703 511 765 549 vel
803 524 878 561 que
916 512 1098 561 proximo
1136 511 1284 550 ibidem
1322 515 1492 550 ventura
1530 514 1639 557 sunt,
1678 511 1840 551 retineri
1867 511 2019 549 faciant
2056 509 2104 547 ad
2135 522 2235 559 opus

542 571 644 619 regis
683 571 912 621 quindecim
950 573 1056 611 dolia
1094 573 1192 619 vini,
1236 575 1275 611 et
1317 572 1388 611 illa
1436 573 1478 610 in
1527 573 1672 611 celario
1709 573 1812 622 regis
1863 573 1981 612 Suht'
2020 570 2158 620 reponi
2196 574 2235 609 et

542 632 650 671 salvo
680 634 870 672 custodiri
898 635 1060 681 faciant,
1090 636 1214 674 donec
1252 647 1320 672 rex
1349 634 1457 673 aliud
1486 635 1579 673 inde
1612 635 1668 672 eis
1707 633 1938 684 preceperit.
1998 633 2114 671 Teste
2146 645 2235 682 rege

542 695 647 743 apud
687 695 836 743 Wind’‚
874 696 927 734 ix.
963 697 1025 735 die
1064 697 1190 736 Junii.

655 784 704 819 De
736 785 1010 831 operationibus
1049 786 1152 832 apud
1187 782 1865 821 Wescm0nasta-ium.—Mandatum
1909 784 1968 820 est
2004 781 2236 832 J'usticiariis

543 843 592 880 ad
630 844 852 882 custodiam
891 845 1111 883 Judeorum
1159 845 1374 895 assignatis
1421 845 1526 894 quod
1564 857 1764 882 cameram
1811 844 1924 882 illam
1963 844 2069 893 apud
2107 844 2234 882 West-

542 905 832 943 monasterium
870 919 1007 944 versus
1043 907 1304 952 occidentem,
1340 906 1407 944 ubi
1437 905 1555 944 Judei
1594 906 1731 944 sedent
1769 905 1817 943 ad
1853 905 2120 952 Scaccarium,
2151 905 2237 943 fieri

543 965 693 1005 faciant
728 967 784 1005 ita
821 968 925 1016 quod
964 968 1015 1006 sit
1062 967 1115 1006 ibi
1155 968 1346 1006 solarium
1389 971 1428 1006 et
1466 967 1658 1006 celarium
1698 971 1737 1005 et
1783 967 2016 1013 caminum;
2057 969 2095 1005 et
2132 968 2236 1017 quod

542 1040 698 1066 camera
736 1029 804 1067 illa
841 1029 940 1067 bene
977 1033 1015 1068 et
1045 1033 1317 1079 competenter
1347 1029 1554 1068 edificetur
1582 1029 1631 1067 ad
1669 1029 1836 1067 modum
1871 1028 2035 1068 alterius
2068 1042 2235 1076 camere,

542 1102 617 1138 qne
663 1094 722 1129 est
764 1103 810 1128 ex
848 1092 973 1130 altera
1010 1095 1120 1141 parte
1159 1105 1305 1142 magne
1352 1092 1441 1130 aule
1479 1094 1613 1129 nostre
1653 1091 1801 1129 ibidem
1840 1104 1977 1129 versus
2018 1091 2234 1137 orientem;

542 1155 580 1189 et
628 1152 702 1190 hoc
752 1153 801 1190 ad
857 1166 1092 1191 communes
1138 1156 1326 1203 sumptus
1372 1153 1556 1192 omnium
1611 1153 1833 1191 -Judeorum
1886 1153 2043 1203 Anglie.
2120 1153 2237 1192 Teste

542 1226 631 1262 rege
668 1214 773 1263 apud
812 1214 1004 1262 Windes',
1047 1228 1084 1253 x.
1124 1215 1186 1253 die
1224 1215 1352 1253 Junii.

655 1302 728 1338 Pro
782 1304 909 1339 abbate
962 1310 994 1339 et
1049 1304 1239 1340 monachis
1287 1304 1329 1339 de
1381 1303 1481 1340 Villa
1530 1303 1949 1340 Mam—Mandatum
2005 1305 2066 1341 est
2122 1302 2236 1340 Alex-

541 1362 665 1400 andro
711 1363 866 1409 Bacun,
924 1363 1079 1402 custodi
1135 1363 1300 1401 honoris
1349 1364 1617 1402 Richemund’
1662 1366 1700 1402 et
1748 1362 1895 1402 ballivo
1943 1365 2045 1413 regis
2093 1364 2236 1401 nundi-

541 1436 685 1461 narum
736 1424 874 1463 Sancti
927 1425 1137 1474 Botulphi,
1196 1426 1300 1474 quod
1348 1426 1558 1474 permittat
1605 1425 1790 1464 abbatem
1839 1428 1878 1463 et
1924 1426 2143 1464 monachos
2191 1426 2238 1463 de

541 1486 646 1523 Villa
693 1487 805 1524 Nova
852 1487 900 1525 de
946 1487 1085 1525 ordine
1143 1487 1396 1526 Cisterciensi
1453 1488 1652 1537 percipere
1709 1488 1751 1525 in
1801 1488 1995 1525 nundinis
2050 1487 2238 1537 predictis

540 1548 580 1585 id
618 1549 723 1597 quod
761 1549 924 1587 nomine
963 1550 1179 1588 elemosine
1218 1551 1418 1599 percipere
1457 1553 1751 1588 consueverunt
1789 1550 1835 1588 de
1867 1550 1971 1588 dono
2001 1549 2238 1588 Constancie

538 1610 741 1658 quondam
784 1611 987 1649 comitisse
1035 1612 1281 1658 Brittannie,
1332 1615 1510 1661 tempore
1566 1612 1722 1650 domini
1772 1612 1808 1650 J.
1857 1612 1961 1661 regis
1999 1612 2151 1661 patris*
2199 1615 2238 1650 et

541 1674 719 1720 tempore
752 1672 874 1722 hujus
911 1673 1014 1722 regis
1052 1677 1269 1722 antequam
1304 1674 1433 1711 honor
1470 1673 1671 1722 predictus
1710 1673 1956 1722 pervenisset
1994 1674 2034 1711 in
2070 1686 2237 1711 manum

540 1733 584 1771 P.
633 1734 792 1773 comitis
839 1735 1082 1782 Brittannie,
1138 1735 1195 1774 ita
1251 1736 1357 1786 quod
1416 1749 1482 1774 eos
1540 1736 1633 1773 inde
1687 1736 1837 1786 injuste
1892 1748 1974 1774 non
2030 1735 2237 1785 impediat.

542 1795 659 1834 Teste
701 1798 746 1835 ut
793 1809 924 1846 supra.

651 1884 730 1920 Pro
768 1886 896 1921 abbate
933 1886 976 1921 de
1016 1885 1465 1923 Ce›·tes'.-Mandatum
1503 1887 1562 1923 est
1609 1884 1789 1922 Johanni
1827 1884 1874 1922 de
1922 1884 2085 1935 Venoyz
2132 1885 2239 1934 quod

541 1944 626 1983 sine
686 1945 978 1994 impedimento
1036 1947 1246 1996 permittat
1308 1946 1493 1985 abbatem
1555 1947 1602 1984 de
1670 1946 1818 1985 Certes’
1882 1949 2131 1995 prosternere
2199 1950 2238 1985 et

541 2006 733 2045 abducere
781 2008 1043 2045 maeremium
1091 2009 1197 2057 quod
1245 2022 1311 2046 rex
1359 2008 1393 2046 ei
1443 2008 1551 2046 dedit
1600 2009 1640 2046 in
1690 2008 1838 2047 foresta
1881 2009 1927 2046 de
1975 2008 2142 2047 Axiholt
2189 2009 2238 2046 ad

541 2068 836 2106 edificationem
877 2068 1036 2108 abbatie
1079 2083 1161 2115 sue,
1203 2083 1278 2119 que
1326 2070 1537 2108 combusta
1585 2074 1657 2116 est,
1707 2083 1788 2107 non
1828 2069 2013 2108 obstante
2051 2083 2096 2108 eo
2134 2071 2239 2120 quod

542 2130 691 2168 mensis
738 2130 813 2169 iste
860 2131 1086 2180 prohibitus
1133 2135 1192 2170 est
1240 2136 1402 2181 propter
1450 2132 1735 2170 feonationem.
1813 2132 1930 2170 Teste
1978 2135 2023 2170 ut
2072 2145 2204 2181 supra.

652 2227 728 2263 Pro
765 2227 806 2264 J.
845 2229 1097 2265 Ratltom'ensi
1133 2228 1613 2276 ep[scopo.—Mandatum
1653 2231 1713 2266 est
1748 2227 1929 2265 Johanni
1958 2228 2005 2265 de
2037 2228 2239 2266 Colemere

539 2287 644 2337 quod
682 2288 729 2325 de
768 2288 873 2326 vinis
911 2289 1028 2337 regis,
1069 2302 1144 2338 que
1183 2292 1277 2327 sunt
1315 2290 1357 2327 in
1395 2290 1577 2328 custodia
1616 2303 1688 2327 sua
1726 2289 1767 2326 in
1807 2289 1951 2327 celario
1992 2289 2095 2338 regis
2132 2290 2238 2327 Lon-

540 2349 646 2395 don',
696 2350 817 2388 faciat
862 2351 1007 2389 habere
1054 2351 1273 2390 venerabili
1320 2352 1425 2401 patri
1474 2352 1512 2390 -J,
1562 2351 1830 2389 Bathoniensi
1878 2351 2064 2400 episcopo
2111 2364 2238 2389 unum

541 2411 693 2450 dolium
732 2413 815 2451 vini
854 2413 900 2451 de
939 2413 1180 2462 prestitito.†
1240 2414 1357 2452 Teste
1396 2416 1441 2451 ut
1480 2427 1612 2463 supra.

647 2509 726 2544 Pro
773 2508 948 2545 «Iohanni
993 2510 1035 2544 «Ie
1082 2508 1534 2556 mpetu—Mandatum
1581 2510 1641 2546 est
1679 2507 1904 2546 vicecomiti
1955 2508 2072 2546 Suht'
2121 2509 2238 2557 quod,

538 2581 619 2606 non
658 2568 842 2607 obstante
871 2570 1018 2608 seisina
1046 2583 1167 2620 quani
1197 2583 1264 2608 rex
1293 2583 1422 2619 nuper
1450 2570 1536 2608 fieri
1565 2570 1741 2619 precepit
1770 2569 1990 2607 Humfrido
2018 2570 2065 2608 de
2094 2569 2238 2619 Eppel'

536 2630 583 2667 de
620 2630 768 2668 vicaria
804 2631 851 2668 de
889 2631 1032 2680 Eppel‘
1072 2634 1111 2669 et
1149 2634 1254 2669 terra
1291 2632 1340 2669 ad
1387 2644 1476 2669 eam
1524 2631 1764 2680 pertinente,
1808 2631 1931 2670 faciat
1970 2630 2114 2670 habere
2153 2632 2239 2669 sine

538 2691 827 2740 impedimento
864 2693 1045 2730 Johanni
1083 2693 1130 2731 de
1169 2693 1327 2742 Eppel’,
1375 2693 1443 2742 qui
1489 2693 1567 2730 fuit
1613 2693 1655 2730 in
1695 2693 1842 2731 seisina
1881 2693 2058 2742 predicte
2095 2694 2240 2732 vicarie

537 2756 576 2791 et
614 2756 727 2799 terre,
768 2755 913 2792 catalla
951 2768 1024 2793 sua
1061 2756 1102 2792 in
1142 2768 1187 2792 ea
1225 2755 1390 2793 inventa
1419 2758 1458 2793 et
1488 2754 1652 2793 bladum
1682 2756 1787 2805 quod
1826 2755 1867 2792 in
1906 2768 1952 2793 ea
1989 2755 2083 2794 fecit
2122 2756 2237 2793 semi-

539 2815 639 2852 nari.
699 2815 814 2854 Teste
853 2819 897 2854 ut
936 2830 1068 2866 supra.

647 2903 724 2939 Pro
767 2903 955 2940 Gunnora
993 2906 1036 2940 de
1074 2905 1212 2942 Sancto
1252 2906 1428 2942 Halm-io
1468 2912 1500 2941 et
1542 2905 1711 2941 Henrieo
1755 2904 1840 2950 silio
1887 2903 2111 2941 snm—Rex
2147 2917 2237 2941 con-

538 2964 655 3001 cessit
694 2964 885 3002 Gunnore
923 2965 970 3002 de
1010 2965 1160 3004 Sancto
1195 2966 1367 3004 Hillario
1396 2969 1435 3004 et
1473 2965 1651 3003 Henrico
1680 2965 1727 3003 de
1759 2960 1908 3003 Sancto
1937 2965 2124 3011 Hillario,
2156 2965 2240 3003 filio

538 3038 622 3069 suo,
662 3025 767 3074 quod
804 3026 894 3063 illas
932 3026 1076 3075 viginti
1123 3030 1162 3065 et
1208 3041 1275 3065 sex
1323 3040 1491 3072 marcas,
1540 3040 1639 3076 quas
1686 3025 1832 3064 debent
1877 3027 2114 3075 Deulegard'
2156 3027 2240 3064 filio

540 3086 653 3136 libe,
687 3087 814 3125 Judeo
853 3087 1070 3135 wintonie,
1105 3088 1313 3127 Duceman
1352 3089 1437 3127 filio
1476 3089 1623 3127 Urseili
1659 3092 1697 3126 et
1737 3088 1833 3126 Cote
1872 3088 1985 3126 uxori
2024 3089 2122 3138 ejus,
2154 3089 2237 3126 red·

537 3147 636 3184 dant
674 3147 730 3185 eis
769 3147 809 3184 in
847 3147 1022 3197 quinque
1060 3149 1179 3187 annis
1209 3151 1484 3199 sequentibus,
1514 3150 1712 3195 videlicet,
1749 3152 1921 3198 quatuor
1951 3149 2091 3198 primis
2121 3149 2239 3187 annis

538 3220 773 3266 unoquoque
810 3221 917 3245 anno
950 3209 1124 3259 quinque
1158 3223 1326 3257 marcas,
1361 3215 1401 3250 et
1429 3212 1570 3261 quinto
1609 3223 1716 3249 anno
1756 3210 1937 3260 sequenti
1974 3223 2041 3248 sex
2070 3223 2238 3256 marcas,

625 3304 639 3318 *
654 3302 779 3332 ‘nostri
794 3303 800 3316 ’
818 3302 848 3332 is
875 3302 989 3333 struck
1007 3306 1065 3338 out
1084 3303 1174 3339 here,
1194 3305 1262 3336 and
1282 3305 1408 3346 ‘hujus
1425 3307 1513 3346 regis
1528 3307 1534 3322 ’
1554 3307 1584 3337 is
1602 3304 1808 3337 substituted
1828 3304 1880 3335 for
1897 3305 2055 3334 ‘nostro'

624 3354 643 3386 †
655 3354 709 3386 810
726 3354 761 3386 in
781 3353 845 3387 Ms

2368 2635 2375 2711 *ma*
2369 2507 2375 2625 ⁴7*2„-„4
2374 2478 2375 2481 „

2363 3135 2365 3144 „.
2362 2872 2372 3114 nv«,›-—-⁷-‚;..-
