2375 3587
226 172 279 215 74

285 295 428 342 1235.

275 361 333 402 [m.
355 360 423 401 14.]

1158 176 1344 220 CLOSE
1389 177 1596 221 ROLLS.

630 373 684 411 Et
731 375 968 413 mandatum
1005 378 1064 413 est
1101 376 1325 414 vicecomiti
1364 376 1475 414 Wilt‘
1524 377 1628 426 quod
1675 377 1721 415 de
1769 377 1884 415 terris
1932 390 2007 427 que
2055 377 2218 415 fuerunt

522 434 688 483 predicti
726 436 824 486 Elye
856 436 897 473 in
930 436 1159 485 Coligburn’
1191 440 1229 475 et
1258 437 1299 474 in
1331 438 1448 483 Cett’,
1479 442 1517 476 et
1547 439 1593 476 de
1622 438 1766 488 quibus
1796 438 1998 487 predictus
2029 438 2215 484 Michael,

521 497 722 545 quondam
761 497 820 535 111
858 511 965 544 suus,
1007 498 1165 537 seisitus
1204 499 1281 537 fuit
1320 503 1469 548 postea,
1511 500 1639 538 eidem
1671 500 1806 539 Avicie
1836 500 1997 549 plenam
2027 499 2216 538 seisinam

520 557 663 596 habere
701 559 834 598 faciat.
912 560 1026 598 Teste
1066 566 1109 599 ut
1149 574 1281 610 supra.

628 681 717 717 [aar.
776 682 833 717 De
865 681 1020 728 placitis
1062 683 1166 725 infra
1205 683 1375 718 honorem
1424 684 1465 718 (Ie
1516 682 2109 720 Berclzamsted’.—Mandatum
2156 684 2214 719 est

519 740 691 780 Roberto
729 742 774 779 de
813 743 1026 780 Lexinton’
1063 743 1179 791 quod,
1210 743 1392 791 expedito
1422 743 1563 781 itinere
1594 756 1664 781 suo
1694 743 1735 780 in
1766 743 1959 781 comitatu
1991 743 2211 790 Hertford’,

517 802 548 839 si
588 803 720 852 aliquo
759 805 877 842 modo
915 804 1052 853 possit,
1093 805 1134 841 in
1174 805 1332 854 propria
1370 817 1538 853 persona
1568 805 1728 842 accedat
1758 818 1882 854 usque
1911 805 2211 843 Berchamsted'

516 864 564 901 ad
602 865 748 913 placita
786 878 927 904 corone
955 870 993 904 et
1023 866 1101 903 alia
1130 866 1276 914 placita
1304 879 1379 915 que
1410 866 1658 903 summonita
1693 869 1787 904 sunt
1817 879 1950 904 coram
1981 866 2213 917 justiciariis

514 926 616 974 regis
672 927 956 965 itinerantibus
1012 928 1116 965 infra
1165 928 1357 965 honorem
1405 928 1452 965 de
1502 927 1841 974 Berchamested’,
1891 928 2120 977 placitanda
2176 931 2214 966 et

514 988 779 1026 terminanda.
856 989 924 1034 Et,
965 990 997 1027 si
1042 990 1142 1027 forte
1186 1002 1253 1037 per
1301 1002 1339 1027 se
1387 989 1519 1037 ipsum
1567 989 1607 1026 id
1654 989 1781 1027 facere
1828 1002 1908 1028 non
1957 990 2094 1039 possit,
2144 1003 2213 1039 per

513 1061 638 1086 unuin
676 1050 737 1087 vel
775 1051 872 1088 duos
911 1051 957 1088 de
996 1051 1111 1089 sociis
1149 1051 1230 1088 suis
1267 1050 1500 1100 justiciariis
1551 1050 1705 1088 domini
1744 1051 1846 1100 regis
1885 1051 1924 1089 id
1958 1051 2044 1090 fieri
2074 1051 2209 1090 faciat.

513 1110 627 1149 Teste
665 1116 709 1150 111
748 1125 878 1161 supra.
955 1113 1030 1151 Per
1069 1113 1376 1150 Karleolensem.

626 1234 696 1270 Pru
731 1235 857 1270 abbate
892 1236 934 1270 dc
968 1235 1074 1270 Belca
1110 1235 1216 1278 lmen,
1252 1235 1293 1269 dv
1326 1234 1579 1280 assijmatlnne
1616 1235 1774 1282 quinque
1804 1241 2068 1271 caruratarmn
2102 1242 2208 1273 terre.

511 1294 648 1331 —Rex
685 1295 907 1333 vicecomiti
945 1295 1157 1344 &uhainpt’
1192 1294 1376 1332 salutem.
1434 1294 1683 1343 Precipimus
1723 1294 1794 1332 tibi
1833 1295 1950 1344 (111011,
1990 1297 2209 1346 assumptis

511 1358 642 1393 tecum
682 1357 889 1394 duodecim
928 1357 973 1394 de
1012 1355 1310 1394 discretioribus
1349 1360 1386 1393 et
1429 1355 1624 1404 legalibus
1672 1355 1871 1394 militibus
1920 1357 1966 1394 de
2013 1357 2208 1396 comitatu

510 1420 578 1454 tuo
652 1418 698 1456 de
772 1419 926 1456 visneto
1002 1418 1109 1455 Nove
1185 1417 1347 1455 Foreste
1422 1420 1569 1463 nostre,
1645 1417 1831 1455 similiter
1897 1421 1935 1456 et
2009 1418 2208 1457 viridariis

506 1480 544 1515 et
601 1479 817 1517 forestariis
882 1480 928 1517 de
994 1479 1107 1517 feodo
1173 1479 1219 1516 de
1285 1479 1422 1516 eadem
1489 1479 1648 1525 foresta,
1715 1478 1860 1529 quibus
1925 1480 2207 1519 mandavimus

505 1541 609 1588 1111011
648 1542 697 1578 ad
736 1542 972 1579 mandatum
1013 1546 1127 1579 tuum
1177 1540 1295 1579 certis
1336 1540 1398 1578 die
1453 1544 1491 1578 et
1539 1541 1637 1587 1000,
1680 1554 1778 1590 quos
1823 1541 1880 1580 eis
1930 1542 2029 1580 scire
2068 1542 2204 1596 facies,

507 1601 577 1639 tibi
617 1608 825 1641 occurrant
864 1604 911 1640 ad
952 1607 1184 1652 preceptum
1226 1606 1410 1640 nostrum
1459 1603 1704 1641 audiendum
1750 1606 1789 1641 et
1832 1604 2124 1654 exequendum,
2164 1605 2206 1642 in

505 1665 663 1713 propria
696 1678 865 1714 persona
896 1668 965 1703 tua
995 1665 1157 1703 accedas
1191 1665 1240 1702 ad
1271 1665 1483 1714 planitiem
1518 1665 1631 1702 illam
1671 1678 1745 1715 (1110
1778 1668 1837 1703 est
1869 1665 1974 1704 inter
2008 1666 2204 1715 capellam

506 1727 642 1765 Sancti
681 1727 879 1766 Leonardi
930 1732 968 1765 et
1010 1727 1148 1765 villam
1189 1727 1236 1764 de
1282 1727 1549 1776 Baddeslegh'
1599 1728 1714 1777 juxta
1759 1730 1955 1765 costeram
2006 1728 2128 1766 maris
2166 1732 2205 1766 et

505 1800 573 1835 per
610 1788 739 1826 visum
798 1792 836 1826 et
884 1791 1182 1826 sacramentum
1248 1788 1518 1837 predictorum
1580 1787 1775 1834 militum,
1821 1788 2101 1827 viridariorum
2166 1793 2205 1828 et

505 1849 803 1888 forestariorum
860 1851 1055 1899 assignari
1115 1851 1238 1890 facias
1295 1850 1450 1889 dilectis
1508 1850 1623 1889 nobis
1682 1851 1722 1888 in
1777 1851 1938 1890 Christo
1983 1851 2117 1890 abbati
2166 1856 2205 1890 et

504 1912 712 1950 monachis
750 1913 795 1950 de
835 1913 946 1950 Bello
979 1915 1083 1951 Loco
1122 1913 1171 1950 ad
1201 1912 1337 1950 minus
1367 1915 1658 1951 nocumentum
1689 1913 1864 1962 predicte
1894 1913 2038 1952 foreste
2069 1917 2205 1952 nostre

503 1974 676 2023 quinque
725 1979 928 2013 carucatas
973 1981 1072 2012 terre
1130 1975 1176 2012 de
1225 1975 1386 2024 propria
1453 1978 1557 2012 terra
1618 1978 1755 2013 nostra
1804 1975 1850 2013 de
1901 1974 2042 2013 bruera
2092 1979 2203 2014 extra

502 2041 731 2085 coopertum
771 2038 948 2086 ejusdem
989 2039 1132 2075 foreste
1168 2038 1209 2074 in
1245 2042 1397 2075 costera
1435 2037 1571 2075 maris.
1632 2037 1736 2083 Quia
1784 2050 1875 2075 vero
1923 2050 2004 2075 non
2043 2041 2201 2076 constat

502 2097 627 2143 nobis,
669 2112 739 2137 nec
778 2100 892 2148 plene
930 2099 1044 2137 nobis
1085 2103 1216 2149 potest
1264 2104 1446 2138 constare
1500 2099 1585 2136 sine
1639 2099 1726 2136 visu
1772 2103 1810 2137 et
1861 2099 2093 2138 testimonio
2132 2103 2201 2138 tuo

501 2165 539 2197 et
578 2161 846 2209 predictorum
899 2162 1090 2208 militum,
1140 2162 1420 2199 viridariorum
1469 2165 1507 2199 et
1559 2161 1861 2199 forestariorum
1914 2162 1975 2199 vel
2028 2161 2199 2200 aliorum

501 2222 678 2260 fidelium
745 2228 973 2262 nostrorum
1031 2225 1080 2262 ad
1137 2224 1212 2262 hoc
1277 2224 1508 2268 electorum,
1569 2228 1665 2272 quot
1731 2236 1820 2261 acre
1887 2224 2089 2262 sufficiant
2152 2225 2201 2262 ad

501 2298 821 2335 unamquamque
851 2292 1077 2324 carucatam
1108 2286 1378 2336 predictarum
1409 2289 1687 2324 carucatarum
1718 2290 1832 2330 terre,
1856 2285 1928 2323 tibi
1958 2286 2200 2335 precipimus

499 2347 602 2395 (111011
641 2348 682 2384 111
722 2349 810 2392 fide,
851 2361 928 2397 qua
968 2353 1010 2386 tu
1049 2352 1087 2386 et
1127 2348 1293 2398 predicti
1332 2348 1496 2392 milites,
1532 2348 1709 2385 viridarii
1753 2351 1792 2385 et
1840 2348 2039 2386 forestarii
2084 2348 2199 2387 nobis

501 2409 704 2455 tenemini,
746 2410 941 2458 predictas
980 2411 1154 2460 quinque
1193 2414 1400 2449 carucatas
1447 2414 1548 2448 terre
1596 2410 1730 2448 taliter
1772 2414 1811 2447 et
1863 2413 1946 2447 tani
1997 2410 2199 2456 distincte,

500 2470 665 2509 discrete
717 2476 755 2509 et
807 2476 939 2521 aperte
987 2476 1025 2510 et
1064 2485 1131 2521 per
1181 2473 1281 2510 tales
1328 2479 1455 2510 certas
1503 2471 1664 2517 divisas,
1729 2475 1871 2517 metas,
1915 2471 2108 2510 terminos
2160 2475 2198 2510 et

500 2532 653 2571 bundos
691 2534 746 2571 eis
785 2534 979 2582 assignari
1018 2534 1154 2580 facias,
1196 2534 1298 2572 sicut
1349 2538 1391 2572 tu
1433 2541 1471 2571 et
1509 2533 1676 2582 predicti
1725 2533 1889 2579 milites,
1930 2533 2110 2570 viridarii
2158 2537 2198 2572 et

500 2595 695 2632 forestarii
733 2608 802 2644 pro
848 2598 884 2633 te
922 2600 960 2633 et
1005 2595 1215 2634 heredibus
1262 2595 1342 2634 tuis
1387 2599 1425 2632 et
1470 2595 1547 2643 ipsi
1591 2607 1662 2644 pro
1701 2608 1741 2632 se
1780 2598 1818 2632 et
1857 2594 2069 2632 heredibus
2115 2596 2197 2633 suis

499 2657 757 2695 warantizare
795 2658 999 2696 volueritis
1037 2658 1353 2707 assignationem
1393 2657 1663 2706 predictarum
1701 2657 1878 2706 quinque
1918 2661 2198 2695 carucatarum

501 2722 599 2756 terre
638 2732 772 2757 versus
824 2733 896 2757 nos
933 2725 971 2757 et
1009 2721 1170 2758 heredes
1202 2724 1372 2765 nostros,
1410 2720 1466 2757 ita
1504 2720 1608 2768 quod
1656 2719 1878 2768 assignatio
1926 2719 2009 2765 illa,
2052 2732 2121 2768 per
2159 2723 2196 2757 te

498 2785 536 2817 1-1
572 2794 640 2829 per
677 2781 872 2830 predictos
912 2781 1073 2826 milites,
1105 2782 1313 2820 viridarios
1343 2786 1380 2819 et
1411 2781 1641 2819 forestarios
1670 2781 1725 2818 eis
1755 2781 1874 2826 facta,
1912 2793 1993 2818 non
2032 2781 2194 2819 excedat

500 2856 710 2880 numerum
750 2844 923 2892 quinque
957 2848 1234 2882 carucatarum
1265 2847 1377 2888 terre,
1412 2843 1469 2880 ita
1500 2848 1634 2880 tamen
1672 2843 1778 2892 quod
1812 2842 1986 2891 predicte
2017 2842 2193 2892 quinque

498 2908 679 2943 carucate
745 2909 846 2943 terre
902 2906 957 2943 eis
1022 2906 1138 2954 plene
1186 2906 1454 2954 assignentur.
1515 2905 1616 2943 Cum
1674 2908 1810 2942 autem
1873 2904 2192 2953 assignationem

498 2967 765 3014 predictarum
799 2967 974 3016 quinque
1013 2975 1289 3006 carucatarum
1328 2971 1428 3005 terre
1468 2972 1510 3004 tu
1545 2972 1584 3004 et
1623 2966 1789 3015 predicti
1819 2965 1983 3011 milites,
2016 2967 2192 3004 viridarii

498 3032 536 3065 et
571 3029 767 3066 forestarii
800 3029 854 3066 eis
890 3029 1063 3067 feceritis
1094 3043 1163 3078 per
1200 3032 1327 3067 certas
1367 3028 1514 3066 divisas
1553 3032 1591 3066 et
1640 3031 1780 3073 metas,
1827 3027 1930 3066 sicut
1969 3028 2193 3076 predictum

497 3094 567 3134 est,
606 3089 720 3127 nobis
759 3090 856 3127 scire
895 3091 1017 3128 facias
1057 3090 1130 3128 sub
1169 3090 1300 3140 sigillo
1330 3094 1398 3128 tuo
1446 3094 1483 3128 et
1513 3089 1656 3138 sigillis
1691 3089 1961 3137 predictorum
1997 3089 2189 3136 militum,

497 3151 774 3189 viridariorum
806 3155 844 3189 et
882 3151 1198 3197 forestariorum,
1234 3165 1302 3201 per
1355 3164 1453 3201 quos
1496 3151 1700 3197 terminos,
1751 3151 1899 3189 divisas
1945 3154 1984 3188 et
2036 3150 2191 3189 bundos

497 3212 669 3259 predicte
734 3213 909 3261 quinque
971 3217 1151 3251 carucate
1207 3217 1309 3251 terre
1374 3226 1442 3261 per
1490 3217 1527 3250 te
1573 3216 1611 3250 et
1661 3225 1729 3261 per
1779 3211 1978 3261 predictos
2028 3212 2190 3259 milites,

496 3273 702 3311 virid-arios
740 3280 778 3311 et
817 3274 1044 3312 forestarios
1082 3275 1137 3312 eis
1167 3275 1316 3312 fuerint
1350 3275 1563 3323 assignate.
1623 3274 1759 3311 Talem
1798 3273 1921 3322 igitur
1958 3276 1997 3311 et
2033 3276 2189 3312 tantam

496 3335 748 3384 diligentiam
786 3338 828 3373 tu
867 3338 905 3374 et
944 3336 1110 3385 predicti
1149 3336 1314 3382 milites,
1357 3336 1535 3375 viridarii
1573 3339 1612 3374 et
1656 3335 1867 3382 forestarii,
1902 3334 2046 3385 quibus
2085 3336 2190 3374 idem
