2375 3587
221 166 302 206 116

276 296 422 344 1235.

291 362 352 404 [m.
366 362 413 402 7.·J

1141 165 1326 209 GLOSE
1370 165 1573 209 ROLLS.

625 363 865 401 Mandatum
904 365 964 402 est
1003 363 1155 401 Thome
1175 361 1222 399 de
1259 361 1399 399 Mulet'
1438 361 1543 410 quod
1581 359 1727 398 habere
1766 360 1887 399 faciat
1927 362 2055 400 eidem
2102 375 2204 412 61116-

514 436 611 474 copo
650 425 785 463 decem
824 437 958 463 cervos
992 425 1032 462 in
1071 424 1218 462 foresta
1251 422 1299 461 de
1332 422 1552 472 Egelwod’,
1589 422 1636 460 de
1669 422 1774 460 dono
1811 422 1928 472 regis.
2006 424 2123 462 Teste
2161 427 2206 462 ut

516 499 646 536 supra.
706 486 781 524 Per
818 486 1001 526 eundem.

623 595 701 631 Pro
736 596 945 631 Eustaclcio
975 595 1018 630 de
1046 590 1561 630 mmmmm-Mandatum
1598 592 1657 628 est
1687 589 1844 629 ballivis
1876 590 2016 631 Sancti
2055 592 2207 631 Botulfi

513 655 618 704 quod
650 655 757 702 vina,
797 668 871 705 que
903 655 1098 694 Ricardus
1144 653 1252 691 filius
1301 651 1517 690 Alexandri
1563 651 1730 690 arestari
1777 652 1872 690 fecit
1919 653 1962 691 in
2013 654 2208 693 nundinis

514 716 653 755 Sancti
683 717 834 755 Botulfi
869 730 937 766 per
973 718 1204 766 preceptum
1243 714 1346 763 regis
1377 713 1484 763 quod
1513 713 1570 752 eis
1601 713 1694 751 inde
1728 713 1854 761 misit,
1877 727 1922 752 eo
1960 715 2066 764 quod
2099 715 2207 754 idem

514 778 708 816 Ricardus
764 779 918 817 dicebat
973 778 1068 817 vina
1111 777 1181 815 illa
1227 779 1363 825 empta
1411 775 1535 813 fuisse
1580 775 1628 813 de
1669 775 1844 814 denariis
1891 776 1940 814 R.
1980 777 2017 815 16
2066 777 2208 828 Bigod,

513 840 672 879 comitis
701 841 827 887 Norf',
867 854 966 890 quos
1003 840 1134 878 dictus
1171 851 1303 877 comes
1340 837 1376 876 ei
1409 837 1593 875 liberavit
1630 837 1680 875 ad
1716 837 1811 876 vina
1857 838 1907 876 ad
1946 851 2046 888 opus
2089 852 2208 878 suum

513 903 694 949 emenda,
740 906 779 941 et
823 916 921 952 quos
972 902 1154 940 denarios
1211 900 1312 939 Galo
1360 899 1408 937 de
1455 899 1623 937 Nonetis
1678 899 1714 937 ei
1769 899 1949 947 abstulit,
1996 903 2041 939 ut
2096 901 2207 949 dicit,

514 967 552 1002 et
587 978 661 1014 que
700 965 794 1003 vina
830 965 936 1002 idem
975 976 1108 1002 6011166
1141 975 1275 1001 corani
1313 974 1403 1011 rege
1442 963 1686 1010 protestatus
1716 964 1775 1000 est
1804 975 1888 1000 esse
1918 962 2131 1002 Eustachii
2161 964 2208 1002 de

516 1026 732 1064 Dunewico
769 1028 809 1064 et
846 1039 926 1064 non
966 1039 1049 1071 sua,
1086 1025 1214 1063 eidem
1253 1022 1476 1062 Eustachio
1516 1023 1601 1061 sine
1634 1023 1828 1062 dilatione
1866 1024 2017 1063 faciant
2050 1025 2210 1064 liberari

516 1088 725 1138 et'ipsum
764 1101 810 1126 ea
847 1100 924 1138 quo
962 1087 1132 1126 voluerit
1170 1085 1363 1124 abducere
1401 1084 1623 1135 permittat.
1681 1085 1798 1124 Teste
1836 1088 1881 1125 ut
1919 1099 2053 1136 supra.

622 1198 700 1233 Pro
737 1197 903 1245 episcopo
934 1194 1347 1233 Londoniensi.—Rex
1377 1192 1613 1243 perdonavit
1642 1192 1691 1231 R.
1722 1192 1997 1232 Londoniensi
2026 1194 2211 1245 episcopo

515 1257 568 1295 xl.
615 1270 782 1303 marcas,
830 1270 905 1306 que
951 1256 1000 1294 ab
1044 1269 1089 1295 eo
1133 1256 1350 1305 exiguntur
1394 1267 1462 1304 per
1511 1254 1872 1293 summonitionem
1923 1255 2120 1294 866666111
2164 1257 2211 1295 (16

516 1320 664 1357 auxilio
711 1320 815 1369 quod
862 1319 944 1368 regi
991 1318 1187 1357 concessit
1234 1317 1441 1356 occasione
1488 1329 1627 1366 guerre
1673 1319 1782 1355 mote
1829 1317 1934 1355 inter
1980 1331 2114 1367 regem
2172 1322 2211 1357 et

515 1382 703 1420 comitem
749 1383 794 1419 R.
836 1381 1134 1419 Mai-escallum.
1204 1380 1260 1418 Et
1298 1379 1538 1418 mandatum
1568 1381 1629 1417 est
1667 1378 1884 1417 baronibus
1917 1380 1964 1417 de
2005 1380 2211 1419 866666110

512 1444 617 1493 (111οᾶ
656 1444 703 1481 (16
736 1443 924 1493 predictis
962 1443 1014 1481 xl.
1053 1442 1199 1480 marcis
1237 1441 1371 1491 ipsum
1409 1441 1591 1491 quietum
1630 1453 1715 1479 esse
1749 1440 1910 1480 faciant.
1972 1441 2089 1480 Teste
2120 1455 2210 1492 rege

514 1506 619 1555 apud
658 1505 1076 1550 Westmonasterium,
1106 1504 1191 1554 xiij.
1229 1504 1291 1541 die
1329 1502 1443 1541 Julii.

623 1615 679 1650 De
707 1615 828 1650 damis
856 1611 1269 1650 ‹Iau's.—Mandat11m
1298 1612 1358 1649 est
1384 1610 1564 1648 Johanni
1590 1610 1637 1648 de
1663 1609 1841 1648 Monem’
1872 1611 1976 1660 quod
2004 1611 2212 1660 permittat

514 1676 564 1713 E.
605 1675 935 1713 Cantuariensem
974 1674 1318 1723 archiepiscopum
1356 1684 1493 1722 capere
1531 1685 1596 1710 xx.
1632 1672 1772 1710 damos
1811 1672 1853 1710 in
1892 1673 2005 1712 Nova
2043 1673 2210 1713 Foresta

515 1737 630 1786 regis,
670 1737 717 1775 de
755 1737 859 1775 dono
897 1737 1013 1785 regis.
1073 1736 1188 1774 Teste
1225 1738 1271 1773 ut
1308 1747 1440 1784 supra.

622 1816 777 1854 Eodem
816 1816 936 1854 modo
974 1814 1161 1854 scribitur
1198 1813 1377 1853 Johanni
1415 1814 1462 1852 (16
1502 1813 1640 1853 Venuz
1680 1813 1728 1852 de
1766 1826 1804 1853 v.
1840 1813 1970 1852 damis
2008 1814 2050 1852 in
2090 1813 2212 1853 ballia

518 1890 613 1916 ΞΜ.
731 1939 1037 1978 Constabulario
1065 1939 1112 1977 de
1140 1938 1332 1976 Windles⁷
1362 1938 1410 1976 (16
1438 1950 1475 1976 v.
1503 1937 1634 1975 damis
1663 1937 1705 1975 in
1736 1936 1883 1975 foresta
1911 1938 1958 1976 de
1988 1938 2209 1977 Windles':

731 2002 884 2040 Thome
921 2001 968 2039 de
1008 2000 1236 2050 Sampford'
1275 2001 1322 2038 de
1360 2013 1425 2038 xx.
1463 1999 1592 2038 damis
1625 1999 1667 2037 in
1706 1999 1853 2038 foresta
1890 1999 1937 2038 de
1967 2000 2153 2039 Braden'.

624 2112 701 2147 Pro
739 2110 915 2147 (Iohanne
953 2111 995 2146 de
1033 2108 1359 2146 Balsama—Rex
1395 2106 1632 2156 perdonavit
1659 2107 1840 2145 Johanni
1869 2106 1917 2145 de
1945 2106 2116 2146 Bailloel
2145 2121 2210 2146 xx.

514 2184 669 2209 11161666
713 2172 761 2209 6(1
813 2184 910 2221 (11166
959 2171 1200 2209 amerciatus
1250 2170 1328 2208 fuit
1375 2181 1510 2208 coram
1559 2181 1650 2218 rege
1699 2181 1770 2218 pro
1823 2168 2212 2217 transgressionibus

514 2233 630 2271 factis
670 2233 716 2270 R.
756 2232 1056 2271 Dunholmensi
1092 2232 1278 2281 episcopo
1316 2234 1457 2269 contra
1505 2242 1644 2280 pacem
1684 2230 1801 2279 regis.
1877 2230 1933 2268 Et
1971 2231 2211 2269 mandatum

514 2298 573 2332 est
603 2294 818 2332 baronibus
848 2295 894 2332 de
927 2294 1132 2333 866666110
1160 2294 1265 2344 quod
1298 2293 1431 2342 ipsum
1466 2292 1513 2330 de
1546 2292 1736 2341 predictis
1766 2305 1829 2330 xx.
1854 2292 2000 2331 marcis
2030 2292 2211 2342 quietum

515 2369 598 2394 esse
636 2357 801 2395 faciant.
879 2356 994 2395 Teste
1032 2369 1122 2405 rege
1160 2355 1265 2405 apud
1297 2353 1720 2400 Westmonasterium,
1758 2353 1859 2403 xiiij.
1891 2353 1953 2392 die
1988 2354 2102 2392 Julii.

628 2465 700 2500 Pro
731 2466 857 2501 abbate
886 2466 927 2500 de
957 2461 1512 2512 Fiscampnis.—Mandatum
1542 2463 1602 2499 est
1636 2461 1684 2499 R.
1716 2460 1854 2499 comiti
1881 2460 2080 2499 Cornubie
2109 2461 2214 2511 quod

516 2525 685 2574 singulis
740 2526 869 2572 6111116,
937 2525 1131 2575 quamdiu
1186 2528 1289 2563 terre
1344 2537 1419 2574 que
1482 2523 1648 2561 fuerunt
1705 2523 1906 2561 Johannis
1961 2523 2008 2561 (16
2072 2523 2211 2562 Β1606’

514 2587 719 2625 extiterint
768 2588 809 2624 in
860 2600 984 2624 manu
1022 2600 1106 2633 sua⁷
1145 2587 1266 2625 faciat
1304 2585 1448 2624 habere
1500 2584 1649 2623 ballivo
1682 2583 1838 2622 abbatis
1876 2585 1924 2623 de
1958 2584 2212 2635 Fiscampnis

514 2651 563 2688 ad
608 2663 707 2698 opus
745 2650 923 2699 ejusdem
971 2649 1126 2688 abbatis
1179 2663 1215 2686 v.
1263 2649 1402 2686 damos
1454 2647 1496 2684 in
1544 2647 1583 2685 la
1638 2659 1770 2696 gresse
1814 2649 1853 2685 et
1903 2660 1941 2685 v.
1991 2646 2131 2685 damas
2169 2647 2211 2685 in

514 2711 733 2749 fermisona
770 2711 811 2748 in
860 2711 1006 2749 foresta
1050 2711 1190 2750 Sancti
1221 2710 1436 2756 Leonardi,
1483 2721 1581 2758 quos
1630 2708 1736 2746 idem
1776 2708 1984 2747 Johannes
2033 2709 2212 2758 predicto

515 2773 649 2811 abbati
701 2773 871 2822 singulis
920 2773 1039 2811 annis
1090 2773 1250 2811 reddere
1289 2770 1501 2810 tenebatur
1539 2783 1607 2820 per
1649 2770 1773 2808 finem
1810 2770 1917 2808 inter
1953 2783 2019 2809 606
2057 2771 2212 2809 factum

516 2835 557 2872 in
596 2835 705 2873 curia
743 2834 896 2872 domini
935 2835 1051 2884 regis.
1130 2835 1247 2872 Teste
1286 2836 1331 2872 ut
1370 2845 1502 2882 supra.

625 2939 703 2975 Pro
731 2939 896 2986 episcopo
931 2936 1340 2985 Wissorniensi.—Rex
1369 2934 1606 2985 perdonavit
1635 2934 1696 2973 W.
1726 2933 2000 2983 Wigorniensi
2029 2934 2213 2985 episcopo

516 3014 550 3040 c.
584 2999 720 3045 libras,
758 3012 833 3048 (1116
872 2998 921 3036 ab
959 3011 1004 3036 eo
1044 2998 1261 3047 exiguntur
1298 3011 1367 3047 per
1416 2995 1776 3035 summonitionem
1817 2995 2028 3042 Scaccarii,
2069 2999 2107 3035 et
2144 3009 2213 3046 per

515 3075 614 3112 quos
652 3061 775 3098 finem
814 3060 908 3098 fecit
946 3072 1037 3098 cum
1077 3073 1167 3109 rege
1216 3062 1261 3097 ut
1310 3060 1469 3108 quietus
1517 3060 1621 3096 esset
1669 3057 1716 3095 de
1754 3056 1954 3095 militibus
2002 3057 2213 3097 mittendis

516 3126 557 3162 in
597 3123 787 3162 Walliam
844 3123 886 3160 in
943 3135 1085 3171 guerra
1136 3134 1263 3171 nuper
1311 3124 1422 3160 mota
1471 3120 1577 3158 inter
1630 3131 1765 3168 regem
1822 3122 1861 3157 et
1917 3119 1965 3156 R.
2023 3120 2212 3158 comitem

516 3184 814 3224 Marescallum.
888 3183 943 3221 Et
1002 3184 1241 3221 mandatum
1298 3185 1358 3221 est
1415 3180 1633 3220 baronibus
1682 3180 1729 3217 de
1787 3179 1994 3219 866666110
2023 3181 2128 3230 (111οᾶ
2165 3181 2212 3220 (16

515 3247 703 3298 predictis
742 3258 775 3285 6.
819 3244 931 3284 libris
970 3245 1104 3296 ipsum
1143 3245 1375 3296 episcopum
1421 3243 1604 3295 quietum
1643 3254 1727 3281 esse
1771 3240 1936 3280 faciant.
2013 3243 2130 3281 Teste
2168 3247 2213 3282 ut

517 3323 648 3363 supra.
