2375 3587
207 304 351 354 1235.

217 371 277 411 [m.
295 372 343 411 8.]

1106 188 1158 229 19
1201 187 1407 230 HENRY
1448 191 1529 232 III.
2062 197 2143 240 109

554 380 688 420 Habet
737 382 829 421 inde
876 383 1011 423 literas
1058 386 1242 434 patentes
1290 386 1396 425 idem
1445 387 1672 427 Willelmus
1726 390 1939 429 ‘omnibus
1978 394 2066 431 etc.’
2107 397 2146 432 et

445 441 589 491 ‘priori
618 446 657 482 et
690 444 923 492 canonicis,’
954 458 1024 496 per
1053 446 1168 486 breve
1207 448 1318 498 prius
1356 448 1449 487 inde
1487 449 1683 489 directum
1722 452 1948 492 vicecomiti
1988 454 2143 501 Norht’,

441 504 546 554 quod
585 508 645 544 est
687 505 727 543 in
768 507 899 546 rotulo
935 508 1095 547 finium.

549 593 606 628 De
661 594 782 630 damis
838 595 1253 634 ‹latia—Mandatum
1306 599 1366 635 est
1412 597 1712 637 constabulario
1765 600 1905 639 Sancti
1954 602 2145 641 Briavelli

440 654 545 703 quod
583 654 624 692 in
660 654 808 694 foresta
845 657 892 694 de
922 657 1025 696 Den'
1067 658 1189 697 faciat
1218 658 1365 697 habere
1399 660 1584 710 episcopo
1615 661 1901 701 Herefordensi
1935 678 1971 702 v.
2005 665 2144 703 damos

439 715 487 753 de
526 716 630 755 dono
663 717 780 766 regis.
841 718 958 757 Teste
999 732 1089 769 rege
1128 721 1236 769 apud
1274 720 1524 768 Wudestok‘,
1567 736 1658 761 xxv.
1699 724 1761 762 die
1801 725 1929 763 Junii.

546 805 604 841 De
650 806 763 842 ceri-is
810 807 1001 854 capiendis
1049 809 1098 843 acl
1145 821 1235 855 opus
1283 809 1689 856 reaia—Mandatum
1737 814 1797 849 est
1847 812 2051 851 Willelmo
2098 815 2145 851 de

438 865 769 916 Edmundestrop
813 868 917 917 quod
972 868 1223 907 Willelmum
1275 870 1322 908 de
1372 870 1603 920 Senegton‘,
1657 885 1776 922 quem
1824 887 1891 912 rex
1929 875 2057 913 mittit
2096 877 2143 913 ad

437 939 529 965 eum
568 928 617 966 ad
655 929 896 978 capiendum
935 930 984 968 ad
1022 943 1122 980 opus
1160 931 1263 980 regis
1311 932 1410 970 duos
1463 945 1611 979 cervos,
1662 934 1729 984 qui
1783 940 1878 973 sunt
1929 936 1968 973 in
2023 936 2144 976 1131113

437 1001 510 1027 0113
548 989 589 1027 in
619 989 781 1029 bruillio
810 1004 931 1042 prope
969 992 1234 1039 Wintoniam‚
1264 993 1368 1032 sicut
1407 1007 1474 1032 rex
1512 995 1680 1042 audivit,
1713 997 1761 1034 ad
1790 997 1865 1036 hoc
1904 998 2068 1047 recipiat
2106 1004 2145 1038 et

438 1051 486 1089 ad
524 1051 599 1091 hoc
637 1052 690 1091 sit
728 1053 763 1091 ei
802 1054 844 1091 in
884 1054 1096 1094 auxilium.
1173 1055 1290 1094 Teste
1328 1060 1373 1095 ut
1412 1069 1547 1106 supra.

545 1123 601 1162 Et
640 1124 879 1162 mandatum
919 1127 979 1163 est
1018 1124 1223 1165 Gileberto
1261 1127 1308 1165 de
1356 1127 1560 1166 Pabeham
1608 1130 1712 1178 quod
1760 1129 1809 1168 ad
1856 1129 1962 1180 ipsos
2009 1143 2143 1170 cervos

438 1184 653 1234 capiendos
691 1186 744 1225 sit
781 1185 837 1225 eis
875 1186 918 1225 in
957 1187 1167 1226 auxilium.

547 1275 627 1311 Pro
668 1275 810 1311 leoma
848 1276 929 1319 filio
967 1276 1317 1315 Johamw·s.—Rex
1360 1278 1555 1317 concessit
1604 1279 1757 1317 Thome
1809 1280 1893 1319 filio
1941 1280 2141 1319 ‚Iohannis

436 1337 584 1374 terram
640 1348 734 1374 cum
790 1337 1048 1386 pertinentiis
1104 1351 1227 1388 quam
1276 1339 1478 1378 Walterus
1526 1341 1753 1390 prepositus
1800 1342 1848 1380 de
1896 1342 2139 1381 Maworthin

436 1397 566 1435 tenuit
604 1398 652 1435 de
690 1410 780 1447 rege
817 1398 859 1436 in
897 1399 1098 1449 vilenagio
1136 1400 1178 1438 in
1218 1401 1476 1448 Maworthin,
1517 1401 1744 1441 habendam
1779 1406 1817 1442 et
1848 1405 2063 1442 tenendam
2093 1406 2141 1444 de

435 1471 524 1508 rege
562 1462 601 1497 et
638 1460 851 1498 heredibus
899 1461 981 1499 suis
1028 1462 1156 1501 eidem
1206 1463 1359 1502 Thome
1407 1467 1492 1502 tota
1536 1464 1618 1503 vita
1666 1478 1750 1510 0113,
1801 1466 2000 1505 reddendo
2049 1467 2140 1506 inde

433 1521 516 1570 regi
554 1534 624 1570 per
661 1535 815 1560 annum
847 1536 975 1561 unum
1004 1537 1076 1573 par
1105 1524 1322 1563 calcarium
1352 1526 1634 1565 deauratorum
1665 1528 1726 1565 vel
1761 1541 1828 1565 sex
1857 1528 2041 1567 denarios
2070 1543 2140 1578 pro

432 1584 544 1621 omni
588 1584 765 1623 servicio.
850 1585 906 1624 Et
961 1586 1201 1625 mandatum
1258 1591 1319 1626 est
1375 1588 1601 1627 vicecomiti
1658 1590 1794 1628 Heref’
1851 1591 1957 1640 quod
2012 1591 2139 1630 eidem

433 1646 588 1684 Thome
627 1647 673 1685 de
712 1647 890 1696 predicta
928 1651 1031 1686 terra
1067 1661 1160 1687 cum
1216 1650 1471 1699 pertinentiis
1528 1652 1689 1701 plenam
1749 1652 1939 1691 seisinam
1995 1653 2139 1693 habere

431 1708 566 1755 faciat,
606 1710 710 1749 sicut
748 1710 973 1760 predictum
1011 1715 1084 1750 est.
1164 1713 1279 1751 Teste
1337 1726 1425 1763 rege
1482 1714 1587 1763 apud
1646 1714 1891 1761 Wodestok',
1932 1717 2036 1767 xxvj.
2077 1718 2139 1755 die

432 1770 560 1811 Junii.

543 1861 618 1897 Pro
653 1862 781 1898 abbate
819 1862 860 1897 cle
899 1861 1052 1908 leoe’,
1092 1864 1134 1898 de
1163 1863 1334 1911 piscaria
1372 1865 1692 1912 quadam—Rex
1730 1864 1955 1904 vicecomiti
1994 1866 2137 1906 Glouc’

429 1922 616 1960 salutem.
694 1922 797 1969 Quia
848 1926 1008 1962 constat
1060 1923 1177 1962 nobis
1222 1937 1292 1973 per
1337 1925 1659 1974 inquisitionem,
1714 1940 1835 1976 quam
1888 1941 1911 1966 a
1963 1932 2001 1966 te
2053 1929 2138 1967 fieri

418 1985 693 2034 precepimus,
721 1985 826 2035 quod
856 1986 1055 2024 Radulfus
1086 1986 1279 2033 Musard’,
1309 1990 1487 2037 tempore
1516 2002 1595 2038 quo
1624 1989 1702 2028 fuit
1732 1990 1949 2029 vicecomes
1980 1991 2135 2037 Glouc‘,

427 2046 572 2096 piscari
611 2046 705 2086 fecit
744 2047 785 2085 in
825 2046 997 2096 piscaria
1035 2047 1191 2087 abbatis
1233 2049 1372 2088 Sancti
1413 2050 1520 2088 Petri
1561 2051 1716 2097 Glouc',
1757 2065 1878 2101 quani
1924 2052 2045 2091 habet
2095 2054 2135 2091 in

431 2109 602 2147 Sabrina
632 2109 846 2148 durantem
877 2114 1077 2159 quantum
1118 2116 1222 2149 terra
1252 2112 1422 2150 manerii
1458 2113 1519 2150 sui
1551 2113 1598 2151 de
1631 2114 1774 2152 Rudel’
1807 2128 1846 2153 se
1876 2116 2056 2154 extendit
2091 2130 2136 2154 ex

427 2184 508 2208 una
541 2174 653 2220 parte
693 2184 793 2221 aque
830 2172 1011 2218 Sabrine,
1053 2185 1122 2222 per
1155 2173 1237 2210 vim
1265 2177 1303 2211 et
1331 2174 1582 2212 voluntatem
1615 2188 1728 2213 suam
1763 2179 1802 2214 et
1842 2190 1922 2215 non
1954 2190 1998 2215 eo
2031 2179 2135 2227 quod

427 2234 474 2271 de
511 2234 597 2283 jure
635 2232 763 2283 pessit
801 2234 863 2272 vel
902 2234 1044 2273 debeat
1082 2236 1229 2285 aliquis
1272 2249 1341 2285 pei·
1388 2237 1663 2275 vicecomitem
1712 2238 1857 2286 piscari
1904 2239 1945 2276 in
1995 2253 2053 2285 ea,
2095 2247 2132 2278 et

427 2296 652 2335 Willelnius
706 2297 753 2334 (10
805 2297 929 2336 Putot
979 2297 1167 2336 similiter
1210 2302 1388 2348 tempore
1430 2312 1508 2348 quo
1558 2299 1635 2337 fuit
1684 2300 1902 2339 vicecomes
1954 2302 2133 2351 ejusdem

425 2357 643 2396 comitatus
677 2358 719 2396 in
749 2359 888 2396 eadem
920 2358 1090 2408 piscaria
1122 2360 1216 2398 fecit
1246 2360 1391 2409 piscari
1425 2361 1564 2399 eodem
1600 2361 1719 2399 modo
1748 2375 1826 2411 quo
1861 2366 1900 2401 et
1935 2363 2134 2401 Radulfus

425 2419 626 2465 Musard';
658 2423 697 2457 et
734 2420 840 2468 quod
880 2420 1017 2458 nullus
1056 2421 1103 2459 (10
1141 2422 1228 2471 jure
1267 2425 1398 2471 preter
1436 2422 1686 2460 voluntatem
1726 2422 1852 2472 ipsius
1891 2423 2047 2463 abbatis
2092 2426 2133 2463 in

423 2493 469 2518 ea
515 2481 659 2530 piscari
706 2480 847 2527 debet3
914 2481 987 2520 tibi
1041 2483 1285 2532 precipimus
1342 2484 1447 2533 quod
1504 2484 1685 2522 decetero
1742 2485 1783 2522 in
1839 2485 2010 2535 piscaria
2066 2487 2134 2525 illa

423 2543 663 2582 auctoritate
701 2546 832 2582 vestra
876 2544 939 2582 vel
984 2545 1194 2583 voluntate
1247 2548 1317 2583 tua
1364 2545 1524 2595 propria
1571 2546 1715 2595 piscari
1762 2560 1842 2585 non
1891 2547 2013 2586 facias
2062 2561 2133 2587 nec

422 2605 633 2654 permittas
683 2606 789 2655 quod
841 2606 987 2656 aliquis
1039 2607 1141 2646 alius
1187 2611 1318 2657 preter
1362 2608 1615 2646 voluntatem
1661 2612 1700 2647 et
1749 2609 1955 2648 licentiam
2007 2611 2132 2660 ipsius

421 2666 578 2706 abbatis
627 2668 667 2705 in
720 2681 766 2705 ea
814 2668 959 2717 piscari
1011 2668 1146 2716 faciat,
1186 2673 1245 2708 set
1290 2669 1423 2719 ipsum
1473 2670 1644 2719 piscaria
1695 2671 1873 2719 predicta
1918 2671 2039 2710 libere
2089 2676 2127 2710 et

420 2729 505 2767 sine
543 2729 833 2779 impedimento
869 2730 928 2768 uti
978 2731 1203 2780 permittas,
1245 2732 1347 2769 sicut
1398 2731 1561 2769 abbates
1614 2733 1791 2781 predicte
1834 2732 1990 2771 abbatie
2042 2747 2129 2772 eain

420 2790 564 2829 habere
616 2795 911 2830 consueverunt
963 2795 1181 2842 antequam
1233 2793 1488 2831 vicecomites
1541 2794 1708 2842 predicti
1754 2794 1967 2843 piscariam
2018 2796 2129 2833 illam

420 2853 589 2901 ingressi
628 2852 791 2891 fuerunt
829 2866 898 2903 pei·
935 2854 1018 2892 vim
1062 2858 1101 2893 et
1153 2855 1404 2893 voluntatem
1451 2868 1579 2902 suam,
1634 2856 1738 2894 sicut
1789 2856 2013 2905 predictum
2053 2860 2126 2899 est,

421 2914 537 2952 Teste
576 2917 620 2953 ut
660 2928 793 2964 supra.

533 3003 606 3038 Pro
640 3002 784 3039 Cecilz'a
816 3006 988 3052 qetefuz't
1019 3018 1113 3040 zai-or
1159 3005 1336 3041 Willdmi
1370 3005 1402 3040 Ze
1436 3005 1518 3041 Duc
1553 3004 1871 3052 utlagsati.-Rex
1901 3004 2127 3042 vicecomiti

419 3063 559 3102 Glouc'
610 3064 796 3102 salutem.
856 3065 1139 3103 Intelleximus
1187 3079 1256 3115 per
1303 3065 1628 3115 inquisicionem,
1676 3079 1797 3115 (1113111
1855 3065 1938 3103 fieri
1996 3066 2125 3105 fecisti

416 3138 486 3174 per
505 3128 737 3175 preceptum
776 3130 977 3174 nostrum,
1017 3128 1123 3177 quod
1162 3128 1362 3166 Radulfus
1402 3128 1438 3166 le
1475 3128 1576 3173 Duc,
1611 3128 1678 3177 qni
1718 3128 1925 3177 utlagatus
1960 3130 2019 3165 est
2055 3142 2125 3177 pro

415 3192 544 3224 morte
576 3186 756 3225 hominis
790 3189 896 3227 unde
930 3189 1156 3238 appellatus
1191 3189 1281 3235 fuit,
1318 3189 1473 3227 nullam
1510 3189 1640 3227 tenuit
1675 3192 1823 3226 terram
1858 3189 1899 3225 in
1930 3189 2125 3227 comitatu

415 3251 485 3287 tuo
523 3248 687 3287 nomine
726 3262 798 3288 0110
834 3253 873 3288 01
910 3253 955 3288 111
993 3251 1058 3301 jus
1097 3263 1230 3298 suum,
1272 3255 1331 3289 set
1370 3251 1501 3289 tenuit
1535 3263 1602 3288 sex
1641 3263 1753 3289 acras
1788 3253 1890 3288 terre
1924 3253 1963 3288 et
1996 3263 2123 3290 unum

414 3309 668 3359 mesuagium
707 3313 746 3349 et
784 3324 913 3350 unum
952 3312 1127 3351 crottum
1165 3312 1331 3351 nomine
1370 3312 1516 3351 Cecilie
1561 3311 1696 3350 uxoris
1746 3324 1827 3358 sue,
1880 3314 1924 3350 ut
1969 3313 2035 3360 jus
2085 3315 2124 3350 et

411 3371 672 3421 maritagium
719 3373 899 3426 ejusdem
950 3374 1109 3413 Cecilie.
1146 3364 1151 3366 ”
1192 3374 1248 3414 Ε1
1295 3373 1384 3413 ideo
1428 3372 1502 3414 tibi
1549 3372 1794 3423 precipimus
1840 3373 1888 3411 de
1936 3374 2124 3422 predictis

456 3466 471 3492 ’ό
515 3478 529 3493 ε
