2375 3587
209 327 356 375 1234.

205 393 268 433 [m.
303 394 374 434 21.]

1088 201 1141 241 19
1183 199 1391 240 HENRY
1429 199 1512 240 III.
2099 204 2152 244 29

564 397 643 433 Pro
681 398 846 446 quadam
883 396 1215 435 conversa—Rex
1253 396 1410 434 dilectis
1449 398 1488 434 et
1527 395 1712 434 fidelibus
1753 395 1835 434 suis
1883 396 2025 435 Josceo
2072 397 2155 435 filio

454 458 564 496 Petri
620 462 660 497 et
718 458 926 508 Stephano
982 460 1030 497 de
1096 460 1134 497 la
1204 458 1366 498 Strand’
1432 459 1616 496 salutem.
1703 458 1906 496 Mittimus
1975 460 2024 497 ad
2087 473 2156 498 vos

454 520 666 559 Matildem
722 522 971 571 presentium
1027 522 1224 567 latricem,
1283 533 1516 559 conversam
1573 521 1622 558 ad
1680 520 1800 558 fidem
1865 520 2153 559 Christianam.

453 582 572 621 Vobis
619 583 861 622 mandamus
908 584 1013 634 quod
1060 584 1189 633 ipsam
1237 583 1342 621 inter
1397 583 1496 620 alios
1554 595 1765 621 conversos
1822 583 1965 621 domus
2022 595 2155 622 nostre

451 644 581 683 Lond’
641 645 878 692 admittatis,
936 649 976 684 et
1032 646 1109 695 ipsi
1166 645 1269 684 sicut
1325 645 1396 682 uni
1453 645 1500 682 de
1556 644 1645 682 aliis
1712 645 1912 682 conversis
1968 645 2156 694 predictis

451 708 696 746 neccessaria
733 708 964 746 inveniatis.
1039 710 1155 747 Teste
1203 721 1292 757 rege
1340 708 1445 757 apud
1495 707 1692 752 Clarend',
1723 720 1786 744 xv.
1819 707 1880 745 die
1910 707 2154 746 Decembris.

452 770 528 808 Per
565 770 699 820 ipsum
738 783 886 820 regem.

560 858 639 894 Pro
681 859 870 895 (r'ileberto
911 859 1057 903 Basset,
1098 859 1141 894 de
1175 859 1299 905 furcis
1339 856 1754 894 datia—Mandatum
1794 858 1854 894 est
1893 856 2081 895 Michaeli
2111 858 2157 896 de

452 919 681 958 Columbar'
730 921 836 970 quod
885 920 1006 959 faciat
1053 919 1198 958 habere
1247 919 1450 958 Gileberto
1498 919 1640 957 Basset
1688 919 1737 957 ad
1780 932 1820 956 se
1867 919 2155 968 hospitandum

450 983 557 1032 apud
597 982 806 1032 Uphaven’
846 983 1054 1021 duodecim
1094 983 1226 1021 furcas
1264 982 1305 1020 in
1345 981 1466 1020 bailia
1504 993 1588 1020 sua.
1666 981 1782 1019 Teste
1822 984 1866 1020 ut
1906 995 2037 1031 supra.

563 1071 641 1107 Pro
691 1071 894 1108 Isenbardo
952 1073 994 1107 (Ie
1050 1069 1447 1109 stuta—Dominus
1499 1082 1567 1107 rex
1624 1068 1781 1107 remisit
1837 1068 2055 1108 Isenbardo
2111 1071 2157 1108 de

451 1131 581 1170 Fonte
619 1132 944 1181 indignationem
983 1145 1101 1170 suam
1139 1145 1262 1182 quam
1301 1145 1395 1181 erga
1442 1131 1575 1181 ipsum
1615 1131 1797 1180 concepit
1836 1144 1906 1180 pro
1945 1132 2157 1170 venatione

449 1207 572 1244 quam
622 1195 740 1244 cepit,
793 1200 837 1233 ut
886 1194 1047 1240 dicitur,
1098 1195 1140 1232 in
1189 1195 1338 1232 foresta
1376 1194 1423 1232 de
1462 1193 1736 1242 Rokingham.
1822 1193 1878 1231 Et
1916 1194 2156 1233 mandatum

450 1260 509 1295 est
539 1257 719 1296 Johanni
748 1258 795 1296 de
825 1258 970 1296 Nevill'
1006 1258 1110 1307 quod
1143 1260 1305 1307 propter
1337 1257 1412 1296 hoc
1446 1257 1579 1306 ipsum
1614 1255 1880 1294 Isenbardum
1912 1269 1993 1294 non
2027 1261 2155 1305 vexet,

450 1333 522 1359 nec
560 1333 652 1369 erga
690 1320 824 1370 ipsum
863 1320 989 1358 ullam
1028 1323 1169 1370 querat
1204 1319 1468 1358 occasionem.
1555 1319 1671 1357 Teste
1710 1321 1755 1357 ut
1789 1332 1920 1368 supra.

558 1409 615 1445 De
661 1409 801 1456 'majore
851 1409 1020 1456 distendo
1069 1410 1111 1445 ‘in
1160 1409 1252 1445 villa
1309 1407 1578 1445 ‚S'ulet'.—Rex
1627 1405 1760 1456 probis
1798 1406 2032 1445 hominibus
2075 1408 2157 1445 suis

452 1470 682 1519 Suhampt‘.
782 1470 885 1517 Quia
942 1470 1144 1508 Walterus
1196 1469 1339 1508 Fortin
1388 1472 1551 1518 propter
1609 1468 1766 1506 senium
1817 1471 1855 1506 et
1907 1468 2155 1508 debilitatem

449 1546 564 1571 suam
611 1532 787 1571 officium
836 1532 1001 1583 majoris
1048 1532 1281 1581 resignavit,
1323 1532 1427 1570 sicut
1474 1531 1716 1580 quibusdam
1766 1531 1812 1569 de
1863 1531 2004 1569 vestris
2043 1532 2158 1571 nobis

448 1595 713 1633 referentibus
750 1595 1003 1644 accepimus3
1049 1594 1161 1633 vobis
1195 1594 1452 1633 concedimus
1500 1597 1538 1631 et
1584 1593 1790 1631 licentiam
1840 1593 1983 1631 damus
2030 1595 2155 1632 alium

448 1656 559 1695 vobis
597 1657 791 1708 majorem
831 1657 1017 1706 eligendi,
1058 1657 1181 1695 talem
1219 1656 1287 1706 qui
1333 1655 1448 1694 nobis
1496 1655 1626 1693 fidelis
1680 1655 1731 1693 sit
1784 1658 1822 1693 et
1875 1655 1968 1693 ville
2021 1659 2155 1694 nostre

447 1719 559 1757 utilis
597 1722 636 1757 et
675 1719 936 1765 necessarius,
976 1721 1014 1757 et
1049 1719 1124 1756 hoc
1162 1717 1276 1756 vobis
1312 1717 1605 1767 significamus.
1677 1717 1795 1755 Teste
1826 1730 1916 1767 rege
1946 1720 1990 1756 ut
2020 1731 2154 1767 supra.

562 1808 636 1844 Pro
678 1808 864 1844 Willelmo
902 1809 945 1843 de
983 1806 1279 1844 Nee-ill‘.—Rex
1317 1805 1515 1844 concessit
1550 1805 1756 1843 Willelmo
1789 1805 1835 1842 de
1871 1805 2014 1843 Nevill'
2051 1806 2156 1855 quod

446 1869 573 1919 possit
609 1882 766 1907 currere
804 1869 845 1906 in
885 1868 1033 1907 foresta
1070 1868 1118 1906 de
1158 1868 1398 1907 Clarendon'
1439 1880 1531 1906 cum
1566 1866 1733 1905 canibus
1768 1867 1850 1905 suis
1885 1867 1934 1905 ad
1965 1868 2154 1917 leporem,

446 1932 608 1981 vulpem
647 1934 685 1970 et
723 1934 872 1977 catum,
907 1932 1011 1969 sicut
1042 1931 1084 1968 in
1116 1944 1162 1969 ea
1196 1930 1308 1980 prius
1342 1943 1498 1968 currere
1530 1929 1753 1968 consuevit.
1831 1930 1886 1968 Et
1917 1930 2155 1968 mandatum

446 1997 506 2032 est
558 1993 705 2032 ballivo
757 1994 902 2032 foreste
950 1994 998 2032 de
1047 1993 1287 2032 Clarendon'
1328 1993 1434 2043 quod
1474 1993 1609 2042 ipsum
1648 1991 1901 2030 XVillelmum
1936 1992 1978 2029 in
2018 1993 2154 2031 eadem

447 2056 596 2095 foresta
660 2056 710 2094 ad
774 2056 964 2106 leporem,
1031 2056 1194 2105 vulpem
1261 2057 1300 2093 et
1356 2057 1494 2093 catum
1552 2066 1709 2092 currere
1765 2054 1989 2103 permittat,
2049 2055 2153 2094 sicut

445 2118 671 2168 predictum
709 2120 783 2157 est.
869 2118 986 2157 Teste
1020 2131 1110 2168 rege
1148 2121 1193 2157 ut
1232 2130 1365 2167 supra.
1444 2117 1519 2154 Per
1551 2116 1600 2155 G.
1641 2117 1689 2155 de
1730 2116 1985 2155 Craucumb’.

554 2207 633 2243 Pro
690 2207 737 2244 R.
791 2207 1036 2244 szelmensi
1087 2207 1267 2254 episc-opo,
1304 2207 1347 2242 de
1395 2204 1833 2242 damila—Mandatum
1888 2206 1948 2242 est
2000 2205 2155 2243 custodi

446 2268 595 2315 chacie,
646 2281 722 2318 que
773 2268 851 2306 fuit
903 2268 1063 2307 comitis
1112 2268 1268 2314 Glouc’‚
1319 2267 1366 2305 de
1416 2266 1654 2312 Blakedon’,
1697 2266 1803 2316 quod
1849 2265 1994 2304 habere
2034 2267 2154 2305 faciat

445 2330 664 2370 venerabili
698 2330 803 2380 patri
834 2331 882 2369 R.
915 2330 1182 2369 Dunelmensi
1216 2330 1402 2379 episcopo
1434 2332 1513 2367 tres
1547 2329 1686 2366 damas
1719 2328 1760 2365 in
1793 2328 1932 2366 chacia
1963 2329 2152 2378 predicta,

445 2394 493 2432 de
539 2394 644 2431 dono
675 2393 792 2443 regis.
865 2393 983 2432 Teste
1016 2406 1106 2442 rege
1153 2392 1260 2442 apud
1293 2390 1487 2438 Clarend'‚
1538 2391 1619 2441 xvj.
1657 2391 1721 2428 die
1766 2390 2011 2429 Decembris.
2080 2391 2156 2429 Per

447 2456 760 2494 Karleolensem.

556 2545 634 2581 Pro
700 2545 752 2581 E.
821 2545 1008 2581 eomitissa
1095 2541 1644 2581 Sarrisburie.-Mandatum
1718 2543 1778 2578 est
1857 2540 2154 2579 constabulario

446 2606 678 2644 Divisarum
717 2605 822 2656 quod
869 2605 911 2643 in
950 2605 1099 2643 foresta
1137 2605 1184 2643 de
1224 2604 1478 2654 Chippeham
1516 2602 1661 2640 habere
1701 2602 1821 2640 faciat
1862 2603 1911 2640 E.
1953 2603 2155 2641 comitisse

447 2666 692 2707 Sarrisburie
730 2668 829 2705 duas
867 2667 1020 2714 damas,
1060 2670 1098 2705 et
1136 2667 1178 2704 in
1213 2666 1362 2705 foresta
1392 2665 1439 2703 de
1488 2664 1738 2702 Melkesham
1777 2664 1875 2702 duas
1914 2665 2066 2710 damas,
2108 2665 2154 2703 de

445 2729 549 2768 dono
588 2729 705 2779 regis.
764 2729 882 2767 Teste
920 2741 1010 2778 rege
1057 2731 1102 2767 ut
1142 2741 1276 2778 supra.
1334 2727 1410 2765 Per
1444 2726 1493 2765 G.
1530 2726 1578 2763 de
1618 2725 1876 2764 Craucumb'.

555 2826 632 2863 Pro
663 2826 853 2863 canonic-is·
885 2825 1262 2869 Sari-isbariensihus,
1304 2825 1346 2860 de
1383 2821 1847 2859 ‹lec-imis.—Ma11datuin
1877 2827 1937 2859 est
1969 2821 2152 2860 Galfrido

445 2886 642 2937 Esturmy
690 2887 795 2936 quod
846 2887 899 2932 id,
939 2886 1045 2936 quod
1096 2886 1282 2924 canonici
1337 2883 1678 2924 Sarrisburienses
1743 2883 1909 2921 nomine
1983 2884 2148 2930 decime,

444 2949 637 2998 pannagii
702 2952 740 2987 et
807 2948 979 2987 aliorum
1045 2947 1228 2986 exituum
1294 2946 1438 2985 foreste
1503 2945 1550 2983 de
1610 2944 1810 2983 Savernac
1877 2945 2150 2994 temporibus*³

445 3012 771 3061 predecessorum
805 3011 910 3060 regis
946 3023 1084 3059 regum
1125 3009 1269 3059 Anglie
1308 3012 1347 3047 et
1386 3011 1565 3057 tempore
1604 3006 1758 3045 domini
1798 3006 1901 3055 regis
1931 3006 1973 3043 in
2012 3007 2150 3045 eadem

446 3077 593 3116 foresta
662 3074 862 3123 percipere
928 3077 1237 3118 consueverunt,
1306 3071 1363 3109 eis
1432 3069 1576 3107 habere
1633 3068 1754 3106 faciat
1811 3069 1990 3106 decetero
2048 3069 2151 3107 sicut

444 3135 699 3178 habuerunt†
749 3134 998 3184 temporibus
1046 3133 1249 3183 predictis.
1336 3132 1454 3170 Teste
1502 3144 1592 3180 rege
1636 3131 1742 3179 apud
1796 3130 1995 3176 Clarend’‚
2051 3131 2146 3181 xvij.

445 3197 508 3236 die
546 3197 793 3237 Decembris.
1946 3191 1949 3194 “

536 3295 549 3310 *
578 3292 793 3325 Substituted.
810 3293 861 3323 for
879 3297 885 3310 ¹
900 3292 1076 3332 tempore,’
1095 3291 1166 3322 and
1185 3290 1242 3322 the
1260 3289 1370 3321 words
1388 3294 1394 3307 ⁴
1410 3289 1541 3320 domini
1559 3289 1590 3319 J.
1609 3288 1697 3327 regis
1721 3290 1753 3318 et
1770 3286 1916 3317 aliorum
1929 3286 1937 3299 ³
1954 3286 2041 3318 have
2068 3287 2151 3318 been

445 3344 631 3376 cancelled.

534 3399 549 3434 †
570 3395 783 3427 Substituted
801 3396 852 3426 for
870 3399 876 3412 ‘
892 3394 1017 3426 habere
1034 3393 1310 3426 consuevei·unt.⁷

435 3490 449 3521 3
492 3505 509 3523 t
