2375 3587
220 317 363 364 1237.

231 385 288 423 [m.
304 383 352 423 2.]

218 1689 277 1728 [m.
297 1687 344 1730 1.]

1096 186 1148 230 21
1192 190 1397 231 HENRY
1439 190 1521 231 ΠΙ.
2082 193 2164 232 503

455 383 622 422 fuerunt
660 385 827 434 predicti
861 386 1006 435 Rogeri
1042 386 1083 424 in
1119 385 1241 424 ballia
1280 399 1352 424 sua
1385 389 1424 424 et
1462 400 1538 435 que
1577 390 1672 425 sunt
1718 387 1760 425 in
1801 399 1926 425 manu
1961 387 2077 436 regis,
2112 388 2159 425 de

451 445 598 494 quibus
648 447 763 485 terris
801 450 841 486 et
883 449 1127 487 tenementis
1182 449 1288 487 idem
1339 449 1521 498 Rogerus
1562 448 1662 487 obiit
1703 450 1877 488 seisitus.
1958 449 2075 488 Teste
2114 453 2159 488 ut

454 520 588 558 supra.

563 617 615 653 Dc
661 619 919 664 pruinam-ibus
961 619 1185 666 ›·1⁷<¹z')›i‘mz‹l1‘.s·
1242 626 1274 655 ct,
1330 617 1899 656 custodiendis.—Mandatum
1957 622 2017 657 est
2057 619 2156 658 Vice-

450 677 589 715 comiti
625 679 778 716 Oxonie
816 680 921 729 quod
962 680 1187 718 Walterum
1244 683 1283 718 et
1324 680 1582 725 Nicholaum,
1641 680 1871 729 probatores
1911 681 2015 731 regis
2060 694 2158 730 quos

448 738 585 778 ballivi
626 741 780 779 Oxonie
827 741 863 791 ei
905 741 1138 781 liberabunt
1191 742 1240 780 ab
1308 742 1364 780 eis
1420 742 1585 792 recipiat
1635 745 1674 781 et
1722 742 1764 780 in
1822 746 1953 782 castro
2006 743 2159 782 Oxonie

452 802 562 841 salvo
596 803 788 842 custodiri
816 804 952 844 faciat.
1011 804 1130 844 Teste
1169 808 1213 843 ut
1252 818 1387 855 supra.
1758 797 1760 799 ¹

556 925 611 961 De
657 927 869 974 «μιαν-01111118,
910 928 1043 972 (lamis,
1083 927 1273 963 mlum-ihus
1321 925 1738 964 ‹l‹itz's.-—-lVIanclat11111
1788 928 1848 964 est
1893 926 2071 964 Johanni
2111 927 2159 964 de

451 985 594 1024 Nevill'
633 987 737 1036 quod
785 986 931 1025 habere
969 987 1091 1026 faciat
1130 987 1307 1026 Waltero
1355 988 1402 1025 de
1442 987 1621 1026 Clifford'
1663 1002 1700 1025 x.
1742 1000 1912 1037 quercus
1959 988 2001 1026 in
2041 987 2158 1027 bosco

448 1048 496 1086 de
536 1048 732 1095 Shrubbe,
772 1050 820 1087 de
857 1050 961 1089 (10110
999 1050 1116 1100 regis.
1175 1049 1292 1089 Teste
1330 1052 1375 1089 ut
1414 1063 1546 1100 supra.

560 1169 799 1208 Mandatum
867 1174 926 1208 est
992 1170 1224 1220 Engelardo
1290 1170 1337 1208 de
1403 1170 1584 1221 Gyguyn’
1643 1171 1747 1221 quod
1816 1171 2028 1220 permittat
2094 1171 2156 1210 W.

454 1231 627 1270 Karleol’
693 1233 924 1283 episcopum
977 1247 1116 1283 capere
1168 1236 1248 1271 tres
1303 1234 1442 1271 damas
1494 1247 1586 1272 cum
1646 1234 1854 1284 leporariis
1909 1234 1992 1272 suis
2059 1247 2158 1284 quas

450 1308 518 1333 rex
566 1295 600 1333 ei
648 1297 845 1335 concessit
890 1296 1104 1346 capiendas
1151 1296 1192 1334 in
1241 1296 1389 1335 foresta
1437 1310 1509 1335 sua
1557 1297 1604 1335 de
1654 1297 1922 1343 Windeshor‘‚
1961 1297 2008 1336 de
2053 1297 2158 1335 dono

452 1357 569 1408 regis.
629 1357 744 1397 Teste
783 1372 873 1408 rege
912 1359 1017 1408 apud
1056 1359 1225 1405 Persor‘,
1265 1359 1361 1409 xvij.
1400 1358 1464 1397 die
1505 1357 1704 1397 Octobris.

558 1438 796 1476 Mandatum
842 1440 902 1476 est
940 1438 1115 1476 Waltero
1161 1438 1208 1475 de
1247 1438 1382 1487 Burgo
1429 1438 1534 1487 quod
1583 1438 1703 1477 faciat
1742 1437 1887 1476 habere
1936 1437 2156 1477 Hereberto

449 1499 533 1537 filio
572 1499 728 1538 Mathei
767 1514 804 1538 x.
845 1499 987 1539 robora
1025 1501 1073 1538 ad
1113 1500 1247 1539 focum
1287 1513 1405 1539 suum
1444 1500 1485 1538 in
1526 1501 1676 1540 foresta
1715 1501 1762 1539 de
1802 1499 2079 1547 Melkesham'‚
2110 1501 2156 1539 (16

450 1561 554 1601 dono
592 1562 710 1612 regis.
769 1563 887 1601 Teste
925 1565 969 1601 ut
1008 1575 1140 1612 supra.

559 1685 764 1721 Hibernia.
850 1685 906 1721 J)‹¹r
971 1685 1293 1732 ardeiepiscopatit
1348 1684 1723 1722 Ariminnum—Rex
1798 1683 2025 1733 justiciario
2084 1698 2155 1724 suo

451 1744 669 1796 Hybernie,
719 1746 905 1785 salutem.
967 1746 1114 1785 Sciatis
1162 1746 1266 1796 quod
1306 1745 1627 1795 archiepiscopus
1676 1745 1925 1784 Armacanus
1972 1750 2156 1785 mortuus

448 1810 520 1853 est,
575 1811 613 1847 et
665 1808 752 1846 ideo
800 1807 912 1847 vobis
961 1809 1203 1846 mandamus
1251 1808 1356 1858 quod
1408 1808 1573 1857 [ipsum]
1624 1807 2015 1857 archiepiscopatum
2062 1821 2154 1847 cum

447 1871 637 1909 omnibus
676 1871 791 1909 terris
829 1874 868 1909 61
908 1870 1231 1921 possessionibus
1280 1870 1364 1909 suis
1404 1871 1451 1908 de
1489 1870 1636 1920 quibus
1684 1871 1791 1909 idem
1831 1871 2156 1920 archiepiscopus

446 1933 606 1972 seisitus
654 1933 731 1972 fuit
778 1933 841 1972 die
888 1947 965 1983 quo
1013 1934 1174 1972 recessit
1223 1933 1270 1971 (16
1319 1933 1501 1983 partibus
1556 1932 1764 1984 Hybernie
1827 1933 1912 1971 sine
1962 1934 2155 1972 dilatione

445 1995 613 2045 capiatis
661 1995 701 2033 in
750 2008 919 2034 manum
968 1999 1151 2034 nostram
1200 1998 1238 2033 61
1288 1995 1398 2034 salvo
1446 1995 1685 2034 custodiatis
1733 1995 1859 2034 donec
1906 1996 2016 2034 aliud
2064 1996 2155 2034 inde

444 2058 751 2108 preceperhnus,
811 2058 867 2096 ita
923 2059 1030 2108 quod
1087 2059 1133 2096 de
1191 2057 1366 2096 exitibus
1432 2058 1613 2109 ejusdem
1681 2058 1928 2096 sufficienter
1993 2058 2155 2107 possitis

445 2120 681 2170 respondere
728 2121 777 2158 ad
827 2120 1082 2160 Scaccarium
1133 2123 1319 2159 nostrum
1372 2123 1412 2158 61
1460 2124 1750 2170 consequenter
1797 2133 1819 2157 a
1868 2120 1983 2158 nobis
2023 2123 2155 2170 grates

445 2182 635 2232 speciales
673 2184 887 2232 reportare.
946 2183 1063 2220 Teste
1103 2195 1193 2232 rege
1233 2182 1339 2231 apud
1380 2182 1612 2229 Pershour’,
1653 2182 1749 2231 xvij.
1791 2182 1854 2220 (116
1895 2181 2092 2221 Octobris.

554 2289 632 2325 l’ro
674 2289 835 2326 [sabella
875 2302 941 2337 que
967 2289 1054 2336 fuit
1095 2301 1188 2324 um»-
1231 2288 1375 2324 Osberti?
1413 2287 1897 2336 (J'i'ffa›·‹l'.—Mandatum
1955 2290 2014 2325 est
2053 2287 2153 2326 vice-

445 2349 583 2388 comiti
632 2350 773 2389 Glouc’
812 2350 931 2399 quod,
972 2349 1065 2400 quia
1113 2352 1274 2388 constat
1313 2349 1393 2400 regi
1432 2349 1538 2398 quod
1587 2348 1779 2387 Osbertus
1820 2349 1984 2387 Giffard’
2025 2350 2155 2388 tenuit

445 2415 593 2450 terram
633 2425 748 2451 suam
787 2412 829 2450 in
868 2411 1164 2451 Pichelecumb'
1204 2411 1245 2449 in
1286 2411 1468 2461 soccagio
1515 2414 1554 2449 et
1605 2412 1710 2461 quod
1749 2410 1923 2449 Isabella
1962 2424 2037 2461 que
2077 2412 2154 2450 fuit

445 2488 544 2513 uxor
582 2474 709 2524 ipsius
742 2474 899 2513 Osberti
938 2474 1202 2525 propinquior
1240 2477 1300 2512 est
1340 2474 1475 2512 heredi
1511 2473 1638 2523 ipsius
1678 2473 1836 2512 Osberti
1884 2474 1932 2512 de
1971 2474 2154 2513 custodia

444 2537 620 2587 predicte
659 2540 760 2576 terre
798 2538 974 2587 predicte
1014 2536 1184 2576 Isabelle
1223 2536 1385 2586 plenam
1425 2536 1615 2575 seisinam
1655 2535 1801 2575 habere
1841 2536 1977 2575 faciat.
2038 2537 2153 2575 Teste

443 2602 488 2639 ut
526 2613 659 2650 supra.

550 2687 705 2726 Eodem
739 2687 859 2726 modo
890 2686 1078 2726 scribitur
1111 2685 1287 2725 Roberto
1319 2686 1365 2724 de
1400 2685 1557 2736 Andely
1587 2686 1635 2724 de
1668 2688 1771 2725 terra
1804 2698 1879 2735 que
1915 2685 1993 2724 fuit
2025 2685 2150 2735 ipsius

443 2749 599 2790 Osberti
638 2750 678 2788 in
720 2749 1002 2799 Gillingham.'
1079 2750 1195 2788 Teste
1235 2752 1280 2787 ut
1319 2762 1451 2798 supra.

550 2865 606 2901 De
632 2865 784 2912 prisone
813 2864 1048 2900 deliberando
1078 2877 1145 2910 per
1171 2861 1624 2911 ples]i'‹:›s.-Mandatum
1655 2863 1715 2899 est
1744 2860 1971 2900 vicecomiti
2003 2860 2148 2899 Norht’

442 2926 560 2976 quod,
597 2926 629 2964 si
676 2925 877 2964 Henricus
924 2926 972 2963 de
1020 2925 1186 2971 Alecot'‚
1235 2928 1375 2974 captus
1423 2927 1462 2962 et
1509 2924 1698 2962 detentus
1747 2923 1787 2961 in
1836 2923 1999 2973 prisona
2047 2922 2149 2973 regis

443 2989 587 3027 Norht’
636 3001 707 3038 pro
758 2988 971 3026 venatione
1023 2988 1070 3025 (16
1118 3000 1197 3037 qua
1246 2987 1403 3025 vocavit
1452 2986 1501 3025 ad
1549 2988 1774 3024 warantum
1825 2985 2054 3024 Gilbertum
2102 2985 2150 3023 (16

442 3051 623 3089 Preston’
656 3050 771 3100 cujus
810 3063 910 3089 uxor
947 3062 1035 3087 eam
1074 3049 1183 3087 dedit
1222 3049 1336 3087 uxori
1376 3048 1472 3087 dicti
1512 3048 1694 3094 Henrici,
1730 3050 1774 3086 ut
1810 3047 1919 3093 dicit,
1951 3047 2148 3085 invenerit

441 3113 475 3151 ei
514 3113 639 3151 bonos
677 3115 716 3150 et
754 3112 886 3151 salvos
924 3111 1076 3161 plegios
1114 3111 1164 3149 ad
1203 3110 1433 3149 habendum
1473 3111 1607 3160 ipsum
1648 3109 1889 3156 Gilbertum‚
1921 3111 2146 3148 warantum

441 3189 574 3222 suum,
614 3187 747 3214 coram
788 3174 1019 3225 justiciariis
1054 3174 1157 3223 regis
1191 3173 1237 3211 de
1276 3174 1425 3212 foresta
1458 3186 1550 3211 cum
1587 3173 1628 3211 in
1668 3175 1800 3222 partes
1840 3171 1929 3210 illas
1963 3171 2147 3210 venerint

439 3238 502 3278 vel
542 3238 590 3276 ad
638 3237 830 3276 standum
878 3236 970 3274 inde
1017 3239 1125 3275 recto
1163 3248 1296 3274 coram
1345 3235 1580 3286 justiciariis
1627 3234 1828 3284 predictis,
1868 3237 1964 3272 tunc
2011 3233 2146 3283 ipsum

439 3300 660 3339 Henricum
694 3312 717 3337 a
755 3298 918 3349 prisona
948 3298 1051 3348 regis
1082 3297 1294 3336 deliberari
1329 3298 1463 3345 faciat,
1499 3297 1602 3336 sicut
1639 3296 1864 3347 predictum
1898 3299 1970 3335 est.
2030 3296 2147 3335 Teste

441 3376 531 3413 rege
569 3365 614 3401 ut
652 3374 785 3411 supra.
