2375 3587
185 308 328 355 1235.

183 375 243 413 [m.
275 375 322 413 9.]

1059 183 1110 221 19
1153 181 1360 222 HENRY
1401 182 1481 223 III.
2041 186 2121 227 107

420 376 628 423 Willelmi,
667 377 953 416 escaettoribus
991 378 1107 427 regis,
1158 378 1263 428 quod
1311 378 1357 415 de
1396 378 1574 426 predicta
1608 377 1767 416 abbatia
1805 392 1896 416 cum
1936 379 2124 416 omnibus

419 438 546 484 terris,
579 439 822 477 tenementis
861 442 900 477 et
933 439 1253 489 possessionibus
1292 440 1342 477 ad
1380 452 1468 477 eam
1508 439 1817 488 pertinentibus,
1850 454 1925 491 que
1959 444 2054 478 sunt
2082 441 2123 479 in

418 500 599 538 custodia
637 514 709 538 sua
742 501 948 539 occasione
987 501 1210 539 vacationis
1249 501 1430 550 ejusdem
1478 500 1650 545 abbatie,
1699 501 1828 539 eidem
1875 502 2001 541 electo
2038 503 2125 541 sine

418 562 611 600 dilatione
650 563 811 612 plenam
851 563 1041 601 seisinam
1082 563 1228 601 habere
1267 563 1431 601 faciant.
1492 563 1609 601 Teste
1648 566 1692 601 ut
1730 576 1864 612 supra.

528 700 605 736 Pro
643 701 695 737 Ε.
739 701 1009 738 Cautum-{ensi
1046 700 1480 749 arelisiepiscopo.——Rex
1509 700 1735 738 vicecomiti
1766 701 1907 738 Essex'
1939 701 2124 740 salutem.

419 760 669 810 Precipimus
709 761 782 800 tibi
821 762 940 812 quod,
981 762 1203 811 assumptis
1242 766 1377 800 tecum
1416 761 1551 811 probis
1588 764 1626 799 et
1660 761 1858 811 legalibus
1892 763 2126 802 hominibus

418 826 501 860 tam
540 823 740 861 militibus
778 837 899 873 quam
937 824 1027 862 aliis
1066 825 1112 861 de
1162 824 1357 862 comitatu
1406 826 1488 868 tuo,
1538 823 1580 861 in
1624 824 1786 873 propria
1837 838 2007 873 persona
2058 828 2127 864 tua

418 898 483 922 eas
522 885 571 922 ad
609 885 738 923 curias
776 886 824 924 de
862 886 1067 924 Waleden'
1108 890 1147 924 et
1185 886 1403 935 Depeden’,
1453 889 1492 924 et
1540 899 1609 935 per
1652 890 1949 924 sacramentum
1988 900 2125 926 eorum

418 960 487 995 per
524 960 622 997 quos
660 948 715 986 rei
763 948 909 986 veritas
957 948 1103 986 melius
1150 948 1297 998 poterit
1344 948 1506 997 inquiri,
1541 948 1756 997 diligenter
1803 949 1982 999 inquiras
2029 963 2127 1000 quas

417 1010 729 1047 consuetudines
767 1014 805 1048 et
844 1023 920 1059 que
959 1010 1120 1048 servitia
1159 1010 1322 1056 milites,
1373 1009 1494 1048 libere
1542 1013 1725 1048 tenentes
1773 1014 1811 1048 et
1850 1011 1917 1048 alii
1957 1012 2004 1049 de
2042 1025 2125 1061 pre-

417 1071 534 1109 dictis
583 1072 774 1109 maneriis
826 1084 918 1109 cum
970 1072 1228 1121 pertinentiis
1279 1072 1410 1110 facere
1460 1071 1683 1110 debuerunt
1743 1077 1781 1110 et
1834 1078 2128 1113 consueverunt

417 1133 594 1172 dominis
628 1133 710 1172 suis
749 1135 965 1172 eorundem
1005 1134 1280 1172 maneriorum
1320 1134 1570 1184 temporibus
1618 1136 1941 1184 predecessorum
1972 1140 2125 1175 nostro-

417 1208 507 1233 rum
545 1209 685 1245 regum
725 1196 896 1245 Anglie3
944 1199 983 1234 et
1031 1209 1129 1246 quas
1177 1195 1384 1234 libertates
1432 1200 1471 1234 et
1518 1196 1764 1246 quietantias
1812 1198 1998 1236 homines
2041 1212 2124 1248 pre-

416 1258 616 1296 dictorum
666 1259 951 1305 maneriorum,
999 1263 1082 1296 tam
1126 1259 1277 1297 milites
1319 1272 1441 1308 quam
1486 1259 1567 1305 alii,
1613 1259 1843 1298 habuerunt
1892 1265 1931 1298 et
1981 1261 2126 1300 habere

417 1320 640 1359 debuerunt
672 1324 850 1370 tempore
888 1334 965 1371 quo
1003 1321 1064 1359 W.
1119 1321 1166 1359 de
1216 1321 1492 1367 Maundevill’,
1534 1322 1740 1371 quondam
1788 1335 1917 1361 comes
1967 1323 2123 1369 Essex’,

418 1383 598 1421 maneria
635 1383 705 1421 illa
743 1383 907 1421 tradidit
946 1383 1047 1421 bone
1086 1384 1278 1422 memorie
1319 1383 1373 1430 S„
1408 1384 1612 1433 quondam
1663 1384 1947 1423 Cantuariensi
1997 1386 2124 1424 archi-

418 1445 617 1495 episcopo,
657 1458 728 1494 pro
757 1444 903 1483 debitis
937 1445 978 1482 in
1017 1444 1163 1495 quibus
1201 1445 1367 1484 ecclesie
1400 1446 1616 1484 Cantuarie
1658 1446 1883 1493 tenebatur,
1937 1451 1976 1485 et
2025 1451 2123 1486 tem-

418 1521 512 1557 pore
545 1521 623 1557 quo
653 1507 831 1557 predicta
864 1507 1044 1545 maneria
1074 1508 1238 1546 fuerunt
1272 1508 1314 1545 in
1347 1521 1472 1545 manu
1511 1509 1691 1558 ejusdem
1731 1509 2040 1560 archiepiscopi;
2086 1515 2126 1549 et

418 1570 525 1608 facta
562 1569 766 1607 evidenter
799 1569 1061 1619 inquisitione
1088 1570 1279 1618 predicta,
1313 1570 1367 1608 sis
1396 1570 1478 1608 illis
1512 1571 1552 1608 in
1594 1571 1806 1617 auxilium,
1847 1571 1915 1621 qui
1947 1573 2126 1621 predicta

419 1632 601 1670 maneria
639 1634 779 1669 tenent
817 1632 867 1669 ad
905 1632 1065 1670 firmam
1103 1631 1151 1669 de
1189 1631 1409 1670 venerabili
1448 1636 1560 1681 patre
1599 1633 1649 1671 E.
1685 1633 1965 1672 Cantuariensi
1998 1635 2125 1673 archi-

418 1694 616 1744 episcopo,
657 1694 706 1731 ad
745 1694 1070 1743 distringendum
1111 1694 1308 1743 predictos
1344 1694 1530 1732 homines
1560 1708 1631 1744 pro
1680 1695 2041 1735 consuetudinibus
2087 1700 2126 1735 et

419 1756 605 1802 servitiis,
646 1756 694 1793 ad
732 1769 807 1804 que
846 1756 1028 1794 facienda
1068 1756 1139 1794 tibi
1174 1756 1403 1794 constiterit
1435 1770 1500 1794 eos
1545 1757 1673 1795 teneri
1712 1770 1781 1806 per
1818 1757 2125 1807 inquisitionem

419 1818 652 1867 predictam.
710 1817 984 1856 Libertatibus
1018 1819 1141 1856 etiam
1187 1821 1254 1868 [et]
1297 1818 1534 1868 quietantiis
1570 1832 1668 1868 quas
1707 1820 1857 1858 milites
1889 1823 1927 1858 et
1965 1821 2034 1858 alii
2078 1822 2124 1859 de

418 1880 568 1919 eisdem
599 1880 789 1918 maneriis
818 1880 1047 1919 habuerunt
1085 1884 1124 1919 et
1154 1880 1299 1919 habere
1337 1880 1560 1919 debuerunt
1591 1885 1770 1931 tempore
1801 1883 1990 1932 predicto,
2022 1883 2125 1922 sicut

420 1942 494 1981 tibi
527 1942 753 1981 constiterit
792 1955 861 1992 per
899 1942 1204 1992 inquisitionem
1242 1943 1476 1992 predictam,
1517 1957 1584 1982 eos
1622 1944 1708 1982 sine
1743 1944 2035 1994 impedimento
2065 1946 2124 1984 uti

419 2006 645 2055 permittas.
705 2005 821 2043 Teste
854 2018 944 2054 rege
982 2005 1088 2054 apud
1127 2005 1324 2052 Wudest‘,
1365 2019 1429 2044 xx.
1463 2005 1526 2044 die
1565 2006 1694 2044 Junii.

530 2148 607 2184 Pro
646 2148 867 2195 Maryareta
896 2147 939 2183 cle
976 2146 1464 2194 Ripa›iia—Mandatum
1516 2149 1576 2185 est
1624 2147 1795 2185 Ricardo
1843 2147 1891 2186 de
1937 2147 1976 2185 la
2024 2147 2125 2186 Lad‘

419 2209 525 2259 quod
567 2208 777 2258 permittat
819 2208 1003 2246 homines
1048 2209 1095 2246 de
1151 2208 1362 2248 Sernecote
1411 2212 1450 2246 et
1502 2209 1601 2248 alios
1650 2209 1835 2248 homines
1881 2210 1928 2247 de
1976 2210 2127 2248 honore

422 2271 578 2316 Glouc',
618 2270 686 2321 qui
724 2273 819 2308 sunt
852 2270 893 2307 in
933 2283 1057 2308 manu
1096 2270 1199 2320 regis
1238 2271 1392 2309 ratione
1431 2273 1532 2309 terre
1566 2274 1605 2309 et
1642 2271 1800 2310 heredis
1841 2272 1891 2310 G.
1922 2273 2125 2321 quondam

419 2332 579 2372 comitis
614 2332 754 2370 Glouc'
794 2333 834 2369 in
873 2331 1055 2370 custodia
1087 2332 1190 2382 regis
1220 2332 1442 2379 existentis,
1478 2333 1605 2371 facere
1636 2336 1762 2372 sectas
1788 2334 1837 2371 ad
1871 2334 2126 2372 hundredum

422 2395 647 2444 Margarete
685 2395 732 2432 de
763 2394 939 2443 Ripariis
978 2394 1024 2432 de
1064 2393 1276 2441 Crikelad⁷,
1313 2394 1417 2433 sicut
1452 2407 1518 2432 eas
1553 2395 1681 2434 facere
1712 2395 1992 2434 consueverint
2027 2399 2125 2434 tem-

421 2470 514 2507 pore
552 2456 649 2495 dicti
682 2456 840 2495 comitis
879 2460 918 2494 et
962 2456 1138 2495 maxime
1176 2469 1284 2495 anno
1317 2470 1396 2507 quo
1431 2457 1536 2495 idem
1575 2470 1709 2496 comes
1747 2457 1861 2497 obiit.
1922 2459 2039 2497 Teste
2082 2462 2127 2497 ut

422 2531 555 2569 supra.
614 2518 689 2556 Per
722 2518 785 2556 W.
826 2518 874 2556 de
905 2518 1059 2567 Raleg’.

529 2660 585 2696 De
618 2660 896 2707 operationibus
932 2660 973 2696 in.
1011 2666 1131 2695 castro
1177 2661 1218 2695 (Ie
1266 2659 1703 2706 Bt·119'.——Mandatuin
1745 2662 1804 2697 est
1838 2659 2004 2709 Hugoni
2044 2660 2128 2698 filio

421 2720 586 2759 Roberti
622 2721 728 2770 quod
766 2720 808 2757 in
846 2720 995 2758 foresta
1044 2720 1147 2769 regis
1192 2721 1239 2758 de
1285 2720 1437 2759 Shirlet
1486 2720 1608 2759 faciat
1646 2720 1792 2759 habere
1830 2722 2129 2760 constabulario

419 2782 539 2822 castri
579 2782 627 2820 de
671 2783 795 2831 Brug’
835 2782 979 2831 viginti
1018 2794 1186 2832 quercus
1244 2783 1294 2820 ad
1343 2782 1559 2832 coquinam
1610 2787 1648 2821 et
1687 2782 1897 2822 bracinum
1936 2786 1975 2822 et
2028 2783 2127 2822 alias

419 2846 558 2884 domos
596 2840 700 2894 regis
738 2844 780 2881 in
818 2844 956 2882 eodem
994 2848 1125 2883 castro
1164 2844 1450 2882 emendandas.
1528 2845 1644 2883 Teste
1680 2852 1724 2883 ut
1764 2858 1896 2895 supra.

527 2931 767 2970 Mandatum
805 2934 865 2969 est
902 2930 1127 2970 vicecomiti
1166 2931 1330 2980 Noting‘
1371 2932 1477 2981 quod
1516 2931 1557 2969 in
1597 2932 1718 2981 pleno
1758 2932 1956 2971 comitatu
1987 2945 2058 2970 suo
2088 2935 2125 2971 et

419 3007 490 3044 per
526 3006 736 3033 assensum
774 2993 899 3031 totius
945 2993 1162 3031 comitatus
1210 2993 1304 3042 eligi
1343 2993 1466 3031 faciat
1504 2995 1708 3043 quendam
1746 2994 1982 3032 viridarium
2040 2994 2126 3032 loco

420 3057 607 3107 Hugonis
637 3056 684 3094 de
713 3055 752 3093 la
781 3055 965 3102 Basoch',
988 3056 1191 3107 quondam
1221 3055 1458 3093 viridarium
1488 3057 1592 3106 regis
1622 3056 1664 3093 in
1695 3057 1843 3094 foresta
1871 3056 1918 3093 de
1946 3056 2124 3105 Noting',

417 3120 486 3170 qui
523 3119 689 3168 prestito
727 3121 978 3156 sacramento
1016 3117 1119 3156 sicut
1155 3118 1241 3156 fieri
1271 3117 1387 3156 debet
1417 3121 1456 3156 et
1487 3119 1602 3164 solet,
1634 3121 1782 3157 extunc
1813 3118 1932 3156 faciet
1965 3121 2003 3156 et
2032 3130 2125 3156 con-

419 3184 547 3221 servet
584 3193 630 3219 ea
666 3193 742 3230 que
776 3180 826 3217 ad
864 3179 1040 3218 officium
1080 3179 1180 3218 illud
1219 3179 1424 3230 pertinent
1462 3180 1504 3218 in
1543 3180 1680 3219 eadem
1718 3180 1895 3225 foresta3
1935 3182 1973 3217 et
2002 3179 2125 3217 talem

417 3256 511 3282 eum
539 3242 633 3292 eligi
661 3242 784 3281 faciat
821 3241 889 3291 qui
923 3231 972 3279 ad
1011 3242 1086 3280 hoc
1124 3242 1268 3280 melius
1299 3241 1425 3291 possit
1454 3245 1494 3280 et
1522 3243 1618 3281 velit
1657 3242 1877 3287 intendere,
1907 3243 1946 3279 et
1975 3253 2123 3279 nomen

419 3307 505 3356 ejus
530 3304 694 3343 domino
720 3303 804 3353 regi
830 3303 928 3342 scire
955 3303 1089 3342 iaciat.
1149 3303 1265 3342 Teste
1296 3316 1385 3353 rege
1414 3304 1520 3352 apud
1542 3302 1789 3349 Wudestok’,
1812 3302 1892 3352 xxj.
1915 3302 1977 3340 die
1997 3301 2127 3351 Junii,
