2375 3587
198 332 341 380 1237.

188 400 251 438 [m.
266 398 359 440 leci]

1070 214 1121 252 21
1167 213 1372 255 HENRY
1412 215 1493 255 ΠΙ.
2057 219 2139 259 523

538 402 621 440 Rex
661 403 884 443 vicecomiti
915 406 1085 453 Wiltes',
1117 409 1302 447 salutern.
1362 410 1612 460 Precipimus
1651 411 1724 450 tibi
1764 413 1869 462 quod
1903 425 1972 462 per
2005 414 2133 450 totam

430 461 593 501 balliain
633 467 745 503 tuam
785 467 995 506 clammari
1035 474 1074 508 et
1112 471 1282 509 firmiter
1328 472 1531 521 prohiberi
1580 486 1627 511 ex
1676 478 1787 523 parte
1834 478 1974 513 nostra
2011 474 2135 512 facias

428 536 477 561 ne
524 526 613 574 quis
660 528 897 566 sextercium
947 531 1029 568 vini
1079 531 1189 570 rubei
1236 533 1366 571 carius
1414 534 1562 571 vendat
1609 548 1731 584 quam
1777 549 1846 584 pro
1885 549 1921 574 x.
1960 535 2135 573 denariis

428 598 499 623 nec
538 589 777 627 sextercium
826 590 910 628 vini
959 592 1037 629 albi
1088 594 1233 632 Gallici
1280 595 1412 633 carius
1459 608 1580 644 quam
1622 609 1692 644 pro
1731 597 1815 647 viij.
1858 597 2046 643 denariis,
2095 599 2135 634 et

427 646 531 686 hanc
577 651 745 688 assisam
793 652 850 690 ita
897 655 1022 691 teneri
1070 656 1192 694 facias
1240 669 1289 694 ne
1333 670 1404 706 pro
1443 658 1763 707 transgressione
1802 672 1895 698 suas
1936 659 2019 709 (sie)
2060 672 2133 698 nos

426 709 474 746 ad
513 723 578 748 eos
616 713 791 761 graviter
829 727 967 764 capere
1006 717 1239 756 debeamus.

831 826 842 915 J
875 819 1033 858 ballivis
1074 821 1250 872 Cycestr’

481 876 635 915 Eodem
666 880 784 918 modo
873 882 1099 921 vicecomiti
1139 884 1301 922 Berkes'

544 940 781 979 mandatum
874 945 1017 994 majori
1055 950 1095 984 et
1135 946 1292 984 ballivis
1332 947 1539 996 Wigornie

543 1006 626 1047 est;
827 973 840 1108 J
873 1005 1032 1045 ballivis
1072 1008 1253 1047 Bristoll'

872 1067 1029 1107 ballivis
1068 1071 1210 1109 Glouc'

828 1183 829 1186 η
869 1158 1012 1207 majori
1043 1162 1081 1196 et
1109 1159 1412 1198 vicecomitibus
1441 1160 1642 1204 London’,
1674 1163 1733 1198 set
1763 1159 1836 1198 sub
1865 1159 1944 1198 alia
1974 1160 2104 1198 forma

828 1210 830 1265 ἶ
925 1226 969 1258 ut
1009 1234 1128 1270 supra
1167 1222 1207 1259 in
1248 1225 1357 1271 tergo
1395 1222 1513 1260 istius
1553 1222 1677 1260 rotuli

873 1282 1097 1322 vicecomiti
1139 1285 1318 1322 Sumers’
1358 1287 1397 1322 et
1435 1285 1549 1322 Dors'

831 1334 833 1396 J
872 1345 1099 1384 vicecomiti
1147 1347 1326 1385 Devonie

831 1405 833 1440 s
872 1408 1099 1447 vicecomiti
1140 1410 1290 1448 Kancie

825 1488 832 1523 χ
872 1471 1017 1520 majori
1055 1475 1094 1509 et
1131 1471 1289 1509 ballivis
1328 1471 1535 1509 Wintonie

831 1534 832 1577 3
873 1534 1015 1583 majori
1055 1536 1093 1571 et
1133 1533 1291 1571 ballivis
1330 1534 1487 1571 Exonie

831 1584 833 1645 J
873 1594 1031 1633 ballivis
1070 1597 1276 1634 Novarum
1319 1596 1404 1634 Sar'

830 1646 832 1683 ἰ
873 1657 1032 1696 ballivis
1072 1659 1240 1697 Wiiton’

830 1724 831 1730 ’
872 1720 1171 1759 constabulario
1210 1721 1445 1770 Merleberg'

830 1780 832 1793 ²
871 1783 1097 1822 vicecomiti
1137 1783 1407 1821 Norhumbrie

533 1892 773 1931 Mandatum
822 1898 882 1932 est
931 1895 985 1932 M.
1034 1896 1257 1945 justiciario
1306 1894 1514 1940 Hibernie,
1577 1895 1683 1944 quod
1730 1895 1945 1945 diligenter
1993 1897 2132 1936 audiat

423 1954 604 2002 querelas
644 1955 692 1992 N.
735 1956 1015 1995 Olochorensis
1053 1958 1241 2007 episcopi,
1293 1971 1392 2007 quas
1431 1957 1586 1995 audivit
1624 1961 1664 1995 et
1702 1970 1837 1996 coram
1877 1971 1922 1996 eo
1963 1959 2135 2008 deponet

422 2029 491 2065 per
554 2021 787 2066 preceptum
855 2020 958 2066 regis
1025 2034 1143 2070 super
1208 2021 1381 2071 injuriis,
1440 2019 1759 2070 gravaminibus,
1824 2021 2134 2070 spoliationibus

421 2081 618 2117 terrarum
685 2084 724 2118 et
788 2082 1046 2119 ecclesiarum
1114 2083 1148 2120 ei
1214 2086 1252 2120 et
1319 2083 1401 2121 suis
1480 2082 1666 2131 irrogatis
1723 2081 1773 2120 ab
1834 2082 2134 2133 archiepiscopo

420 2139 647 2180 Armacano
703 2146 742 2180 et
797 2144 893 2190 suis,
951 2148 989 2182 et
1047 2144 1217 2194 querelis
1275 2145 1359 2182 suis
1416 2145 1574 2193 plenius
1626 2145 1776 2182 auditis
1827 2148 1866 2183 et
1916 2145 2134 2184 intellectis

420 2204 641 2241 secundum
681 2205 809 2254 legem
849 2210 887 2244 et
926 2207 1260 2245 consuetudinem
1302 2211 1403 2245 terre
1443 2206 1648 2256 Hybernie
1682 2207 1845 2255 plenam
1886 2211 1925 2245 et
1963 2208 2131 2246 celerem

417 2265 618 2314 justitiam
649 2268 684 2305 ei
714 2268 910 2307 exhibeat.
960 2270 1041 2307 Nec
1071 2276 1276 2308 remaneat
1306 2270 1562 2319 aliquatenus
1590 2270 1719 2308 eidem
1749 2269 1945 2308 exhibitio
1972 2271 2132 2321 justicie

418 2327 601 2367 facienda
652 2330 860 2369 occasione
907 2331 1136 2370 litterarum
1176 2332 1279 2381 regis
1317 2345 1415 2381 quas
1458 2332 1674 2381 aliquando
1714 2345 1781 2369 rex
1824 2332 1859 2369 ei
1903 2333 2131 2371 transmisit

418 2403 488 2439 pro
527 2396 638 2440 parte
667 2393 812 2442 prefati
843 2394 1130 2444 archiepiscopi
1161 2398 1302 2433 contra
1331 2398 1601 2433 memoratum
1656 2395 2002 2444 archiepiscopum
2045 2396 2129 2448 (sic)

417 2452 464 2490 de
511 2454 694 2503 captione
738 2456 951 2493 hominum
1000 2457 1127 2505 ipsius
1174 2457 1350 2506 episcopi
1397 2470 1496 2506 quos
1545 2457 1628 2506 ipse
1677 2456 2002 2506 archiepiscopus
2046 2459 2128 2508 regi

418 2517 617 2564 suggessit
661 2530 744 2555 esse
790 2519 1188 2563 excommunicatos3
1238 2520 1332 2568 quia
1374 2519 1459 2568 ipse
1499 2519 1825 2568 archiepiscopus
1862 2519 1904 2557 in
1939 2520 2126 2569 impetra-

417 2577 526 2616 tione
555 2592 693 2617 earum
723 2593 792 2629 per
821 2585 1098 2630 procuratores
1136 2594 1228 2620 suos
1262 2594 1396 2631 regem
1431 2582 1711 2628 circumvenit,
1750 2594 1842 2619 cum
1875 2581 1959 2631 ipse
1992 2586 2031 2620 et
2066 2583 2127 2621 sui

417 2639 592 2679 fautores
613 2645 792 2692 tempore
812 2644 1109 2693 impetrationis
1127 2644 1359 2682 earumdem
1380 2644 1608 2682 litterarum
1624 2647 1757 2683 essent
1773 2644 2125 2692 excommunicati,

417 2702 520 2740 sicut
568 2704 650 2753 regi
698 2708 835 2754 postea
883 2706 1042 2755 plenius
1082 2707 1261 2744 innotuit
1299 2719 1346 2744 ex
1390 2707 1581 2744 mandato
1618 2705 1909 2744 venerabilium
1949 2710 2123 2756 patrum,

416 2764 703 2815 archiepiscopi
753 2767 1058 2806 Cantuariensis
1096 2772 1135 2806 et
1177 2769 1352 2818 episcopi
1402 2769 1688 2818 Cycestrensis‚
1738 2768 1969 2807 cancellarii
2008 2769 2123 2818 regis,

415 2831 740 2866 conservatorum
771 2843 888 2868 cause
918 2832 1130 2869 memorati
1159 2832 1333 2881 episcopi
1362 2835 1502 2870 contra
1531 2832 1733 2881 prefatum
1763 2831 2122 2881 archiepiscopum,

415 2889 483 2938 qui
522 2890 571 2927 ad
609 2892 848 2929 mandatum
897 2893 1135 2932 venerabilis
1174 2894 1301 2943 patris
1341 2894 1388 2931 L.
1430 2894 1696 2932 Dublinensis
1744 2893 2045 2943 archiepiscopi,
2084 2898 2123 2933 et

415 2951 550 2990 dilecti
588 2954 671 3002 regi
710 2954 751 2991 in
792 2955 953 2993 Christo
987 2956 1036 2994 D.
1070 2957 1215 3005 prioris
1250 2957 1445 2995 Omnium
1481 2957 1723 2995 Sanctorum
1759 2955 1940 3001 Dublin',
1977 2955 2122 3005 quibus

414 3013 559 3062 prefati
607 3015 931 3066 archiepiscopus
979 3018 1284 3056 Cantuariensis
1331 3019 1410 3056 and
1458 3019 1668 3068 episcopus
1708 3018 1979 3068 Cycestrensis
2017 3018 2121 3056 vices

415 3088 507 3113 suas
545 3077 832 3116 commiserant
870 3092 988 3128 super
1025 3080 1259 3118 executione
1288 3080 1467 3130 predicta
1506 3094 1574 3130 per
1606 3081 1761 3118 litteras
1796 3092 1888 3118 suas
1921 3082 2119 3128 patentes,

415 3137 471 3175 eis
510 3138 853 3188 significaverunt.
931 3142 1048 3179 Teste
1086 3155 1175 3191 rege
1213 3143 1320 3192 apud
1358 3142 1511 3189 Kenet'‚
1550 3156 1588 3180 x.
1629 3142 1691 3180 die
1730 3141 1951 3180 Februarii.

522 3250 667 3288 Vitalis
714 3253 909 3302 Engayne
956 3253 1178 3291 attornavit
1226 3253 1496 3302 Reginaldum
1546 3253 1593 3290 de
1643 3252 1802 3291 Hedon’
1861 3252 1902 3289 in
1960 3251 2119 3301 loquela

413 3324 489 3361 que
527 3316 586 3350 est
624 3313 666 3350 in
705 3314 901 3352 comitatu
940 3315 1082 3352 Norht'
1117 3318 1258 3353 contra
1297 3315 1521 3353 Walterum
1569 3316 1617 3353 de
1665 3313 1864 3352 Buketon’
1914 3313 1961 3351 de
2011 3317 2117 3352 terra

413 3374 454 3410 in
494 3374 699 3412 Pisteslee.
760 3376 876 3414 Teste
917 3389 1006 3425 rege
1045 3377 1150 3426 apud
1191 3377 1614 3422 westmonasterium,
1656 3376 1725 3425 xij.
1767 3375 1830 3413 die
1869 3374 2088 3416 Februarii.
