2375 3587
189 314 333 362 1235.

177 381 239 422 [m.
268 382 334 422 21.]

175 1902 235 1941 [in.
262 1903 332 1942 20.]

1076 193 1127 234 19
1170 191 1376 234 HENRY
1419 191 1501 235 III.
2074 198 2127 239 35

531 390 587 428 De
618 390 867 438 resigmatione
899 390 1076 437 (falfi-ide?
1104 391 1146 426 (Ie
1174 389 1413 427 Dora—Rex
1443 389 1497 427 H.
1520 390 1567 428 de
1597 389 1833 437 Pateshull‘,
1866 391 2128 438 thesaurario,

422 453 609 491 salutem.
688 451 895 490 Mittimus
934 450 1046 490 vobis
1092 464 1161 500 per
1209 451 1460 490 Willelmum
1501 452 1548 489 de
1592 452 1753 490 Peretot
1803 456 1968 499 cartam,
2009 466 2130 503 quam

424 514 634 553 Galfridus
663 514 710 552 de
741 514 824 552 Doe
855 513 971 552 nobis
1002 513 1096 552 fecit
1126 513 1173 551 de
1213 513 1484 562 resignatione
1514 517 1552 552 et
1590 514 1831 564 quietancia,
1871 528 1992 565 quani
2022 516 2127 554 idem

419 576 639 615 Gaufridus
669 575 784 614 nobis
816 575 909 613 fecit
941 576 988 613 (16
1020 578 1104 613 toto
1136 575 1223 624 jure
1254 588 1325 613 suo
1356 576 1461 624 quod
1489 575 1633 614 habuit
1663 576 1724 614 vel
1754 576 1899 614 habere
1926 578 2057 626 potuit
2085 578 2125 615 in

418 638 598 676 manerio
619 638 665 676 (16
695 637 925 686 Ofspreng'‚
950 637 1056 686 quod
1078 637 1304 675 Joldewino
1325 637 1372 674 de
1400 636 1522 675 Dowe
1551 638 1665 675 fratri
1695 651 1766 676 suo
1794 651 2129 686 concesseramus,

419 699 551 748 sigillo
600 699 726 749 ipsius
777 698 966 745 Galfridi,
1018 698 1123 747 quod
1173 699 1280 747 apud
1327 698 1454 736 Lond’
1494 702 1554 737 est
1606 702 1651 737 ut
1700 699 1810 745 dicit,
1849 700 1889 736 in
1930 701 2130 748 presentia

417 765 555 800 nostra
606 761 688 799 sive
736 760 949 799 Laurencii
1003 760 1050 798 de
1101 760 1261 799 Castell⁷
1301 760 1433 798 clerici
1485 761 1612 799 nostri
1663 764 1702 799 et
1756 761 1882 810 ipsius
1933 762 2128 800 Willehni

417 824 691 873 sigillandam.
751 823 807 861 Et
842 822 929 860 ideo
961 821 1074 860 vobis
1114 823 1357 860 mandamus
1389 823 1506 871 quod,
1542 836 1634 861 cum
1669 825 1822 861 cartam
1857 823 1969 862 illam
2008 837 2128 873 penes

414 898 484 923 vos
536 884 771 930 habueritis,
827 884 1049 933 sigillatam
1103 887 1148 922 ut
1209 884 1435 933 predictum
1489 887 1561 930 est,
1617 887 1713 923 tunc
1763 884 1893 923 eidem
1944 886 2128 923 Galfrido

412 947 571 985 liberari
621 946 779 985 faciatis
836 949 1001 984 centum
1055 945 1179 983 libras
1232 958 1331 995 quas
1381 945 1416 983 ei
1475 947 1746 984 concessimus
1804 960 1876 996 pro
1937 948 2127 996 predictis

413 1009 682 1059 resignatione
721 1012 759 1047 et
799 1008 1041 1058 quietancia,
1083 1008 1188 1046 unde
1228 1007 1384 1046 habetis
1427 1007 1542 1046 breve
1582 1012 1767 1047 nostrum
1816 1009 1862 1047 de
1911 1009 2123 1055 Liberate;

412 1075 451 1111 et
500 1075 652 1110 cartam
709 1070 930 1120 predictam
987 1083 1108 1119 penes
1166 1083 1235 1108 vos
1293 1069 1402 1108 salvo
1452 1071 1689 1109 custodiatis
1730 1084 1855 1120 usque
1904 1072 2122 1110 adventum

412 1138 597 1173 nostrum
627 1137 716 1184 post
765 1133 914 1172 festum
965 1132 1104 1172 Sancti
1154 1132 1343 1182 Hyllarii.
1433 1133 1550 1171 Teste
1599 1146 1688 1183 rege
1736 1134 1842 1183 apud
1891 1134 2123 1181 Gudeford',

412 1197 454 1247 ij.
491 1197 553 1236 die
592 1196 791 1235 Januarii.

519 1275 758 1314 Mandatum
798 1277 858 1313 est
897 1273 1079 1312 <Iohanni
1118 1274 1166 1312 de
1206 1273 1412 1312 Colemere
1451 1274 1556 1324 quod
1606 1274 1751 1313 habere
1800 1275 1920 1313 faciat
1964 1275 2123 1313 Matildi

411 1338 457 1376 de
490 1338 676 1388 Sumery,
705 1336 890 1375 vinetrici
932 1335 1181 1382 Guldeford',
1213 1348 1340 1373 unum
1379 1336 1533 1373 dolium
1565 1336 1649 1374 vini
1682 1337 1893 1375 Wasconie
1932 1350 2002 1386 pro
2042 1350 2122 1376 uno

410 1399 516 1438 dolio
559 1400 642 1438 vini
675 1399 886 1437 Wasconie
921 1398 1027 1447 quod
1066 1411 1133 1436 rex
1173 1397 1222 1436 ab
1261 1398 1400 1436 eadem
1441 1398 1608 1436 Matilde
1639 1402 1782 1437 mutuo
1813 1399 1918 1449 cepit
1947 1399 1989 1436 in
2019 1399 2121 1438 festo

411 1461 738 1501 Circumcisionis
778 1460 958 1507 Domini,
998 1473 1106 1498 anno
1141 1464 1215 1499 etc.
1257 1460 1336 1497 xix.
1398 1459 1513 1498 Teste
1552 1473 1641 1510 rege
1681 1461 1787 1510 apud
1828 1461 2011 1507 Waverl',
2060 1461 2119 1512 iij.

409 1524 471 1562 die
501 1523 701 1562 ‘Ianum-ii.

518 1602 758 1640 Mandatum
797 1605 856 1640 est
895 1600 1120 1652 justiciario
1155 1600 1350 1639 Hibernie
1380 1601 1485 1650 quod
1515 1600 1632 1638 blada
1661 1605 1699 1639 et
1730 1615 1790 1639 res
1821 1601 1919 1639 alias
1952 1601 2118 1640 Henrici

408 1665 455 1702 de
494 1664 735 1713 Alditheleg’
775 1663 817 1701 in
857 1662 1055 1701 Hibernia
1095 1663 1314 1701 servientes
1357 1663 1537 1712 ejusdem
1578 1663 1743 1701 Henrici
1791 1676 1869 1712 quo
1918 1664 2118 1702 voluerint

408 1727 450 1765 in
490 1727 678 1777 Angliam
717 1727 872 1773 ducere,
914 1726 1036 1764 libere
1075 1728 1114 1764 et
1162 1725 1248 1764 sine
1288 1725 1566 1775 inpedimento
1614 1726 1836 1774 permittat.
1918 1727 2035 1765 Teste
2074 1730 2118 1765 ut

409 1803 542 1839 supra.

516 1899 595 1935 Pro
634 1899 760 1934 abbate
799 1899 840 1933 de
884 1896 1208 1934 Halt‹;›n'.——Rex
1255 1895 1553 1934 constabulario
1602 1909 1673 1934 suo
1713 1896 1815 1934 Novi
1864 1895 1995 1935 Castri
2044 1896 2117 1935 sub

406 1960 524 1997 Lima
563 1960 748 1998 salutem.
807 1959 920 1998 Scias
960 1959 1065 2008 quod
1102 1971 1172 2007 per
1210 1958 1515 2008 inquisitionem
1566 1958 1716 1996 factam
1764 1971 1834 2007 per
1881 1962 2114 2008 preceptum

404 2026 588 2060 nostrum
618 2021 888 2071 acceperimus
919 2021 1025 2071 quod
1059 2021 1229 2070 quedam
1260 2034 1351 2070 pars
1386 2020 1506 2066 bosci,
1539 2033 1661 2070 quam
1696 2019 1818 2058 abbas
1849 2021 1895 2058 de
1940 2021 2113 2059 Hulton’

403 2086 551 2123 clamat
590 2097 705 2122 suam
745 2097 829 2122 esse
869 2084 916 2121 de
956 2084 1061 2122 dono
1100 2083 1267 2121 Heni-ici
1308 2083 1354 2120 de
1395 2083 1588 2120 Alditliel'
1630 2083 1671 2119 111
1703 2083 1890 2129 Ruston’,
1924 2086 1962 2121 et
1992 2096 2113 2132 quam

404 2147 451 2185 R.
492 2147 697 2197 quondam
737 2159 871 2184 comes
911 2146 1063 2184 Cestrie
1111 2148 1150 2183 et
1196 2145 1310 2183 Linc’
1361 2144 1527 2182 inclusit
1576 2144 1683 2182 infra
1730 2157 1895 2194 parcum
1944 2145 2113 2194 predicti

401 2210 521 2248 castri
551 2222 642 2249 cum
673 2208 900 2247 manerium
931 2208 1033 2247 Novi
1067 2207 1198 2246 Castri
1228 2209 1330 2245 esset
1360 2207 1402 2244 in
1432 2220 1557 2244 manu
1592 2220 1676 2252 sua,
1715 2209 1775 2245 est
1812 2207 1859 2245 de
1906 2207 2110 2246 dominico

402 2271 566 2321 grangie
605 2270 772 2320 predicti
821 2270 977 2308 abbatis
1025 2270 1071 2308 de
1119 2269 1306 2315 Ruston',
1356 2272 1394 2307 et
1441 2269 1546 2318 quod
1594 2269 1797 2318 predictus
1845 2282 1978 2307 comes
2026 2260 2110 2318 pre-

401 2335 551 2372 dictam
590 2337 745 2383 partem
786 2333 893 2371 bosci
935 2332 1100 2370 inclusit
1139 2331 1245 2369 infra
1284 2331 1508 2380 predictum
1548 2343 1713 2380 parcum
1753 2331 1800 2368 de
1847 2332 2111 2380 permissione

401 2396 671 2445 predictorum
711 2394 867 2433 abbatis
906 2397 944 2433 et
984 2393 1166 2432 Henrici.
1225 2394 1281 2432 Et
1320 2393 1413 2442 quia
1452 2393 1655 2442 predictus
1695 2405 1838 2442 parcus
1885 2396 2110 2442 prostratus

400 2462 459 2497 est
498 2459 544 2496 de
583 2461 768 2507 precepto
807 2460 957 2501 nostro,
1000 2455 1073 2493 tibi
1113 2456 1357 2504 precipimus
1397 2455 1501 2504 quod
1532 2454 1660 2492 eidem
1693 2454 1827 2493 abbati
1858 2455 1904 2492 de
1934 2456 2111 2504 predicta

400 2527 511 2571 parte
550 2521 657 2559 bosci
692 2520 815 2558 talem
855 2519 1046 2557 seisinam
1082 2517 1226 2556 habere
1256 2518 1379 2556 facias
1408 2518 1568 2567 qualem
1600 2517 1691 2555 inde
1721 2517 1863 2555 habuit
1894 2522 2109 2567 antequam

400 2587 503 2622 esset
537 2583 693 2622 inclusa
730 2582 836 2620 infra
874 2581 1099 2632 predictum
1148 2593 1327 2631 parcum.
1388 2580 1504 2618 Teste
1552 2592 1642 2629 rege
1682 2580 1788 2629 apud
1837 2580 2025 2628 Waverl‘,
2066 2581 2109 2631 ij.

400 2646 463 2684 (116
501 2645 699 2684 Januarii.

510 2764 587 2800 Pro
627 2764 755 2799 abbate
794 2763 835 2797 de
879 2758 1355 2798 Il'arerl’.—Mandatum
1405 2760 1464 2795 est
1504 2757 1685 2795 -Johanni
1731 2757 1778 2794 de
1825 2758 1961 2794 Venuz
2002 2757 2108 2806 quod

400 2824 545 2863 habere
585 2824 705 2862 faciat
745 2822 880 2861 abbati
919 2823 966 2860 (16
1006 2821 1177 2860 Waverl'
1218 2821 1394 2871 quinque
1443 2819 1546 2857 bona
1594 2819 1735 2857 robora
1783 2819 1823 2856 in
1873 2820 2021 2856 foresta
2059 2819 2106 2857 de

400 2887 579 2925 Axiholt'
621 2887 669 2924 ad
709 2886 844 2924 focum
884 2897 1017 2931 suum,
1059 2885 1105 2922 de
1145 2884 1250 2921 dono
1289 2882 1406 2931 regis.
1467 2883 1583 2920 Teste
1627 2894 1717 2931 rege
1765 2881 1870 2930 apud
1918 2881 2104 2928 Waverl’,

400 2950 442 3000 ij.
501 2949 564 2986 die
607 2947 806 2986 Januarii.

508 3028 611 3075 Quia
649 3040 718 3064 rex
756 3025 908 3075 accepit
947 3038 1015 3074 per
1051 3024 1358 3073 inquisitionem
1390 3035 1511 3071 quam
1548 3021 1640 3059 inde
1675 3021 1760 3058 fieri
1795 3020 1969 3069 precepit
2000 3021 2104 3069 quod

399 3089 598 3128 Robertus
623 3090 669 3126 de
700 3088 738 3126 la
774 3087 923 3126 Cuture
953 3099 1035 3124 non
1065 3090 1224 3124 tenetur
1254 3085 1430 3123 wardan]
1460 3084 1587 3121 facere
1616 3083 1658 3120 in
1689 3086 1819 3120 castro
1857 3081 2102 3128 Divisarum,

399 3152 639 3189 mandatum
679 3153 738 3188 est
776 3148 1074 3188 constabulario
1127 3146 1387 3186 Divisarum=²¹³
1434 3146 1537 3195 quod
1588 3145 1720 3193 ipsum
1777 3142 1997 3181 Robertum
2055 3144 2103 3180 ad

400 3214 574 3252 wardan]
615 3211 840 3250 faciendam
880 3211 922 3248 in
961 3212 1093 3249 castro
1131 3209 1309 3259 predicto
1348 3208 1527 3246 decetero
1566 3219 1646 3244 non
1685 3205 1913 3253 distringat.
1985 3204 2102 3243 Teste

400 3288 490 3325 rege
529 3274 634 3324 apud
673 3273 861 3320 Waverl’,
902 3272 959 3322 iij.
999 3272 1061 3310 die
1102 3271 1299 3309 Januarii.

466 3374 480 3389 *
505 3371 576 3405 The
594 3372 704 3406 words
723 3370 996 3405 ‘constabulario
1013 3370 1208 3404 Divisarum
1228 3369 1233 3375 ”
1251 3379 1305 3401 are
1322 3366 1526 3399 substituted
1543 3365 1597 3398 for
1619 3373 1624 3380 ·
1641 3363 1825 3396 vicecomiti
1846 3363 2038 3396 sinaei-set!
