2375 3587
215 327 352 374 1236.

211 394 259 435 [m
296 394 346 435 4-]

1059 214 1114 254 20
1155 212 1238 254 HE
1246 213 1362 254 NRY
1405 213 1486 255 HL
2071 217 2152 260 307

555 408 606 443 De
639 409 1069 455 pe›·A022at1·0n‹›.-Rex
1104 410 1263 449 dilectis
1311 413 1349 449 et
1398 410 1584 450 fidelibus
1630 412 1711 450 suis
1756 413 1810 450 M.
1852 412 1935 451 filio
1976 412 2153 459 Geroldi,

441 466 663 515 justiciario
703 482 774 508 suo
814 470 1032 521 Hybernie‚
1074 474 1112 510 et
1153 472 1201 511 G.
1240 473 1287 510 de
1327 473 1535 518 'Purevill',
1575 474 1859 512 archidiacono
1897 474 2153 521 Dublinensi‚

441 528 690 568 thesaurario
726 545 809 577 suo,
847 533 1034 572 salutem.
1123 534 1271 573 Sciatis
1307 535 1411 585 quod
1446 535 1758 584 perdonavimus
1794 536 1939 574 dilecto
1974 539 2013 574 et
2047 536 2155 574 fideli

443 594 580 629 nostro
633 593 829 632 Mauricio
881 595 927 633 de
980 596 1164 634 London‘
1220 600 1385 635 centum
1443 610 1598 635 marcas
1651 597 1699 635 de
1751 597 1831 635 fine
1887 599 2155 637 ducentarum

442 665 669 692 marcarum
703 668 821 704 quem
858 657 1069 695 nobiscum
1104 657 1198 696 fecit
1238 671 1309 707 pro
1348 671 1393 695 eo
1433 658 1537 707 quod
1578 658 1655 696 fuit
1695 671 1786 696 cum
1823 659 1870 696 R.
1905 660 2151 707 Marescallo,

441 716 645 764 quondam
689 717 836 755 comite
885 718 1098 765 Penbrok‘,
1140 723 1282 758 contra
1325 733 1398 757 nos
1448 720 1490 757 in
1533 734 1677 769 guerra
1714 733 1837 769 quam
1877 721 1982 759 idem
2021 734 2154 760 comes

443 776 558 815 nobis
597 779 739 817 movit.
826 780 880 818 Et
922 781 1010 819 ideo
1058 781 1172 820 vobis
1220 783 1465 819 mandamus
1505 782 1611 831 quod
1651 783 1785 831 ipsum
1827 783 2069 821 Mauricium
2107 783 2155 822 de

442 839 631 887 predictis
671 842 836 879 centum
877 842 1021 881 marcis
1060 843 1243 892 quietum
1284 856 1369 881 esse
1408 843 1584 882 faciatis.
1662 844 1779 882 Teste
1817 847 1861 882 ut
1909 857 2042 894 supra.

552 952 761 1000 Hyhernia.
835 954 891 990 De
934 955 1364 1002 perdonatione.—-Rex
1412 955 1653 1005 perdonavit
1702 955 1881 994 Roberto
1929 956 1975 993 de
2026 956 2152 996 Scalis

440 1012 575 1051 decem
613 1013 735 1052 libras
774 1027 842 1064 per
878 1028 978 1065 quas
1025 1016 1150 1054 finem
1199 1016 1294 1055 fecit
1342 1030 1434 1055 cum
1484 1030 1573 1066 rege
1621 1030 1693 1067 pro
1741 1017 1927 1055 habenda
1970 1018 2153 1056 custodia

442 1076 543 1112 terre
581 1088 656 1125 que
695 1076 773 1115 fuit
813 1077 965 1116 Odonis
1012 1077 1086 1115 filii
1135 1079 1346 1117 Benedicti
1396 1079 1463 1129 qui
1514 1080 1561 1117 (10
1612 1092 1702 1129 rege
1753 1079 1885 1117 tenuit
1932 1079 1975 1117 in
2022 1080 2152 1128 capite

440 1136 482 1174 in
522 1137 714 1184 Momon’,
753 1141 792 1177 01
839 1152 915 1189 que
964 1140 1183 1189 exiguntur
1229 1140 1278 1179 ab
1331 1154 1378 1179 eo
1427 1154 1496 1191 per
1550 1141 1912 1179 summonitionem
1954 1142 2151 1180 Scaccarii

440 1200 544 1249 regis
609 1201 785 1240 Dublin’.
863 1202 917 1240 Et
985 1203 1227 1241 mandatum
1294 1206 1354 1242 est
1421 1204 1477 1241 M.
1539 1203 1624 1241 filio
1683 1203 1860 1249 Geroldi,
1928 1204 2151 1253 justiciario

410 1262 649 1310 'Hibernie‚
702 1268 740 1302 01
792 1265 840 1303 G.
882 1266 929 1303 de
978 1266 1184 1312 Turevssl’,
1238 1265 1527 1304 archidiacono
1583 1265 1840 1312 Dublinensi,
1899 1266 2150 1305 thesaurario

439 1325 554 1374 regis,
605 1327 710 1376 quod
761 1327 894 1376 ipsum
946 1328 1170 1366 Robertum
1225 1328 1272 1366 de
1326 1328 1518 1378 predictis
1573 1341 1609 1366 x.
1666 1327 1778 1367 libris
1830 1328 2014 1378 quietum
2066 1341 2150 1367 esse

437 1387 610 1426 faciant.
690 1389 808 1427 Teste
846 1403 936 1439 rege
979 1393 1023 1428 ut
1062 1403 1195 1440 supra.

550 1498 624 1533 ls’ro
662 1499 801 1534 Tlmma
856 1498 1307 1538 (111-10ι·1’.-“11[011110111111
1360 1502 1421 1537 001
1475 1499 1707 1537 vicecomiti
1755 1498 1910 1536 Oxonie
1961 1499 2065 1548 quod
2116 1500 2149 1538 01

440 1557 617 1596 Thomas
660 1562 791 1597 textor
829 1559 875 1597 de
916 1559 1086 1604 Oxonia,
1127 1562 1271 1609 captus
1310 1564 1349 1598 et
1389 1560 1579 1598 detentus
1619 1560 1660 1597 in
1699 1559 1862 1609 prisona
1902 1560 2008 1609 regis
2044 1561 2149 1609 apud

440 1620 639 1658 Oxoniam
674 1633 745 1670 pro
778 1621 1098 1670 transgressione
1132 1622 1349 1659 commissa
1384 1634 1478 1671 erga
1510 1620 1817 1659 universitatem
1853 1621 1947 1659 cleri
1983 1621 2148 1668 Oxonie,

436 1683 608 1720 voluerit
655 1682 838 1733 abjurare
887 1683 1027 1721 villam
1076 1683 1231 1722 Oxonie
1280 1697 1406 1733 usque
1454 1684 1495 1720 111
1544 1697 1610 1722 xv.
1659 1683 1742 1721 dies
1791 1696 1813 1720 a
1862 1683 1964 1722 festo
2009 1684 2149 1723 Sancti

440 1744 650 1783 Michaelis
687 1758 795 1784 anno
832 1748 907 1784 010.
948 1759 1029 1791 xx.‚
1072 1749 1128 1792 ut,
1172 1746 1204 1783 si
1245 1749 1342 1784 tunc
1383 1746 1628 1783 universitas
1669 1745 1841 1794 predicti
1879 1746 1973 1784 cleri
2014 1759 2147 1795 regem

438 1807 636 1855 rogaverit
687 1808 792 1857 quod
846 1808 970 1857 possit
1025 1808 1072 1846 ad
1128 1807 1348 1857 predictam
1402 1808 1542 1846 villam
1600 1808 1727 1845 redire
1776 1820 1798 1845 a
1846 1811 2025 1856 tempore
2079 1808 2148 1846 illo

437 1868 544 1907 licite
597 1870 729 1908 redeat
779 1869 820 1907 in
874 1870 1014 1908 villam
1068 1870 1294 1919 predictam
1335 1883 1553 1908 mansurus
1602 1868 1767 1915 ibidem,
1811 1872 1906 1907 111110
1955 1869 2088 1919 ipsum
2128 1883 2150 1908 a

439 1931 601 1980 prisona
640 1931 745 1981 regis
784 1931 990 1978 deliberet,
1033 1931 1137 1970 sicut
1176 1932 1404 1981 predictum
1443 1934 1516 1970 est.
1594 1931 1713 1970 Teste
1753 1934 1796 1969 ut
1836 1944 1969 1980 supra.

553 2037 627 2072 l'ro
672 2037 855 2074 willelmo
895 2038 936 2073 (le
975 2038 1163 2082 lv'erara'z‘s,
1206 2039 1247 2073 (Ie
1291 2036 1729 2073 [lamis.——Mandatum
1773 2038 1834 2073 est
1873 2035 2054 2073 Johanni
2104 2036 2151 2074 de

439 2098 597 2144 Nevill’,
636 2098 861 2149 justiciario
906 2098 1066 2145 foreste,
1107 2099 1213 2149 quod
1261 2098 1408 2137 habere
1456 2099 1578 2136 faciat
1629 2098 1833 2136 Willelmo
1882 2098 1928 2135 (10
1978 2098 2151 2136 Ferariis

439 2162 518 2197 tres
556 2160 696 2199 clamos
734 2160 776 2198 in
817 2160 966 2199 foresta
1013 2161 1060 2198 de
1110 2161 1341 2199 Witlewud'
1391 2164 1430 2199 et
1478 2161 1578 2198 duos
1626 2160 1767 2198 damos
1816 2160 1855 2196 in
1908 2159 2056 2198 foresta
2104 2160 2151 2198 de

441 2222 664 2262 Selveston'
700 2223 746 2261 de
785 2223 890 2261 dono
928 2223 1046 2272 regis.
1106 2224 1221 2262 Teste
1260 2236 1350 2272 rege
1389 2223 1495 2272 apud
1534 2222 1714 2271 Noting'‚
1748 2235 1838 2259 xxv.
1871 2221 1933 2259 die
1965 2222 2150 2270 Augusti.

548 2337 760 2384 Hybernfia.
870 2337 942 2372 [ἢν
1013 2337 1055 2373 L.
1124 2337 1352 2373 Dublinensi
1418 2333 1876 2382 arch[episcopm—Quia
1943 2333 2038 2371 villa
2105 2334 2151 2372 de

438 2395 658 2442 Okenach'‚
698 2410 817 2447 quam
858 2397 1087 2435 Willehnus
1126 2397 1173 2436 de
1213 2398 1385 2436 Marisco
1427 2397 1496 2447 qui
1535 2397 1742 2445 utlagatus
1791 2398 1851 2433 est
1901 2408 1972 2444 pro
2020 2400 2149 2433 morte

438 2458 604 2497 Henrici
658 2459 841 2497 Clement
892 2460 1021 2497 tenuit
1079 2461 1127 2497 de
1180 2459 1399 2498 venerabili
1459 2462 1570 2508 patre
1620 2459 1666 2495 L.
1722 2457 1965 2495 Dublinensi
2019 2459 2147 2496 arc-lii-

436 2521 635 2570 episcopo,
674 2522 829 2559 ratione
877 2522 1057 2560 cantredi
1105 2523 1153 2560 de
1202 2522 1406 2560 Okenach’
1447 2521 1552 2570 quod
1600 2520 1791 2558 dominus
1836 2520 1873 2557 J.
1915 2533 1996 2565 rex,
2038 2525 2151 2568 pater

437 2584 559 2633 hujus
611 2584 726 2632 regis,
780 2596 849 2632 per
900 2586 1053 2622 cartam
1107 2597 1223 2622 suam
1276 2584 1385 2622 dedit
1440 2583 1542 2621 bone
1596 2581 1790 2619 memorie
1840 2581 1891 2619 H.
1944 2582 2148 2631 quondam

439 2645 680 2684 Dublinensi
750 2646 1064 2695 archiepiscopo,
1129 2646 1396 2695 predecessori
1463 2643 1629 2694 predicti
1697 2643 1998 2692 archiepiscopi,
2057 2655 2149 2681 cum

437 2708 609 2747 servitiis
658 2708 837 2745 militum
885 2709 1066 2758 ejusdem
1118 2708 1314 2755 cantredi,
1365 2706 1593 2745 habendam
1643 2706 1717 2744 sibi
1769 2708 1807 2742 et
1856 2704 2151 2743 successoribus

438 2770 520 2807 suis
560 2770 600 2807 in
640 2771 890 2818 perpetuum,
931 2770 1066 2808 extitit
1105 2770 1147 2807 in
1186 2783 1311 2807 manu
1346 2769 1449 2818 regis
1484 2781 1554 2817 per
1590 2780 1717 2804 unum
1752 2779 1906 2804 annum
1943 2770 1981 2803 et
2020 2780 2147 2803 unum

438 2832 569 2876 diem3
627 2832 869 2869 mandatum
923 2835 982 2870 est
1038 2832 1233 2870 Mauricio
1285 2832 1369 2870 filio
1426 2830 1603 2875 Geroldi,
1658 2828 1884 2878 justiciario
1942 2827 2148 2875 Hiber-nie,

436 2895 541 2943 quod
579 2894 708 2932 eidem
743 2894 1043 2943 archiepiscopo
1090 2895 1137 2932 de
1185 2895 1364 2943 predicta
1410 2893 1504 2931 villa
1553 2892 1715 2940 plenam
1764 2890 1955 2928 seisinam
2003 2889 2148 2928 habere

439 2956 573 2994 faciat.
651 2956 767 2993 Teste
806 2969 896 3005 rege
936 2960 981 2994 ut
1021 2969 1153 3006 supra.

546 3069 601 3104 De
655 3075 800 3104 amenta
857 3068 1352 3114 facienda.—Mandatum
1407 3070 1467 3104 est
1530 3063 1763 3115 justiciariis
1821 3063 1869 3100 ad
1923 3062 2146 3100 custodiam

439 3130 660 3168 Judeorum
710 3128 927 3177 assignatis
973 3130 1078 3177 quod
1126 3142 1194 3178 per
1243 3130 1544 3167 sacramentum
1599 3125 1815 3175 proborum
1866 3127 1903 3161 et
1956 3123 2146 3172 legalium

438 3192 651 3230 hominum
692 3190 851 3228 extendi
886 3190 1038 3228 faciant
1078 3194 1226 3228 terram
1267 3190 1435 3228 Hem-ici
1476 3190 1523 3226 de
1563 3187 1739 3237 Braybof
1774 3198 1849 3234 que
1887 3191 1945 3222 est
1984 3186 2146 3223 vadium

435 3254 536 3303 Elye
556 3257 596 3291 et
616 3252 820 3290 Abraham
842 3251 1016 3288 filiorum
1039 3252 1178 3297 Cliere,
1202 3252 1421 3290 Judeorum
1443 3250 1660 3294 Wintmiie,
1682 3252 1720 3285 et
1741 3247 1939 3284 sociorum
1963 3259 2144 3293 suorum,

436 3314 657 3353 Manasseri
701 3314 751 3350 fiz
799 3313 834 3350 le
882 3312 1046 3351 Esvesk'
1083 3318 1122 3352 et
1170 3315 1369 3352 sociorum
1418 3323 1596 3354 suorum,
1648 3309 1870 3346 Judeorum
1922 3307 2143 3349 Hereford’,

440 3376 646 3417 Benedicti
682 3375 847 3425 Crespin
882 3376 920 3414 et
957 3375 1155 3418 sociorum
1195 3376 1295 3426 ejus,
1328 3376 1551 3414 Judeorum
1592 3370 1786 3416 London',
1828 3370 1959 3407 Aaron
1993 3370 2144 3408 Blundi
