2375 3587
228 214 310 253 212
1153 214 1337 257 CLOSE
1381 213 1584 257 ROLLS.

290 343 431 390 1235.

293 411 351 448 [111-
374 408 441 447 23.]
631 413 710 449 Pro
748 413 853 449 domo
891 414 934 449 de
972 411 1425 450 Bzssclaenaffl·⁷.—-Eodein
1462 410 1582 449 modo
1611 410 1850 448 mandatum
1881 412 1940 448 est
1971 409 2142 448 Ricardo
2171 409 2218 447 de

526 473 769 513 Muntfichet
805 477 844 512 et
881 474 1001 512 Petro
1038 474 1084 512 (10
1126 473 1240 523 Tany
1277 484 1347 521 pro
1385 472 1505 510 domo
1541 472 1589 510 de
1636 471 1880 522 Byckenacr'
1929 471 1972 509 in
2020 470 2215 510 comitatu

526 536 680 575 Essex'.
766 536 883 574 Teste
913 539 958 574 ut
992 548 1124 584 supra.

632 641 711 677 Pro
748 641 876 677 abbate
913 642 956 675 de
994 639 1102 676 Bello
1141 637 1556 675 Loca—Mandatum
1589 639 1650 676 est
1679 636 1897 675 baronibus
1930 637 1978 675 de
2011 636 2216 676 Scaccario

524 701 628 750 quod
674 701 759 739 sine
805 700 1098 750 impedimento
1143 698 1384 748 permittant
1431 697 1618 737 abbatem
1666 699 1713 737 ’(10
1760 698 1874 737 Bello
1920 698 2028 737 Loco
2075 697 2220 736 habere

524 762 836 801 amerciamenta
873 761 1086 800 hominum
1125 773 1290 799 suorum
1327 760 1374 798 (10
1407 760 1553 799 ultimo
1586 760 1728 799 itinere
1764 760 2080 811 justiciariorum
2115 759 2218 810 regis

524 825 565 862 in
604 825 798 864 comitatu
837 823 967 870 Berk’‚
1008 824 1112 862 sicut
1151 836 1196 861 ea
1233 822 1378 862 habere
1416 823 1626 862 consuevit
1664 836 1735 873 per
1772 825 1928 862 cartam
1975 822 2130 861 domini
2178 822 2216 861 J.

525 887 640 937 regis,
680 886 805 936 patris
843 886 965 936 hujus
1004 885 1121 935 regis,
1157 898 1279 935 quam
1318 884 1411 923 inde
1444 884 1580 924 habet.
1656 887 1772 924 Teste
1810 887 1855 923 ut
1895 897 2028 935 supra.

634 1007 711 1043 Pro
754 1006 936 1043 Willelmo
974 1007 1016 1042 de
1056 1004 1448 1054 Say—Mandatum
1486 1008 1547 1043 est
1585 1004 1811 1043 vicecomiti
1851 1004 2002 1043 Kancie
2035 1003 2141 1054 quod
2171 1003 2218 1042 de

525 1071 628 1106 terra
666 1065 861 1105 Willelmi
899 1066 947 1104 de
988 1066 1067 1116 Say
1104 1079 1226 1116 quam
1265 1065 1370 1115 cepit
1417 1066 1459 1103 in
1505 1078 1675 1104 manum
1721 1065 1824 1116 regis
1872 1077 1942 1115 per
1985 1067 2219 1114 preceptum

524 1129 640 1178 regis,
698 1141 743 1167 eo
794 1128 899 1178 quod
950 1128 1091 1166 datum
1148 1128 1225 1166 fuit
1280 1119 1363 1178 regi
1416 1127 1590 1177 intelligi
1648 1127 1782 1177 ipsum
1848 1126 2049 1166 turniasse
2114 1126 2220 1177 apud

525 1190 838 1240 Cantebrigiam‚
887 1191 1048 1240 plenam
1101 1189 1292 1228 seisinam
1338 1190 1374 1228 ei
1420 1189 1566 1228 habere
1613 1189 1747 1236 faciat,
1792 1189 1887 1239 quia
1933 1191 2091 1228 constat
2137 1189 2220 1238 regi

522 1254 657 1302 ipsum
705 1252 828 1291 fuisse
875 1256 1053 1302 tempore
1109 1252 1276 1302 predicti
1333 1251 1582 1291 turnementi
1637 1264 1771 1290 coram
1827 1250 2061 1302 justiciariis
2117 1251 2221 1301 regis

523 1314 808 1354 itinerantibus
847 1314 889 1352 in
928 1314 1125 1353 comitatu
1166 1313 1343 1353 Sussex'.
1420 1314 1537 1352 Teste
1575 1315 1619 1352 ut
1658 1326 1791 1363 supra.

631 1394 786 1432 Eodem
816 1393 935 1431 modo
964 1393 1204 1431 mandatum
1233 1396 1304 1433 est.
1322 1392 1548 1432 vicecomiti
1577 1392 1717 1430 Essex'
1739 1405 1810 1442 pro
1838 1392 1976 1430 eodem
2004 1391 2220 1431 Willelmo.

630 1498 709 1534 Pro
746 1499 874 1534 abbate
912 1498 954 1533 (Ie
994 1497 1101 1534 Bello
1142 1496 1415 1544 Loca—Quia
1462 1509 1530 1534 rex
1577 1495 1740 1534 tailliari
1778 1495 1872 1534 fecit
1910 1495 2113 1534 dominica
2150 1508 2222 1534 sua

520 1572 589 1609 per
640 1559 844 1609 Angliam,
894 1559 1133 1596 mandatum
1183 1563 1242 1597 est
1293 1557 1519 1597 vicecomiti
1572 1556 1690 1596 Berk’
1744 1558 1849 1607 quod
1901 1557 2047 1596 habere
2098 1557 2221 1597 faciat

522 1621 656 1660 abbati
695 1622 798 1660 Belli
837 1621 933 1660 Loci
971 1620 1209 1659 rationabile
1244 1621 1456 1670 tallagium
1488 1621 1534 1658 (10
1573 1619 1808 1658 hominibus
1845 1620 2015 1658 manerii
2053 1621 2135 1659 suis
2173 1621 2220 1659 (10

523 1683 707 1729 Farend’,
748 1683 853 1734 quod
890 1682 968 1721 fuit
1007 1682 1257 1722 dominicum
1296 1682 1334 1721 J.
1371 1682 1473 1732 regis
1512 1684 1551 1721 et
1589 1681 1695 1732 quod
1725 1682 1832 1720 idem
1872 1681 1993 1721 abbas
2023 1680 2144 1721 habet
2172 1682 2219 1720 de

523 1745 628 1784 dono
666 1757 751 1784 suo.
828 1744 945 1784 Teste
984 1747 1028 1783 ut
1067 1757 1200 1794 supra.

630 1868 707 1904 Pr«,
747 1869 851 1903 domo
890 1868 933 1903 (Ie
973 1865 1448 1903 fierden’.—Mandatu1n
1487 1867 1547 1903 est
1585 1864 1757 1903 Ricardo
1808 1865 1855 1903 de
1901 1864 2145 1904 Muntfichet
2183 1867 2222 1904 et

522 1928 640 1967 Petro
677 1929 724 1967 de
763 1928 876 1979 Tany
913 1928 1032 1977 quod,
1072 1927 1278 1966 occasione
1316 1926 1499 1965 mandati
1538 1926 1641 1977 regis
1678 1927 1784 1976 quod
1826 1939 1948 1976 penes
1992 1939 2032 1965 se
2070 1926 2222 1966 habent

522 1991 569 2029 (10
598 1991 770 2040 petendo
809 1990 958 2028 auxilio
988 1990 1037 2028 ad
1066 2002 1166 2039 opus
1196 1989 1298 2039 regis
1336 1989 1377 2026 in
1416 1989 1612 2027 comitatu
1642 1988 1798 2035 Essex',
1830 1989 1989 2028 nullum
2024 1989 2221 2028 auxilium

523 2056 662 2102 petant
700 2053 748 2091 de
785 2053 905 2091 domo
944 2052 990 2090 de
1029 2052 1214 2098 Berden‘,
1255 2051 1349 2102 quia
1388 2063 1455 2089 rex
1493 2051 1580 2089 vult
1619 2051 1749 2101 ipsam
1780 2050 1874 2089 inde
1912 2064 1997 2090 esse
2026 2051 2222 2102 quietam.

524 2116 641 2154 Teste
679 2128 768 2165 rege
806 2118 851 2154 ut
890 2127 1022 2165 supra.

633 2241 711 2277 Pro
749 2241 925 2277 Jolmnne
963 2241 1004 2276 de
1042 2237 1496 2277 Neam-Mandatum
1545 2240 1606 2276 est
1658 2239 1704 2276 R.
1745 2237 1793 2276 de
1830 2237 1990 2277 Lexint'
2029 2240 2068 2277 et
2107 2237 2224 2277 sociis

523 2302 618 2348 suis,
649 2301 883 2353 justiciariis
916 2300 1203 2340 itinerantibus
1234 2300 1275 2338 in
1307 2300 1504 2339 comitatu
1546 2300 1739 2347 Sumers',
1771 2300 1876 2350 quod
1914 2300 2115 2350 loquelam
2149 2313 2224 2351 que

523 2367 582 2402 est
629 2376 762 2402 coram
813 2363 868 2401 eis
917 2364 1022 2401 inter
1060 2363 1188 2401 Adam
1246 2362 1377 2400 filium
1425 2361 1620 2400 Willelmi
1669 2361 1708 2400 la
1756 2361 1871 2408 Bule,
1920 2364 2137 2411 petentem,
2185 2364 2224 2400 et

524 2426 753 2464 Johannem
782 2425 829 2463 de
858 2425 1018 2471 Nevill',
1040 2424 1310 2475 justiciarium
1340 2424 1485 2462 foreste
1520 2424 1636 2473 regis,
1663 2426 1882 2470 tenentem,
1913 2423 1961 2461 de
1990 2426 2223 2463 tenemento

522 2488 564 2525 in
598 2486 873 2537 Stokescurcy‚
902 2490 940 2525 et
970 2487 1169 2536 loquelam
1199 2499 1274 2536 que
1303 2489 1362 2524 est
1391 2498 1525 2525 coram
1554 2485 1610 2524 eis
1640 2485 1745 2524 inter
1774 2485 2024 2524 Willelmum
2057 2485 2157 2525 Cute
2185 2488 2224 2526 et

524 2549 764 2595 Ascelinam,
805 2561 970 2587 uxorem
1008 2549 1107 2599 ejus,
1147 2551 1370 2599 querentes,
1409 2550 1448 2586 et
1490 2547 1714 2597 predictum
1757 2547 1795 2586 J.
1835 2547 2136 2595 deforciantem‚
2176 2548 2224 2588 de

524 2612 616 2650 dote
650 2611 775 2660 ipsius
814 2611 996 2649 Asceline
1034 2611 1075 2648 in
1114 2611 1251 2649 eadem
1289 2610 1398 2656 villa,
1438 2612 1476 2648 et
1523 2609 1725 2660 loquelam
1772 2622 1848 2659 que
1895 2611 1956 2648 est
1995 2622 2130 2648 coram
2167 2610 2224 2650 eis

523 2673 630 2712 inter
676 2673 947 2722 Reginalclum
1004 2673 1051 2710 (10
1106 2672 1257 2722 Moyun
1314 2674 1518 2721 petentem
1574 2674 1612 2709 et
1669 2671 1879 2709 Matheum
1933 2671 1980 2709 de
2028 2671 2223 2719 Furnell',

524 2735 824 2780 deforcianteim
856 2734 903 2772 (10
941 2734 1102 2772 servitio
1137 2733 1242 2772 feodi
1272 2733 1392 2772 unius
1423 2733 1580 2779 militis,
1617 2733 1721 2771 unde
1752 2733 1858 2771 idem
1890 2732 2078 2772 Matheus
2108 2737 2224 2773 vocat

524 2798 573 2836 ad
615 2799 839 2836 warantum
888 2796 1113 2845 predictum
1161 2795 1406 2842 Johannem,
1455 2798 1608 2844 ponant
1655 2794 1698 2832 in
1742 2797 1967 2844 respectum
2010 2808 2135 2846 usque
2181 2796 2223 2834 in

523 2857 684 2897 octabas
735 2858 874 2897 Sancti
921 2856 1098 2903 Hillarii,
1147 2868 1254 2894 anno
1302 2859 1376 2894 etc.
1423 2869 1487 2894 xx,
1532 2855 1574 2893 in
1622 2855 1765 2894 itinere
1812 2868 1896 2894 suo.
1969 2855 2086 2896 Teste
2133 2870 2222 2907 rege

524 2921 629 2970 apud
668 2918 1085 2964 Westmonasterium,
1126 2918 1233 2956 xxix.
1273 2918 1336 2956 die
1374 2916 1624 2957 Novembris.

450 3075 469 3088 ,
632 3046 688 3082 De
726 3046 904 3082 tradendo
942 3046 985 3081 in
1017 3043 1487 3082 ballium—Mandatum
1516 3045 1577 3081 est
1610 3042 1836 3081 vicecomiti
1871 3042 2085 3092 Suhampt‘
2116 3043 2222 3093 quod

527 3106 742 3145 Ricardum
781 3105 913 3143 filium
951 3105 1051 3156 Elye
1096 3106 1144 3143 (10
1191 3105 1382 3144 Westcot'
1430 3104 1680 3154 appellatum
1728 3104 1774 3142 de
1820 3107 1949 3142 morte
1996 3105 2220 3152 Matiliidis,

526 3169 666 3207 matris
705 3168 913 3218 Margerie,
951 3180 1026 3218 que
1064 3167 1198 3217 ipsum
1238 3167 1456 3206 Ricardum
1496 3166 1672 3216 appellat
1711 3167 1758 3204 de
1796 3168 1925 3204 morte
1963 3166 2046 3213 illa,
2089 3167 2222 3206 tradat

526 3231 565 3267 in
602 3229 769 3268 ballium
809 3229 877 3279 xij.
920 3228 1054 3279 probis
1092 3232 1131 3267 et
1169 3228 1364 3278 legalibus
1413 3227 1645 3266 hominibus
1691 3226 1760 3277 qui
1805 3227 2091 3277 manucapient
2128 3241 2220 3267 eum

526 3291 668 3330 habere
705 3292 865 3341 quando
902 3294 941 3330 et
979 3290 1047 3329 ubi
1085 3303 1153 3329 rex
1190 3290 1409 3341 preceperit
1456 3290 1506 3328 ad
1553 3289 1743 3328 standum
1788 3288 1881 3327 inde
1927 3292 2046 3330 recto.
2105 3290 2221 3332 Teste

526 3356 570 3392 ut
609 3366 741 3404 supra.
