2375 3587
197 334 341 381 1237.

190 401 250 439 [m.
267 399 337 439 8‹2.]

187 3206 235 3246 [m
264 3205 333 3245 7‹z.]

1067 205 1118 244 21
1158 203 1363 245 HENRY
1404 204 1486 246 III.
2053 208 2136 249 543

538 402 621 440 Rex
671 403 825 452 Rogero
878 404 1064 442 Bertram
1117 407 1156 442 et
1211 405 1330 443 sociis
1381 404 1474 451 suis,
1515 405 1749 455 justiciariis
1803 406 1845 444 in
1901 405 2135 456 episcopatu

429 464 667 511 Dunholm',
717 466 902 504 salutem.
973 467 1215 504 Mandamus
1281 466 1393 505 vobis
1458 467 1562 516 quod
1611 468 1659 505 ad
1707 468 1853 506 assisas
1918 468 2134 518 capiendas

426 526 488 564 vel
528 526 607 564 alia
646 527 795 576 placita
832 528 1014 577 ejusdem
1044 528 1298 578 episcopatus
1328 529 1572 578 placitanda,
1606 529 1654 567 ad
1685 543 1760 578 que
1790 543 1859 568 vos
1888 530 2133 580 justiciarios

424 588 776 635 constitueramus,
817 603 897 628 non
936 591 1160 639 procedatis
1198 591 1322 629 donec
1362 591 1472 628 aliud
1511 592 1603 630 inde
1642 592 1936 641 preceperimus
1975 592 2053 630 nisi
2083 594 2133 632 ad

425 651 575 700 gaiolas
613 653 792 702 ejusdem
831 652 1084 702 episcopatus
1123 652 1429 699 deliberandas3
1469 654 1563 703 quia
1602 654 1792 691 nolumus
1821 655 1925 704 quod
1954 656 2132 704 predicte

424 713 547 752 assise
586 715 647 752 vel
686 715 765 752 alia
803 715 953 764 placita
987 715 1169 764 ejusdem
1217 716 1472 765 episcopatus
1520 717 1569 754 ad
1608 729 1772 765 presens
1817 717 2030 766 capiantur
2068 719 2130 757 vel

423 775 683 824 placitentur‚
724 777 827 815 sicut
858 777 1082 826 predictum
1112 780 1184 816 est.
1256 778 1373 817 Teste
1420 791 1509 828 rege
1557 779 1663 828 apud
1712 779 2131 827 Westmonasterium,

422 837 469 886 ij.
510 837 573 875 die
612 838 798 887 Augusti.

532 917 686 956 Editha
715 918 799 956 filia
828 918 977 956 Alurici
1009 921 1048 956 et
1079 918 1258 963 Mabilia,
1291 931 1401 957 soror
1430 920 1527 968 ejus,
1559 921 1868 959 attornaverunt
1897 921 2127 961 -Johannem

425 979 534 1030 Gray
571 980 620 1017 ad
658 980 899 1018 lucrandum
938 981 999 1018 vel
1039 981 1287 1030 perdendum
1327 981 1368 1018 in
1407 981 1565 1031 loquela
1613 995 1689 1031 que
1736 986 1798 1020 est
1844 983 1887 1020 in
1935 984 2130 1024 comitatu

425 1042 666 1091 Cantebrug'
698 1043 804 1081 inter
834 1043 940 1092 ipsas
971 1043 1167 1081 Editham
1207 1044 1242 1081 el
1284 1043 1509 1090 Mabiliam‚
1552 1047 1748 1093 petentes,
1789 1049 1827 1084 et
1868 1045 2044 1085 Alanum
2083 1048 2131 1086 de

426 1105 510 1144 Ool‘
565 1108 604 1143 et
659 1105 828 1151 Ivetam,
882 1108 1054 1144 matrem
1106 1106 1206 1156 ejus,
1257 1108 1455 1153 tenentes,
1516 1107 1563 1145 de
1621 1120 1658 1144 x.
1717 1107 1819 1146 acris
1876 1111 1978 1147 terre
2035 1122 2127 1148 cum

425 1167 681 1217 pertinentiis
720 1169 761 1205 in
801 1168 999 1207 Salxton'.
1076 1169 1195 1206 Teste
1234 1171 1278 1206 ut
1317 1181 1452 1218 supra.

534 1247 742 1286 Johannes
782 1248 829 1286 de
879 1248 1034 1286 Ulecot'
1075 1248 1297 1286 attornavit
1340 1248 1427 1287 1000
1477 1262 1550 1286 suo
1589 1249 1811 1287 Radulfuni
1850 1250 1886 1288 le
1926 1250 2052 1290 Clerc’
2093 1255 2133 1291 et

426 1309 649 1347 Radulfum
689 1310 735 1347 de
774 1309 881 1347 Alec'
926 1310 975 1347 ad
1014 1310 1255 1348 lucrandum
1290 1310 1352 1347 vel
1391 1310 1639 1359 perdendum
1679 1311 1721 1348 in
1760 1311 1918 1362 loquela
1956 1325 2032 1362 que
2071 1316 2132 1353 est

425 1371 467 1409 in
501 1372 696 1410 comitatu
737 1373 954 1410 Northant’
994 1372 1098 1410 inter
1138 1372 1270 1421 ipsum
1315 1373 1559 1420 -Johannem,
1592 1376 1809 1422 petentem,
1841 1377 1881 1413 et
1910 1375 2135 1415 Jordanum

425 1435 557 1472 filium
610 1434 846 1481 Thurstani,
888 1438 1107 1480 tenentem,
1162 1435 1209 1473 de
1261 1435 1431 1473 dimidia
1486 1436 1642 1485 virgata
1681 1439 1783 1475 terre
1822 1437 1863 1475 in
1915 1438 2133 1478 Hullecot'.

426 1496 543 1534 Teste
582 1499 627 1534 ut
666 1510 799 1546 supra.

531 1576 646 1614 Prior
683 1577 730 1614 de
768 1577 1064 1615 Bermundesh'
1103 1576 1324 1615 attornavit
1359 1577 1445 1616 loco
1483 1591 1555 1615 suo
1595 1578 1820 1617 Walterum
1860 1580 1896 1618 le
1935 1581 2047 1620 Clerc
2086 1582 2135 1620 ad

423 1639 664 1677 lucrandum
703 1639 765 1677 vel
804 1640 1051 1689 perdendum
1090 1639 1131 1676 in
1167 1639 1326 1688 loquela
1364 1652 1439 1689 que
1478 1644 1538 1678 est
1577 1640 1619 1678 in
1651 1642 1849 1680 comitatu
1886 1643 1995 1682 Surr'
2028 1643 2134 1682 inter

425 1701 626 1751 Rogerum
658 1702 705 1739 de
743 1702 885 1747 Lond',
926 1704 1144 1751 petentem,
1176 1704 1214 1739 et
1244 1701 1376 1751 ipsum
1407 1702 1592 1751 priorem,
1625 1706 1844 1752 tenentem,
1881 1705 1928 1744 de
1967 1706 2137 1756 triginta

424 1766 463 1802 et
501 1767 591 1802 octo
630 1764 730 1802 acris
770 1766 872 1802 terre
911 1764 952 1801 in
993 1764 1284 1813 Rotherhegh'.
1345 1764 1465 1803 Teste
1506 1768 1550 1802 ut
1591 1778 1725 1815 supra.

534 1844 617 1881 Rex
649 1844 875 1882 vicecomiti
908 1844 1101 1889 Devonie‚
1124 1844 1310 1881 salutem.
1375 1844 1625 1894 Precipimus
1658 1845 1731 1884 tibi
1762 1847 1881 1897 quod,
1915 1851 2135 1899 assumptis

426 1909 560 1945 tecum
612 1906 823 1945 duodecim
873 1906 1070 1956 legalibus
1124 1905 1322 1944 militibus
1374 1906 1422 1944 de
1474 1907 1671 1945 comitatu
1728 1912 1812 1955 tuo,
1873 1910 1914 1948 in
1973 1913 2134 1962 propria

426 1982 596 2018 persona
634 1972 705 2007 tua
744 1969 906 2007 accedas
943 1970 992 2006 ad
1030 1972 1175 2006 terram
1214 1968 1371 2006 Andree
1404 1969 1451 2006 de
1487 1969 1706 2018 Luveputt’
1743 1971 1783 2009 in
1825 1972 2057 2022 Luveputte
2093 1978 2132 2014 et

427 2035 575 2070 terram
616 2032 833 2070 Alexandri
872 2031 945 2069 filii
986 2031 1181 2069 Willelmi
1221 2032 1268 2069 de
1308 2032 1575 2083 Ruffugeraye
1614 2033 1655 2071 in
1696 2034 2065 2084 Ruffogresehaies,
2100 2042 2139 2077 et

428 2107 496 2144 per
534 2098 832 2133 sacramentum
873 2094 1035 2132 illorum
1083 2094 1168 2131 fieri
1217 2094 1341 2132 facias
1390 2095 1784 2144 perambulationem
1834 2097 1939 2136 inter
1987 2102 2135 2139 terram

427 2158 594 2206 predicti
650 2158 806 2195 Andree
864 2157 904 2194 in
964 2158 1192 2205 Luveputte
1251 2160 1289 2194 et
1357 2160 1505 2195 terram
1573 2158 1739 2207 predicti
1809 2159 2025 2199 Alexandri
2092 2163 2133 2201 in

428 2220 789 2270 Ruffogresehaies,
832 2219 888 2257 ita
926 2219 1032 2268 quod
1071 2218 1367 2268 perambulatio
1406 2219 1476 2257 illa
1514 2220 1584 2258 fiat
1631 2234 1699 2270 per
1746 2225 1875 2261 certas
1917 2227 2046 2263 metas
2094 2230 2134 2265 et

427 2282 588 2328 divisas,
628 2282 722 2333 quia
761 2282 837 2331 ipsi
877 2281 1057 2319 Andreas
1096 2284 1134 2318 et
1173 2281 1400 2319 Alexander
1429 2287 1651 2330 posuerunt
1691 2297 1730 2322 se
1769 2297 1904 2324 coram
1944 2286 2059 2326 nobis
2092 2289 2133 2327 in

426 2345 773 2394 perambulatione
822 2343 903 2381 illa.
980 2344 1036 2381 Et
1084 2342 1473 2392 perambulationem
1523 2345 1635 2383 illam
1684 2346 1873 2386 distincte
1913 2352 1952 2387 et
2001 2354 2137 2400 aperte

426 2408 467 2445 in
512 2408 707 2457 scriptum
756 2407 958 2444 redactam
1007 2405 1154 2443 habeas
1202 2418 1336 2443 coram
1384 2405 1619 2455 justiciariis
1666 2409 1815 2447 nostris
1861 2410 1911 2448 ad
1958 2412 2132 2460 primani

427 2470 596 2508 assisam
635 2482 727 2508 cum
767 2469 808 2506 in
848 2471 980 2517 partes
1018 2467 1108 2505 illas
1147 2467 1332 2505 venerint
1373 2467 1447 2505 sub
1487 2468 1620 2518 sigillo
1669 2474 1738 2508 tuo
1776 2474 1815 2509 et
1854 2484 1922 2520 per
1966 2478 2139 2523 quatuor

427 2532 577 2571 milites
616 2545 663 2570 ex
702 2531 782 2569 illis
820 2530 887 2581 qui
929 2529 1269 2578 perambulationi
1308 2529 1368 2566 illi
1416 2530 1704 2570 interfuerunt.
1791 2535 1844 2571 Et
1893 2534 2045 2575 habeas
2084 2537 2140 2576 ibi

427 2596 594 2634 nomina
632 2595 811 2633 militum
850 2596 889 2632 et
928 2593 1003 2631 1100
1042 2592 1170 2630 breve.
1258 2592 1375 2631 Teste
1423 2606 1512 2641 rege
1563 2595 1669 2643 apud
1712 2597 2137 2647 Westmonasterium‚

429 2658 487 2709 iij.
528 2658 591 2695 die
630 2656 818 2706 Augusti.

537 2738 728 2777 Johanna
802 2749 901 2774 uxor
975 2734 1168 2773 Willehni
1234 2734 1281 2772 (10
1350 2735 1493 2774 Stanes
1559 2738 1780 2777 attor-navit
1844 2751 1979 2778 coram
2046 2754 2136 2792 rege

430 2800 679 2839 Gilebertum
745 2799 792 2837 de
848 2798 1015 2836 Lekton'
1072 2800 1112 2835 et
1168 2797 1297 2835 Adam
1354 2797 1402 2835 de
1457 2798 1632 2850 Clovill's}
1668 2800 1717 2838 ad
1774 2801 2015 2841 lucrandum
2072 2805 2134 2843 vel

426 2863 674 2913 perdendum
712 2863 754 2899 in
792 2861 951 2910 loquela
989 2873 1064 2909 que
1102 2863 1163 2897 est
1202 2860 1243 2897 in
1283 2860 1481 2899 comitatu
1522 2861 1673 2900 Kancie
1712 2863 1819 2901 inter
1859 2865 2058 2904 Thomam
2102 2867 2138 2906 le

428 2927 602 2965 Fewtrer
639 2927 678 2962 et
717 2923 954 2968 Heni-icum,
996 2922 1162 2960 fratrem
1201 2923 1301 2970 ejus,
1339 2925 1532 2971 petentes,
1574 2926 1614 2962 et
1653 2925 1852 2974 predictos
1884 2927 2136 2968 Willelmum

427 2992 466 3027 et
514 2988 747 3025 Johannam
796 2987 991 3027 tenentes,
1032 2984 1079 3021 de
1117 2986 1290 3033 quatuor
1338 2985 1440 3023 acris
1492 2988 1595 3024 terre
1641 2998 1734 3025 cum
1795 2988 2053 3037 pertinentiis
2094 2991 2136 3029 in

429 3050 655 3102 Wykham’.
742 3047 798 3085 Et
854 3046 1095 3084 mandatum
1160 3045 1386 3085 vicecomiti
1454 3047 1606 3087 Kancie
1673 3050 1779 3099 quod
1836 3063 1901 3088 eos
1954 3052 2003 3089 ad
2061 3052 2137 3093 hoc

431 3112 609 3162 recipiat.

540 3192 745 3228 Tricensima
780 3189 966 3236 finandi-s*
1002 3189 1078 3234 resli
1116 3188 1441 3226 concessa—Rex
1480 3188 1669 3227 omnibus
1708 3190 1757 3227 ad
1795 3203 1894 3240 quos
1932 3196 2136 3240 presentes

429 3255 562 3294 littere
609 3250 876 3302 pervenerint,
917 3250 1102 3288 salutem.
1189 3249 1336 3289 Sciatis
1394 3252 1499 3301 quod
1555 3264 1647 3289 cum
1707 3252 1748 3288 in
1805 3252 1958 3292 octabis
1997 3256 2134 3295 Sancti

432 3315 596 3355 Hillarii
641 3326 748 3351 anno
799 3315 873 3350 etc.
928 3312 1009 3360 xxj.
1064 3312 1113 3349 ad
1173 3314 1412 3350 mandatum
1465 3316 1651 3351 nostrum
1715 3314 1977 3354 convenirent
2029 3318 2136 3367 apud

431 3374 840 3417 Westmonasterium
878 3373 1180 3423 archiepiscopi,
1220 3373 1407 3424 episcopi,
1449 3374 1627 3420 abbates,
1679 3374 1841 3424 priores,
1882 3377 2064 3426 comites,
2096 3382 2136 3419 et
