2375 3587
262 204 344 244 524

327 336 470 382 1237.

311 402 371 440 [m.
388 399 478 439 lssd.]

1200 206 1384 249 CLOSE
1426 206 1631 249 ROLLS.

669 399 844 438 ,Iacobus
892 401 939 438 de
988 401 1159 440 Hotton'
1209 403 1429 441 attor-navit
1487 403 1711 441 Hem-icum
1770 404 1817 441 de
1875 404 2070 441 Litleton'
2129 408 2269 443 contra

563 462 758 500 1101101010
808 463 854 500 de
904 463 1045 509 Hotot⁷
1096 464 1269 501 Elenam
1317 465 1365 502 de
1415 466 1555 510 Hotot‚
1604 470 1642 502 et
1691 465 1891 503 Amiciam
1939 478 2015 514 que
2054 466 2132 504 fuit
2171 480 2270 504 uxor

560 524 695 561 lvonis
733 524 780 561 de
820 525 960 569 Hotot,
1001 530 1039 563 et
1079 526 1331 563 Willelmum
1369 528 1577 571 Pistorem,
1617 527 1664 564 de
1703 529 1807 564 terra
1847 527 1888 564 in
1928 527 2222 566 Duntesberne.

670 611 909 649 Mandatum
949 618 1008 649 est
1048 612 1346 651 constabulario
1386 614 1525 651 Turris
1564 614 1695 651 Lond‘
1745 614 1851 663 quod
1899 613 2021 652 libere
2069 615 2268 653 sustineat

560 673 665 721 quod
722 680 910 722 parentes
967 674 1141 711 Galfridi
1199 675 1246 712 de
1322 675 1508 723 {urghers
1565 675 1599 712 ei
1656 675 1815 724 possint
1864 675 2092 713 necessaria
2139 676 2270 714 victus

561 735 806 773 sufficienter
825 736 1055 773 ministrare
1077 740 1115 773 et
1137 741 1382 774 armaturam
1414 737 1463 774 ad
1492 737 1673 774 duellum
1704 737 1937 775 faciendum
1969 737 2265 781 necessariam;

560 800 599 834 et
638 797 742 846 quod
782 802 998 846 antequam
1037 798 1237 846 percutiat
1276 798 1437 847 aliquod
1476 798 1671 843 duellum,
1705 811 1744 835 se
1778 798 1904 847 possit
1943 810 2036 836 cum
2077 803 2190 837 scuto
2229 806 2268 837 et

562 859 673 907 virga
721 859 848 896 tribus
896 860 957 896 vel
1005 869 1178 908 quatuor
1225 860 1366 898 diebus
1414 861 1463 898 ad
1511 861 1692 898 duellum
1751 860 1982 898 faciendum
2042 860 2267 907 habilitare,

561 921 657 958 dum
698 924 832 959 tamen
874 922 926 959 511
967 922 1006 958 111
1043 922 1153 959 salva
1187 926 1226 960 et
1261 935 1399 961 secura
1431 924 1626 961 custodia.
1687 922 1804 961 Teste
1840 936 1931 972 rege
1966 923 2072 973 apud
2107 923 2268 969 Dovor',

563 984 686 1032 xxiiij.
727 983 789 1021 die
828 983 1050 1021 Februarii.

668 1071 856 1108 Ernisius
905 1071 952 1108 de
1000 1071 1239 1109 Dunheved‘
1297 1075 1336 1110 et
1385 1072 1587 1119 Johanna,
1646 1086 1745 1111 uxor
1803 1073 1903 1122 ejus,
1962 1076 2271 1111 attornaverunt

563 1134 777 1182 Hugoncm
818 1134 864 1171 de
905 1134 1089 1183 Coudray
1129 1134 1170 1171 in
1205 1134 1332 1172 assisa
1366 1147 1466 1172 nove
1502 1135 1712 1172 disseisine
1744 1148 1866 1184 quam
1902 1135 2131 1185 Philippus,
2164 1137 2272 1185 prior

562 1196 699 1233 Sancti
748 1195 948 1233 Johannis
997 1196 1045 1233 de
1094 1196 1235 1239 Teum,
1286 1196 1502 1234 aramiavit
1550 1209 1684 1234 coram
1724 1197 1920 1235 Mauricio
1962 1198 2046 1235 filio
2091 1198 2269 1243 Geroldi‚

558 1258 780 1307 justiciario
828 1258 930 1305 regis
980 1257 1201 1307 Hybernie,
1254 1271 1392 1296 versus
1441 1259 1639 1307 predictos
1688 1259 1902 1297 Ernisium
1950 1263 1990 1297 et
2037 1261 2270 1298 ι1011000001

558 1321 604 1358 (10
653 1324 885 1359 tenemento
934 1321 974 1358 in
1025 1321 1413 1370 Balymunenhani'.
1510 1322 1627 1359 Teste
1675 1335 1765 1370 rege
1825 1323 1930 1371 apud
1990 1323 2266 1369 Cantuarffim,

561 1383 681 1432 xxvij.
722 1383 785 1420 (110
826 1382 1046 1420 Februarii.

669 1471 923 1508 Amauricius
970 1471 1017 1507 de
1068 1474 1214 1507 saneto
1263 1471 1460 1513 Amando,
1512 1471 1749 1508 Bertramus
1795 1472 1841 1509 de
1882 1471 2020 1518 Crioil,
2061 1472 2270 1510 Johannes

558 1533 603 1570 de
644 1533 833 1571 Plessetis
873 1538 910 1570 ct
952 1532 1145 1570 Silvester
1184 1533 1230 1569 de
1271 1533 1486 1577 Evcrdon’,
1523 1533 1704 1578 clericus,
1742 1534 1856 1571 missi
1889 1534 2053 1572 fuerunt
2083 1547 2127 1572 ex
2160 1539 2271 1584 parte

560 1595 661 1643 regis
692 1596 797 1643 apud
828 1595 983 1632 Roffani
1018 1595 1103 1643 xiij.
1133 1594 1196 1631 die
1225 1594 1366 1632 Marcii
1400 1595 1447 1631 101
1479 1595 1632 1644 judices
1671 1596 1877 1644 delegatos
1915 1596 1964 1633 ad
2004 1595 2271 1634 inhibendum

559 1658 614 1694 cis
671 1671 719 1695 00
777 1659 1035 1707 procederent
1094 1657 1134 1694 in
1193 1670 1314 1695 causa
1370 1670 1445 1706 que
1503 1657 1777 1695 ventilabatur
1833 1671 1968 1696 coram
2040 1659 2096 1696 eis
2164 1659 2271 1697 inter

559 1721 770 1757 domiuum
812 1720 1145 1758 Cautuariensem
1194 1723 1234 1757 et
1281 1719 1455 1768 priorem
1507 1720 1655 1758 Sancte
1705 1720 1919 1758 Trinitatis
1968 1720 2185 1759 Cantuarie
2223 1721 2270 1759 de

563 1787 776 1831 patronatu
817 1783 1088 1827 ecclesiarum,
1139 1783 1232 1831 quia
1282 1782 1516 1830 hujusmodi
1567 1782 1714 1831 placita
1761 1785 1946 1831 spectant
1994 1783 2042 1820 ad
2081 1795 2269 1821 coronam

559 1849 597 1882 et
637 1845 877 1891 dignitatem
919 1844 1022 1892 regis
1060 1848 1111 1889 et,
1152 1844 1184 1881 si
1225 1844 1460 1893 hujusmodi
1501 1857 1618 1881 cause
1656 1857 1792 1882 coram
1832 1845 1889 1882 eis
1941 1845 2269 1891 terminarentur,

562 1908 601 1943 in
641 1907 728 1956 ejus
767 1906 1033 1956 prejudicium
1074 1909 1307 1944 verteretur.

668 1995 814 2032 Postea
870 1994 1029 2043 scripsit
1086 1994 1142 2031 eis
1198 1992 1273 2031 sub
1330 1994 1404 2031 hac
1463 1993 1617 2030 forma:
1679 1994 1763 2030 Rex
1821 1992 1957 2031 abbati
2005 1994 2052 2031 (10
2105 1994 2270 2039 Lesnes‚

559 2057 744 2095 salutem.
856 2057 1096 2094 Audivimus
1153 2056 1258 2105 quod
1317 2056 1424 2104 prior
1480 2061 1518 2092 et
1594 2055 1784 2092 monachi
1857 2058 2001 2093 Sancte
2060 2055 2273 2093 Trinitatis

559 2120 776 2158 Cantuarie
809 2132 943 2157 coram
966 2123 1003 2157 te
1025 2123 1063 2157 et
1086 2117 1370 2168 conjudicibus
1402 2118 1482 2155 tuis
1513 2118 1639 2155 trahit
1671 2118 1720 2155 E.
1754 2118 2092 2156 Cantuariensem
2123 2119 2273 2156 archie-

559 2182 781 2231 piscopum.
818 2182 857 2218 in
908 2182 1057 2230 placita
1104 2182 1143 2218 in
1203 2180 1314 2219 curia
1371 2180 1696 2218 Christianitatis
1744 2180 1988 2218 auctoritate
2044 2180 2273 2218 litterarum

559 2244 711 2282 domini
761 2244 867 2293 Pape
916 2256 1035 2292 super
1082 2241 1420 2281 advocacionibus
1468 2242 1730 2280 ecclesiarum
1780 2242 2057 2280 maneriorum
2107 2255 2271 2280 suorum

558 2310 596 2344 et
636 2320 753 2355 super
793 2305 920 2343 xeniis
959 2318 1034 2355 que
1072 2305 1178 2343 idem
1217 2304 1544 2353 archiepiscopus
1579 2305 1749 2353 percipit
1783 2304 1830 2341 de
1865 2304 2058 2342 maneriis
2091 2304 2271 2353 ipsorum

560 2369 703 2417 prioris
742 2372 780 2406 et
819 2368 1113 2406 monachorum
1152 2370 1189 2405 et
1229 2380 1347 2415 super
1387 2365 1629 2404 obedientiis
1669 2366 1813 2404 domus
1864 2366 2011 2404 Sancte
2061 2366 2272 2405 Trinitatis

559 2431 788 2469 Cantuarie.
873 2430 974 2477 Quia
1013 2443 1104 2467 vero
1145 2429 1361 2466 manifeste
1410 2432 1469 2466 est
1517 2432 1658 2466 contra
1706 2441 1896 2466 coronam
1946 2432 1984 2466 et
2032 2428 2271 2478 dignitatem

560 2498 740 2531 nostram
781 2494 885 2542 quod
926 2493 1081 2542 prefata
1120 2492 1278 2542 loquela
1327 2494 1514 2529 teneatur
1563 2490 1603 2528 in
1654 2491 1765 2529 curia
1813 2490 2135 2529 Christianitatis
2181 2504 2272 2529 cum

560 2556 752 2605 placitum
793 2556 840 2593 de
878 2554 1216 2593 advocacionibus
1256 2553 1515 2592 ecclesiarum
1565 2552 1659 2590 alibi
1710 2553 1837 2591 teneri
1885 2566 1966 2590 non
2015 2552 2156 2590 debeat
2202 2566 2274 2591 nec

559 2618 811 2656 consueverit
851 2619 891 2655 in
931 2630 1054 2666 regno
1093 2622 1232 2654 nostro
1272 2628 1393 2665 quani
1435 2615 1476 2652 in
1517 2615 1627 2652 curia
1667 2618 1830 2654 nostra:
1882 2619 1921 2652 et
1955 2618 2135 2664 preterea
2168 2628 2273 2659 cum,

559 2684 726 2718 vacante
783 2680 1131 2728 archiepiscopatu
1190 2677 1490 2722 Cantuariensi‚
1550 2677 1598 2714 ad
1658 2690 1730 2714 nos
1788 2680 1826 2713 et
1883 2676 2049 2714 heredes
2112 2680 2273 2715 nostros

560 2743 760 2791 pertineat
808 2741 1008 2779 (lictorum
1058 2741 1297 2778 xenniorum
1347 2738 1551 2788 perceptio
1608 2742 1648 2776 et
1696 2739 1896 2776 dictarum
1954 2738 2273 2776 obedientiarum

560 2804 784 2854 dispositio,
846 2803 1128 2852 prohibuimus
1176 2801 1249 2840 tibi
1298 2814 1346 2839 ne
1394 2801 1577 2839 decetero
1634 2801 1829 2850 placitum
1887 2801 1988 2838 illud
2039 2806 2174 2839 teneas
2231 2801 2272 2839 in

561 2867 671 2906 curia
711 2865 1047 2904 Christianitatis.
1107 2867 1223 2902 Teste
1259 2877 1350 2913 rege
1390 2863 1496 2912 apud
1538 2863 1713 2908 Roffam,
1755 2863 1857 2913 xiiij.
1897 2862 1959 2900 die
2007 2863 2162 2901 Marcii.

673 2953 1128 2993 30›·ht'.-—Eustachius
1157 2952 1205 2990 de
1231 2951 1406 2989 Arderne
1434 2951 1656 2988 attornavit
1683 2950 1936 2988 Willelmum
1963 2950 2011 2988 de
2040 2950 2273 2997 Francton',

561 3017 829 3067 capellanum,
868 3019 907 3052 et
946 3015 1169 3053 Henricum
1209 3014 1272 3052 del
1312 3014 1456 3063 Aunay
1503 3017 1644 3051 contra
1692 3012 1928 3061 Philippum
1976 3012 2023 3049 de
2062 3012 2273 3062 Cropperie

561 3080 608 3117 de
647 3079 762 3116 feodo
800 3079 826 3127 j.
866 3077 1009 3114 militis
1046 3077 1087 3114 in
1129 3076 1351 3126 Sprotton’.
1430 3074 1546 3112 Teste
1586 3087 1675 3123 rege
1706 3074 1813 3123 apud
1849 3074 2270 3121 Westmonasterium,

562 3143 642 3192 xvj.
682 3141 745 3178 die
784 3140 938 3177 Marcii.

670 3227 971 3266 Dors'.——Pri0r
1011 3227 1147 3265 Sancti
1188 3227 1390 3265 Swithuni
1442 3224 1649 3263 Wintonie
1696 3224 1917 3262 attornavit
1955 3223 2185 3261 Johannem
2224 3225 2271 3263 de

563 3291 726 3340 Basing'
762 3293 901 3328 contra
932 3287 1119 3325 abbatem
1153 3288 1199 3334 de
1233 3289 1349 3326 Cern’
1385 3288 1432 3325 de
1466 3285 1776 3325 rationabilibus
1809 3285 1948 3323 divisis
1982 3285 2089 3323 inter
2122 3288 2269 3323 terram

561 3354 687 3403 ipsius
727 3351 880 3401 prioris⁴
909 3350 951 3387 in
986 3349 1099 3399 Wyk·
1139 3356 1177 3387 et
1217 3354 1365 3387 terram
1406 3349 1573 3398 predicti
1611 3347 1769 3386 abbatis
1798 3347 1839 3384 in
1877 3346 2093 3395 Redepoll'.
2152 3346 2269 3385 Teste

561 3429 650 3465 rege
688 3415 793 3465 apud
834 3411 1254 3458 westmonasterium,
1295 3413 1388 3461 xvij.
1428 3411 1490 3448 die
1529 3411 1681 3449 Marcii.
