2375 3587
182 338 327 384 1236.

172 403 336 443 [m.13d.]

1063 211 1117 251 20
1157 208 1363 251 HENRY
1404 209 1486 252 ΙΙΙ.
2043 212 2121 253 351

533 406 889 445 wasconia—Rex
944 407 1160 446 venerabili
1218 408 1259 445 in
1317 408 1478 447 Christo
1535 408 1638 457 patri
1698 409 1747 446 G.
1801 409 1938 446 eadem
1995 408 2124 457 gratia

422 466 711 514 Burdegalensi
750 470 1059 520 archiepiscopo,
1103 470 1241 509 Sancti
1282 470 1437 507 Andree
1485 472 1523 507 et
1564 469 1703 508 Sancti
1745 471 1923 509 Severini
1963 470 2123 509 decanis

419 530 459 565 et
497 530 698 578 capitulis,
731 531 865 570 abbati
904 536 942 571 et
981 532 1196 571 conventui
1239 532 1385 571 Sancte
1426 531 1563 569 Crucis
1596 531 1820 579 Burdegale
1859 536 1896 571 et
1935 533 2123 570 omnibus

418 589 508 627 aliis
573 604 743 640 quorum
811 594 925 642 signa
990 607 1165 643 appensa
1231 593 1396 631 fuerunt
1453 593 1494 629 in
1562 593 1707 630 litteris
1773 594 1806 631 ei
1874 594 2123 632 transmissis

418 652 720 692 continentibus
770 656 950 704 querelas
1001 657 1049 694 de
1098 656 1260 705 injuriis
1312 654 1367 692 eis
1421 655 1538 692 factis
1592 668 1711 703 super
1763 655 2035 705 herbergagiis
2086 659 2125 694 et

419 713 508 751 aliis
557 715 613 753 eis
663 716 793 762 factis,
846 718 1032 755 salutem.
1119 718 1221 755 Cum
1272 730 1400 766 nuper
1452 717 1657 754 venissent
1711 718 1758 754 ad
1812 731 1883 755 nos
1933 718 2123 766 magister

419 775 579 823 Vitalis,
619 779 927 828 archipresbiter
974 781 1022 818 de
1070 780 1181 818 Inter
1225 779 1315 817 Duo
1364 779 1507 823 Maria,
1553 782 1759 828 preceptor
1808 780 1931 817 totius
1980 780 2123 818 Militie

420 837 578 888 Templi
625 840 666 878 in
708 842 921 880 Wasconia
968 846 1006 880 et
1054 844 1260 891 preceptor
1308 841 1355 878 de
1395 841 1433 878 la
1473 841 1603 878 Grave
1649 842 1829 890 ejusdem
1877 842 2043 887 ordinis,
2084 849 2122 879 et

419 900 687 940 Alinauvinus
718 904 765 941 de
799 904 944 950 Alban,
978 903 1277 954 hospitalarius,
1309 916 1354 940 ex
1390 906 1501 951 parte
1536 906 1667 940 vestra
1703 916 1773 952 pro
1803 903 1964 950 negotio
1999 904 2123 942 totius

418 963 520 1000 terre
568 967 702 1003 nostre
751 966 962 1004 Wasconie
1009 965 1280 1004 communiter
1327 964 1532 1007 destinati,
1584 968 1791 1013 tamquam
1842 965 1916 1002 viri
1964 966 2122 1003 discreti

418 1036 579 1063 causam
615 1028 812 1067 adventus
847 1029 907 1067 sui
943 1042 1062 1078 super
1100 1028 1296 1066 molestiis
1335 1030 1373 1064 et
1409 1026 1725 1075 gravaminibus,
1759 1040 1834 1076 que
1873 1041 1941 1065 vos
1979 1032 2017 1066 et
2056 1029 2123 1066 alii

418 1086 465 1124 de
496 1090 600 1126 terra
630 1094 768 1129 nostra
800 1091 1011 1130 Wasconie
1038 1091 1172 1128 dicitis
1200 1103 1268 1128 vos
1304 1089 1372 1126 diu
1407 1089 1648 1126 sustinuisse
1680 1103 1798 1139 super
1825 1089 2123 1139 11911191111151119ῑῖΞ

417 1151 456 1186 91
489 1150 578 1188 aliis
611 1152 798 1191 oneribus
833 1153 1036 1198 indebitis,
1074 1152 1187 1191 nobis
1218 1151 1439 1197 diligentur
1472 1156 1755 1200 exposuerunt,
1791 1165 1940 1201 nosque
1975 1153 2124 1190 auditis

418 1213 588 1260 querelis
636 1218 675 1253 et
722 1216 1039 1265 gravaminibus,
1080 1214 1225 1265 quibus
1264 1227 1311 1252 ex
1350 1216 1462 1262 parte
1501 1217 1633 1251 vestra
1681 1214 1796 1252 nobis
1843 1215 2123 1264 supplicarunt

417 1275 522 1323 quod
561 1277 774 1315 consilium
812 1282 850 1317 et
890 1278 1111 1316 remedium
1153 1289 1460 1326 apponerenms,
1501 1280 1545 1313 ut
1586 1276 1668 1314 Deo
1708 1280 1747 1314 et
1785 1280 1920 1315 sancte
1959 1278 2123 1316 ecclesie

418 1340 456 1374 et
504 1338 615 1377 vobis
662 1343 700 1378 91
748 1341 837 1379 aliis
883 1342 930 1379 de
978 1340 1161 1389 partibus
1210 1339 1360 1377 nostris
1403 1339 1741 1387 conquerentibus
1784 1340 2121 1386 satisfaceremus,

419 1399 466 1437 de
518 1401 686 1439 consilio
738 1407 875 1441 nostro
927 1403 1149 1453 optulimus
1201 1401 1390 1451 predictis
1440 1401 1596 1439 nuntiis
1644 1402 1786 1439 vestris
1834 1403 1939 1451 quod
1988 1415 2121 1441 coram

419 1463 635 1501 venerabili
674 1468 786 1514 patre
824 1465 1124 1514 archiepiscopo
1163 1464 1365 1501 Auxitano
1404 1467 1443 1501 et
1481 1463 1637 1501 dilectis
1676 1467 1713 1501 et
1753 1464 1936 1502 fidelibus
1975 1466 2122 1503 nostris

419 1523 524 1574 Elya
580 1526 696 1564 Ridel
752 1528 918 1573 seniore,
979 1526 1212 1566 Senebruno
1269 1526 1315 1563 (19
1373 1526 1571 1574 Lesparr',
1631 1526 1810 1563 Amaneo
1873 1527 1921 1564 de
1978 1527 2123 1565 Lebret

418 1588 457 1623 et
504 1587 607 1637 Elya
652 1588 869 1626 Gumbaud
918 1589 964 1626 de
1007 1588 1181 1626 Corsnac
1228 1600 1297 1636 per
1341 1590 1639 1624 sacramentum
1684 1587 1829 1636 viginti
1873 1591 1911 1630 et
1953 1592 2125 1638 quatuor

418 1647 681 1687 discretorum
730 1654 769 1689 et
816 1651 1001 1698 legalium
1050 1650 1266 1688 hominum
1315 1662 1396 1686 non
1437 1653 1715 1697 suspectorum
1750 1653 1788 1687 et
1827 1663 1895 1699 per
1932 1663 2031 1699 quos
2070 1652 2125 1689 rei

418 1712 565 1750 veritas
613 1714 757 1751 melius
805 1714 895 1752 sciri
942 1713 1089 1763 poterit
1136 1713 1368 1761 diligentem
1414 1712 1499 1749 fieri
1548 1712 1771 1749 faceremus
1818 1713 2123 1762 inquisitionem

419 1787 441 1812 a
498 1775 643 1824 quibus
695 1776 929 1815 hominibus
986 1775 1136 1814 nostris
1192 1779 1231 1813 et
1279 1775 1420 1812 alienis
1469 1775 1509 1811 in
1569 1775 1783 1813 Wasconia
1839 1775 2127 1826 herberbagia²³³⁵

419 1838 507 1886 capi
579 1842 873 1877 consueverunt
953 1837 1203 1887 temporibus
1278 1837 1331 1874 H.
1410 1837 1525 1883 regis,
1603 1837 1667 1874 avi
1742 1837 1883 1882 nostri,
1960 1842 1999 1876 et
2074 1839 2121 1877 R.

419 1900 534 1948 regis,
583 1901 772 1939 avunculi
829 1901 970 1945 nostri,
1020 1905 1059 1938 et
1116 1903 1295 1949 tempore
1343 1899 1496 1937 domini
1545 1899 1582 1936 J.
1630 1899 1747 1948 regis,
1797 1900 1923 1948 patris
1980 1901 2121 1947 nostri,

419 1974 441 1999 a
498 1963 726 2001 senescallis
789 1963 870 2001 suis
933 1963 1001 2012 qui
1065 1975 1136 2012 pro
1200 1965 1379 2010 tempore
1447 1961 1611 1999 fuerunt
1679 1962 1842 1999 nomine
1905 1964 2123 2001 eorundem

418 2037 559 2073 regum
608 2028 646 2064 et
693 2039 791 2076 quas
839 2024 1009 2075 injurias
1047 2025 1217 2062 dilectus
1256 2027 1295 2062 et
1333 2023 1462 2060 fidelis
1510 2026 1645 2061 noster
1685 2024 1737 2061 H.
1779 2024 1825 2062 de
1874 2025 2121 2071 Trublevill',

418 2088 660 2126 senescallus
698 2091 832 2126 noster
879 2087 1102 2133 Wasconie,
1152 2087 1213 2124 vel
1262 2086 1365 2124 alius
1414 2086 1657 2124 senescallus
1704 2089 1851 2133 noster,
1902 2087 2013 2126 vobis
2062 2089 2124 2126 vel

418 2149 507 2187 aliis
546 2150 640 2188 fecit
679 2150 872 2199 capiendo
911 2150 1027 2188 aliter
1066 2148 1354 2196 herberbagia²³³³²
1393 2148 1572 2197 predicta
1611 2152 1789 2197 tempore
1828 2153 1966 2188 nostro
2003 2163 2124 2200 quam

418 2212 506 2261 capi
554 2216 849 2250 consueverunt
897 2215 935 2249 et
982 2211 1206 2249 debuerunt
1256 2210 1506 2259 temporibus
1560 2223 1699 2259 regum
1751 2211 2036 2260 predictorum,
2086 2216 2123 2251 et

417 2275 578 2322 quando
616 2278 653 2312 et
691 2275 864 2324 qualiter
902 2278 940 2312 et
987 2288 1009 2311 a
1051 2272 1196 2323 quibus
1254 2273 1342 2322 capi
1396 2272 1617 2310 debuerant
1670 2276 1708 2311 et
1759 2278 2049 2312 consueverant
2101 2288 2123 2312 a

417 2335 577 2385 regibus
624 2337 814 2385 predictis
860 2340 899 2374 et
951 2349 1088 2374 eorum
1143 2335 1316 2381 ballivis,
1372 2335 1559 2372 similiter
1609 2338 1647 2372 et
1697 2348 1719 2372 a
1772 2335 1930 2374 ballivis
1978 2337 2124 2374 nostris

418 2399 580 2436 nomine
628 2402 779 2437 nostro.
864 2399 1013 2437 Verum
1061 2398 1154 2436 licet
1202 2411 1273 2446 pro
1321 2398 1490 2435 veritate
1539 2398 1631 2434 inde
1679 2398 1920 2448 inquirenda
1967 2403 2006 2438 et
2052 2413 2123 2449 pro

414 2460 573 2509 justitia
621 2460 732 2498 vobis
781 2463 819 2498 et
869 2460 957 2497 aliis
1004 2458 1346 2509 conquerentibus
1399 2458 1624 2496 exhibenda
1676 2462 1764 2508 post
1814 2460 2120 2509 inquisitionem

415 2523 507 2560 inde
546 2523 695 2561 factam
730 2523 769 2560 id
802 2522 887 2560 fieri
921 2521 1248 2566 decrevissemus,
1282 2521 1448 2570 predicti
1484 2521 1619 2558 nuntii
1654 2523 1783 2559 nostri
1815 2522 2121 2573 inquisitionem

415 2586 537 2623 talem
596 2598 731 2623 secum
793 2585 944 2622 deferre
1008 2587 1047 2622 et
1112 2583 1284 2633 gratiam
1346 2586 1529 2621 nostram
1593 2584 1649 2621 eis
1714 2583 1891 2623 oblatam
1956 2587 2123 2625 omnino

415 2651 663 2693 recusarunt,
703 2660 748 2685 eo
786 2648 892 2697 quod
930 2647 978 2684 de
1018 2650 1197 2696 tempore
1237 2647 1403 2695 predicti
1444 2646 1569 2696 patris
1609 2647 1737 2684 nostri
1784 2648 1870 2686 fieri
1918 2650 2121 2688 voluimus

414 2710 734 2759 inquisitionem,
784 2709 954 2758 qualiter
1003 2709 1087 2758 ipse
1139 2712 1177 2746 et
1229 2709 1437 2746 senescalli
1491 2709 1551 2746 sui
1601 2708 1892 2759 herberbagia0
1941 2712 2120 2760 predicta

413 2772 558 2810 habere
607 2775 645 2810 et
694 2772 879 2810 homines
929 2772 1106 2820 partium
1158 2771 1320 2807 illarum
1373 2771 1413 2806 in
1464 2771 1538 2808 hoc
1589 2774 1760 2808 tractare
1810 2777 2117 2812 consueverunt.

414 2835 594 2883 Cumque
660 2834 781 2871 aliam
842 2833 1149 2882 inquisitionem
1206 2833 1253 2870 de
1310 2832 1610 2881 1191119111113119ἦξε
1670 2834 1858 2881 predictis
1924 2838 1962 2873 et
2028 2837 2118 2874 aliis

413 2895 714 2945 gravaminibus
758 2908 879 2944 quam
927 2895 1151 2943 predictum
1195 2899 1267 2940 est,
1316 2895 1371 2932 eis
1419 2896 1546 2932 facere
1595 2896 1866 2933 noluissemus
1905 2897 2007 2935 sicut
2046 2911 2118 2936 nec

415 2957 639 3002 debuimus,
693 2960 811 3006 prout
867 2956 1035 2994 consilio
1090 2959 1227 2993 nostro
1281 2955 1488 2993 videbatur
1541 2959 1720 3005 tempore
1771 2958 1939 3006 predicti
1991 2960 2117 3007 patris

415 3019 542 3057 nostri
569 3018 838 3068 pretermisso,
862 3018 1013 3055 infecto
1039 3017 1199 3067 negotio
1231 3022 1504 3062 recesserunt;
1537 3022 1581 3055 ut
1611 3018 1734 3067 igitur
1758 3032 1826 3056 vos
1852 3020 2119 3058 certificen‘ius

414 3084 609 3131 quantam
648 3080 821 3129 gratiam
843 3080 1046 3128 vpredictis
1083 3080 1239 3117 nuntiis
1279 3080 1428 3117 nostris
1467 3081 1747 3128 optulerimus,
1781 3080 1892 3119 vobis
1930 3082 2119 3121 duximus

414 3143 737 3193 significandum,
776 3142 881 3191 quod
921 3142 953 3179 si
992 3142 1106 3179 vacui
1152 3143 1201 3179 ad
1250 3155 1318 3179 vos
1366 3142 1581 3188 redierunt,
1623 3141 1737 3179 nobis
1785 3146 1855 3180 aut
1903 3144 2022 3181 alicui
2070 3146 2116 3183 de

414 3206 581 3244 consilio
629 3207 765 3242 nostro
813 3203 851 3240 id
897 3216 977 3241 non
1026 3204 1208 3252 poteritis
1257 3204 1512 3253 aliquatenus
1560 3204 1772 3252 imputare,
1813 3217 1904 3242 911111
1944 3206 2116 3244 velimus

415 3273 454 3306 et
491 3266 621 3317 parati
660 3266 787 3303 simus
825 3265 952 3302 modis
991 3265 1192 3310 omnibus,
1228 3266 1336 3303 salvo
1370 3267 1456 3315 jure
1491 3270 1529 3303 91
1565 3266 1714 3302 honore
1747 3269 1896 3310 nostro,
1929 3266 2040 3305 vobis
2080 3273 2117 3306 et

416 3330 505 3368 aliis
553 3326 891 3377 conquerentibus
939 3327 1144 3376 justiciam
1193 3328 1418 3365 exhibendo
1465 3328 1670 3377 providere
1720 3331 1758 3365 et
1810 3331 1991 3366 sanctam
2042 3330 2115 3369 Dei

1138 3426 1151 3441 *
1173 3423 1227 3455 Sic
1258 3424 1294 3454 in
1325 3425 1396 3455 MS.
