2375 3587
207 186 262 225 30

265 307 408 355 1234.

253 372 315 413 [m.
350 373 420 416 215]

1141 193 1325 235 CLOSE
1364 191 1567 234 ROLLS.

611 392 765 430 Eodem
804 394 921 431 modo
959 394 1195 432 mandatum
1234 396 1293 431 est
1332 391 1629 431 constabulario
1667 393 1713 431 de
1748 393 1927 434 Windes’
1961 395 2008 434 de
2040 395 2196 435 decima

502 454 644 492 foreste
685 455 731 493 de
777 456 968 494 Windes’.
1027 456 1141 494 Teste
1180 458 1224 494 ut
1263 467 1394 504 supra.

612 565 689 601 Pro
728 565 894 612 Radulfo
932 566 975 600 de
1004 565 1139 612 Tomy,
1171 565 1213 600 de
1245 561 1755 611 querctibica—Mandatum
1794 565 1853 601 est
1893 563 2070 603 Henrico
2108 565 2193 604 filio

499 624 682 662 Nicholai
719 626 822 674 quod
857 626 897 662 in
930 625 1075 663 foresta
1112 625 1158 663 (16
1196 625 1387 662 Pauncet'
1423 622 1567 661 habere
1600 623 1721 661 faciat
1756 624 1932 663 Radulfo
1972 626 2018 664 de
2057 626 2193 678 Toeny

498 685 596 723 duas
633 699 812 736 quercus,
852 687 898 725 de
936 687 1041 725 dono
1079 686 1195 735 regis.
1256 686 1372 724 Teste
1411 698 1501 735 rege
1541 688 1585 723 ut
1623 698 1754 735 supra.

604 793 682 828 Pro
727 794 907 830 Willelmo
948 794 1084 830 Pam-el
1123 791 1618 829 »oeream-e.—Dominus
1658 804 1726 829 rex
1765 793 1814 830 ad
1852 793 2091 832 instantiam
2133 795 2187 834 H.

496 853 542 891 de
594 853 835 900 Trublevill'‚
887 855 1094 892 senescalli
1142 854 1364 899 Wasconie‚
1412 853 1608 891 concessit
1656 854 1760 902 quod
1800 854 1994 893 Ricardus
2033 856 2187 905 Purcel,

494 915 561 964 qui
598 918 658 953 est
694 916 741 954 de
779 919 883 954 terra
920 916 1118 954 Johannis
1157 916 1202 953 de
1241 916 1279 952 la
1317 915 1464 961 Lund’,
1505 915 1579 953 viri
1618 915 1821 965 Elyanore
1873 917 2019 956 sororis
2060 919 2187 968 ipsius

496 977 672 1023 Heniici,
718 980 757 1016 et
798 991 915 1027 quem
962 977 1098 1015 ballivi
1149 977 1266 1016 Sulit'
1313 977 1478 1015 arestari
1527 977 1708 1015 fecerunt
1756 977 1964 1017 occasione
2010 981 2188 1030 precepti

495 1038 648 1076 domini
699 1040 802 1088 regis
850 1040 953 1088 quod
1000 1038 1227 1077 habuerunt
1278 1039 1324 1077 de
1377 1037 1663 1077 mercatoribus
1723 1039 1769 1077 de
1826 1036 2026 1088 potestate
2082 1043 2187 1092 regis

495 1099 662 1138 Francis
718 1101 953 1147 arestandis,
1011 1101 1085 1139 hac
1141 1101 1225 1139 vice
1279 1099 1523 1139 deliberetur
1578 1113 1670 1139 cum
1728 1101 1917 1140 omnibus
1974 1103 2091 1142 rebus
2148 1108 2186 1144 et

493 1162 750 1200 mercandisis
783 1162 865 1200 suis
896 1175 986 1201 cum
1020 1175 1064 1200 eo
1098 1162 1294 1200 arestatis.
1354 1163 1409 1200 Et
1440 1163 1679 1200 mandatum
1714 1165 1773 1201 est
1807 1163 1996 1212 predictis
2027 1164 2185 1205 ballivis

492 1224 595 1272 quod
624 1224 755 1273 ipsum
786 1225 1002 1262 Ricardum
1032 1227 1070 1262 et
1100 1237 1160 1262 res
1189 1228 1227 1262 et
1257 1224 1525 1262 mercandisas
1556 1237 1647 1263 cum
1678 1237 1723 1262 eo
1753 1228 1947 1264 arestatas
1978 1229 2185 1267 occasione

492 1286 667 1334 predicta
706 1287 790 1324 sine
828 1287 1019 1324 dilatione
1057 1286 1266 1324 deliberari
1305 1286 1470 1324 faciant.
1530 1286 1646 1324 Teste
1668 1290 1712 1324 ut
1733 1300 1867 1336 supra.

596 1364 650 1402 Et
680 1365 916 1403 mandatum
946 1368 1005 1402 est
1034 1364 1190 1403 ballivis
1220 1366 1376 1412 Norht‚'
1406 1364 1631 1403 vicecomiti
1664 1365 1883 1412 Warewici,
1914 1368 2019 1417 quod
2049 1381 2111 1407 res
2140 1371 2179 1408 et

489 1426 755 1464 mercandisas
792 1427 917 1476 ipsius
956 1426 1115 1465 Ricardi
1153 1427 1359 1466 occasione
1398 1427 1575 1476 predicta
1613 1429 1809 1466 arestatas
1855 1428 1940 1467 sine
1986 1430 2179 1469 dilatione

489 1487 695 1525 deliberari
724 1488 885 1527 faciant.
1552 1482 1554 1484 Ι

595 1596 673 1632 Pro
717 1597 883 1645 Ῑίαιῖιιζγὶ)
930 1599 972 1633 cle
1019 1598 1161 1645 Sanccgs
1209 1597 1562 1634 ntercatm·e.—Rex
1615 1596 1802 1636 similiter
1847 1598 1896 1636 ad
1939 1598 2179 1638 instantiam

488 1657 652 1705 predicti
692 1658 856 1696 Henrici
895 1658 1090 1697 concessit
1128 1659 1231 1708 quod
1261 1659 1460 1696 Radulfus
1493 1659 1541 1696 de
1582 1659 1747 1710 Saucey,
1788 1660 1856 1709 qui
1890 1664 1950 1699 est
1989 1662 2035 1700 de
2074 1665 2179 1701 terra

489 1718 686 1766 Drogonis
742 1720 788 1757 de
828 1719 1074 1766 Trublevill',
1122 1721 1257 1758 fratris
1315 1720 1439 1769 ipsius
1492 1721 1673 1767 Henrici‚
1734 1725 1773 1760 et
1825 1725 2024 1761 arestatur
2073 1725 2178 1773 apud

487 1780 722 1818 Bristollum
761 1782 963 1820 occasione
1001 1782 1189 1831 predicta,
1230 1782 1416 1820 similiter
1453 1782 1704 1821 deliberetur.
1762 1784 1817 1822 Et
1850 1785 2090 1823 mandatum
2120 1789 2180 1824 est

487 1840 642 1880 ballivis
680 1842 859 1881 Bristolli
896 1844 1000 1893 quod
1038 1844 1169 1893 ipsum
1200 1844 1420 1882 Radulfum
1449 1848 1487 1883 et
1516 1858 1576 1882 res
1605 1848 1644 1883 et
1673 1846 1944 1885 mercandisas
1974 1860 2064 1886 suas
2094 1848 2180 1887 sine

487 1903 675 1942 dilatione
713 1904 922 1943 deliberari
961 1906 1123 1944 faciant.
1200 1908 1314 1944 Teste
1352 1919 1440 1956 rege
1480 1910 1522 1945 ut
1563 1919 1694 1956 supra.

592 2020 669 2055 Pro
710 2021 888 2057 Willelma
944 2023 1128 2069 lVyynmz,
1166 2024 1351 2070 preposito
1405 2024 1446 2059 tle
1488 2022 1815 2071 ]}a1·hcfi’.-Rex
1853 2023 1902 2061 ad
1936 2023 2177 2062 instantiam

486 2079 610 2128 ipsius
658 2081 824 2120 Henrici
874 2084 1067 2121 concessit
1115 2084 1219 2133 quod
1276 2096 1344 2133 per
1404 2084 1606 2133 plevinam
1667 2084 1753 2134 ejus
1811 2097 1933 2123 naves
1982 2085 2177 2124 Willelmi

484 2143 703 2191 Wyngnun
742 2145 933 2194 prepositi
972 2146 1018 2183 de
1057 2146 1228 2184 Barbefi’
1268 2150 1306 2184 et
1345 2160 1406 2184 res
1443 2150 1482 2185 et
1520 2147 1767 2185 mercandise
1807 2147 1847 2184 in
1880 2147 1935 2186 eis
1974 2152 2175 2196 contente,

484 2216 582 2252 quas
632 2205 767 2244 ballivi
816 2208 863 2245 de
910 2207 1107 2245 Portesm’
1156 2209 1321 2246 arestari
1370 2209 1548 2247 fecerunt
1596 2210 1636 2246 in
1685 2212 1803 2258 portu
1851 2222 1922 2247 suo
1969 2211 2176 2249 occasione

484 2266 671 2313 predicta,
715 2268 998 2307 deliberentur.
1057 2269 1112 2308 Et
1159 2271 1398 2308 mandatum
1446 2274 1505 2309 est
1552 2270 1709 2309 ballivis
1747 2271 1794 2308 de
1834 2271 2030 2309 Portesm’
2070 2273 2176 2321 quod

483 2339 601 2365 naves
650 2329 774 2378 ipsius
822 2331 1013 2380 prepositi
1062 2345 1153 2370 cum
1202 2332 1318 2370 rebus
1365 2335 1403 2370 et
1450 2333 1712 2371 mercandisis
1760 2333 1802 2370 in
1864 2333 1919 2371 eis
1974 2335 2175 2373 contentis

483 2388 691 2428 deliberari
733 2391 897 2430 faciant.
975 2393 1090 2431 Teste
1128 2397 1172 2432 ut
1210 2407 1340 2443 supra.

589 2469 824 2507 Mandatum
859 2473 918 2509 est
947 2471 1122 2510 Henrico
1151 2472 1234 2510 filio
1263 2473 1447 2511 Nicholai
1480 2474 1586 2523 (1110(1
1615 2473 1656 2510 in
1686 2473 1834 2511 foresta
1863 2474 1910 2512 de
1941 2475 2171 2524 Graveling’

482 2528 601 2568 faciat
648 2530 791 2570 habere
841 2533 1032 2572 fratribus
1079 2534 1291 2583 hospitalis
1337 2535 1383 2573 de
1422 2536 1589 2574 Wilton'
1629 2535 1706 2574 tria
1752 2535 1893 2574 robora
1941 2537 1990 2574 ad
2036 2536 2170 2576 focum

482 2602 611 2637 suum,
651 2592 698 2629 (16
736 2593 839 2631 (10110
879 2595 995 2644 regis.
1071 2595 1187 2634 Teste
1222 2599 1266 2634 ut
1305 2610 1436 2645 supra.

586 2670 784 2710 Dominus
822 2686 889 2711 rex
936 2674 1179 2724 significavit
1226 2676 1428 2714 Willelmo
1468 2676 1647 2726 Wyniun
1695 2677 1813 2726 quod,
1863 2676 1957 2715 licet
2004 2677 2171 2715 arestari

480 2733 695 2781 preceperit
732 2734 774 2771 in
813 2738 917 2773 terra
954 2736 1096 2785 Anglie
1134 2741 1372 2776 mercatores
1421 2738 1468 2775 (16
1515 2740 1712 2787 potestate
1760 2738 1865 2787 regis
1913 2738 2082 2777 Francie
2131 2742 2171 2777 et

480 2805 540 2829 res
568 2796 606 2831 et
634 2796 902 2834 mercandisas
935 2810 1039 2844 suas,
1069 2811 1112 2836 eo
1143 2799 1247 2847 quod
1274 2812 1341 2837 rex
1368 2799 1536 2837 Francie
1566 2799 1663 2837 facit
1692 2799 1858 2837 arestari
1889 2799 1930 2837 in
1965 2803 2069 2842 terra
2098 2813 2170 2838 sua

480 2858 718 2894 mercatores
755 2857 802 2895 de
841 2861 1036 2907 potestate
1074 2861 1190 2909 regis,
1226 2874 1296 2910 pro
1334 2860 1438 2899 bono
1478 2864 1611 2899 tamen
1652 2864 1689 2899 et
1728 2861 1839 2899 fideli
1874 2862 2040 2900 servicio
2084 2876 2168 2909 suo,

480 2917 583 2964 quod
622 2918 714 2956 fecit
753 2920 915 2959 domino
953 2921 1035 2970 regi
1072 2925 1111 2960 et
1151 2922 1245 2968 suis,
1282 2923 1478 2961 concessit
1517 2923 1550 2961 ei
1589 2923 1694 2972 quod
1725 2923 1860 2962 venire
1894 2923 2015 2962 faciat
2048 2937 2169 2963 naves

480 2989 570 3015 suas
599 2979 640 3015 in
669 2983 905 3028 potestatem
936 2983 1038 3031 regis
1068 2995 1159 3021 cum
1186 2984 1303 3022 rebus
1332 2988 1372 3022 et
1398 2984 1659 3023 mercandisis
1688 2985 1770 3023 suis
1801 2985 1851 3022 ad
1879 2986 2169 3034 negotiandum

479 3037 582 3086 inde,
616 3041 740 3079 donec
775 3043 959 3081 dominus
985 3057 1052 3081 rex
1084 3045 1124 3082 id
1157 3046 1380 3094 specialiter
1414 3046 1649 3085 inhibuerit.
1719 3047 1835 3085 Teste
1868 3050 1911 3085 ut
1943 3060 2076 3097 supra.

583 3156 639 3191 Da
675 3159 828 3193 mei-ibus
865 3160 966 3205 apud
1005 3161 1183 3196 Partem·
1224 3162 1588 3199 cc›·e.sm›1dz's.-Rex
1638 3161 1796 3200 ballivis
1846 3162 1928 3200 suis
1967 3161 2163 3201 Portesm’

479 3215 661 3254 salutem.
754 3218 955 3257 Mittimus
1008 3221 1055 3257 ad
1104 3234 1172 3259 vos
1225 3222 1415 3260 dilectum
1460 3225 1499 3261 et
1550 3223 1708 3261 fidelem
1772 3226 1957 3262 nostrum
2018 3224 2166 3263 Willel-

478 3289 590 3314 mum
654 3279 701 3315 (16
778 3279 939 3318 Poretot
1014 3282 1062 3319 ad
1136 3283 1381 3322 seisiandum
1447 3285 1487 3322 in
1566 3297 1735 3323 manum
1812 3287 1993 3323 nostram
2069 3285 2168 3324 duas

478 3348 610 3385 naves,
667 3352 741 3388 que
792 3343 886 3379 sunt
947 3342 988 3379 in
1037 3346 1154 3391 port-u
1205 3347 1336 3382 vestro
1387 3348 1541 3384 carcate
1597 3346 1644 3384 de
1695 3346 1853 3384 catallis
1909 3345 2167 3385 inimicorum
