2375 3587
169 316 311 363 1236.

154 383 215 424 [m.
240 381 313 424 20]

1054 196 1106 236 21
1150 193 1356 237 HENRY
1397 193 1481 237 ΠΙ.
2027 193 2108 235 397

514 396 590 432 Pro
630 396 758 432 abbate
797 396 840 431 de
877 393 1270 432 D‹»·l2-‹¹‹·est›·’.-—Rex
1307 390 1524 430 baronibus
1572 391 1618 429 de
1663 391 1881 437 Scaccario,
1921 389 2109 428 salutem.

408 455 552 495 Sciatis
599 457 705 506 quod
747 456 1020 495 concessimus
1072 455 1206 494 abbati
1246 455 1293 492 de
1331 453 1582 492 Dorkecestr'
1622 454 1727 503 quod
1767 467 1803 492 v.
1842 465 1997 491 marcas
2035 465 2110 501 que

407 518 456 556 ab
494 531 540 557 eo
573 519 791 568 exiguntur
829 531 899 568 per
938 518 1300 557 summonitionem
1338 516 1535 556 Scaccarii
1571 516 1699 554 nostri
1733 516 1780 554 de
1813 515 1963 553 auxilio
1997 513 2113 552 nobis

407 580 644 630 generaliter
682 593 869 619 concesso
917 580 1057 619 reddat
1096 579 1213 618 nobis
1249 591 1375 616 unam
1424 577 1683 616 medietatem
1724 577 1772 615 ad
1813 577 1969 615 Pascha
2007 588 2114 613 anno

407 643 521 693 regni
568 643 696 682 nostri
744 643 825 693 xxj.
875 646 913 681 et
962 642 1083 681 aliam
1131 641 1391 680 medietatem
1441 640 1490 678 ad
1539 640 1687 678 festum
1725 639 1863 677 Sancti
1902 637 2113 676 Michaelis

407 718 516 744 anno
562 705 714 744 eodem.
791 705 847 744 Et
893 705 982 745 ideo
1028 704 1141 743 vobis
1179 704 1423 742 mandamus
1461 702 1566 752 quod
1604 704 1831 751 respectum
1872 701 2003 739 illium
2038 704 2113 738 etc.

409 769 524 807 Teste
562 780 654 818 rege
692 767 800 818 apud
840 766 1084 812 Wodestok’‚
1124 766 1254 817 xxiiij.
1294 765 1358 803 die
1397 763 1650 803 Novembris.

517 855 573 894 Et
618 855 859 894 mandatum
907 857 967 893 est
1013 853 1241 893 vicecomiti
1291 852 1445 891 Oxonie
1493 852 1599 901 quod
1651 850 1837 889 abbatem
1891 850 2114 899 predictum

406 918 540 968 ipsum
578 921 804 968 respectum
842 917 988 964 habere
1026 915 1250 967 permittat.
1318 915 1435 953 Teste
1473 918 1518 952 ut
1557 926 1690 964 supra.
1762 913 1992 963 [Cancellml]
2025 914 2113 961 qnia

408 983 451 1018 in
491 982 610 1018 rotulo
644 982 781 1028 finium
822 994 923 1018 anno
962 981 1042 1028 nug).

519 1069 597 1106 Pro
632 1068 816 1105 willelmo
851 1065 1412 1116 Clzampenez's.-Mandatum
1443 1066 1502 1102 est
1535 1062 1715 1101 Johanni
1742 1062 1789 1100 de
1820 1061 1965 1100 Nevill’
2012 1061 2117 1112 quod

410 1130 443 1168 si
473 1130 702 1169 Willelmus
741 1129 1010 1179 Champeneis
1056 1131 1198 1178 captus
1236 1131 1275 1166 et
1313 1128 1502 1166 detentus
1541 1126 1583 1163 in
1623 1124 1784 1174 prisona
1822 1124 1926 1173 regis
1965 1124 2118 1163 Oxonie

412 1205 457 1231 eo
495 1193 600 1243 quod
639 1193 828 1231 inventus
867 1191 945 1230 fuit
984 1191 1023 1229 in
1060 1191 1209 1229 foresta
1247 1189 1351 1239 regis
1389 1189 1437 1227 de
1472 1187 1652 1226 Brehull'
1693 1200 1785 1225 cum
1819 1187 1993 1236 quodam
2025 1199 2118 1224 arcu

413 1258 451 1293 et
490 1254 645 1293 duabus
693 1254 853 1304 sagittis
896 1256 1072 1300 tantum,
1112 1256 1157 1291 ut
1204 1252 1363 1298 dicitur,
1404 1250 1604 1289 invenerit
1651 1249 1685 1287 ei
1734 1248 1857 1287 bonos
1905 1251 1944 1287 et
1991 1248 2120 1286 salvos

413 1317 565 1367 plegios
593 1317 698 1367 quod
727 1317 802 1355 erit
830 1329 964 1355 coram
1002 1315 1237 1366 justiciariis
1267 1314 1370 1363 regis
1400 1312 1584 1363 proximo
1615 1312 1865 1350 itineraturis
1896 1312 1944 1349 ad
1976 1310 2122 1360 placita

414 1380 560 1418 foreste
607 1392 871 1429 responsurus
917 1379 965 1416 de
1013 1377 1332 1427 transgressione
1379 1376 1462 1422 illa,
1522 1378 1619 1414 tunc
1672 1374 1805 1423 ipsum
1867 1373 2119 1412 Willelmum

414 1455 484 1492 per
521 1442 725 1491 plevinam
759 1441 940 1478 dimittat
978 1453 1103 1490 usque
1142 1440 1191 1478 ad
1229 1440 1449 1477 adventum
1481 1437 1751 1486 predictorum
1790 1435 2120 1485 justicfflriorum,

415 1505 494 1543 nisi
533 1505 634 1543 forte
673 1504 789 1542 aliter
827 1507 1103 1552 transgressus
1142 1502 1263 1540 fuerit
1304 1501 1344 1538 in
1383 1499 1562 1550 predicta
1600 1499 1749 1537 foresta
1787 1511 1908 1547 quare
1947 1511 2026 1535 non
2071 1497 2122 1535 sit

416 1566 685 1617 replegiabilis
717 1566 938 1604 secundum
973 1565 1143 1603 assisam
1178 1564 1356 1615 ejusdem
1393 1564 1549 1601 foreste.
1609 1561 1664 1598 Et
1699 1560 1844 1598 habeat
1872 1559 1927 1597 ibi
1957 1560 2124 1598 nomina

416 1629 640 1679 plegiorum
688 1635 727 1667 et
775 1628 849 1666 hoc
898 1627 1027 1666 breve.
1106 1627 1223 1664 Teste
1272 1639 1360 1675 rege
1414 1623 1519 1674 apud
1577 1622 1822 1668 Wodestok'‚
1880 1622 2002 1672 xxvij.
2062 1622 2125 1660 die

416 1689 665 1730 Novembris.

526 1781 605 1817 Pro
635 1779 810 1816 &erardo
840 1779 882 1814 de
908 1774 1493 1814 Lambersarau-Mandatum
1525 1777 1584 1813 est
1614 1771 1839 1811 vicecomiti
1872 1771 1989 1809 Suht’
2020 1770 2125 1821 quod

419 1843 467 1881 de
503 1841 703 1880 demanda
739 1853 862 1890 quam
901 1839 999 1878 facit
1037 1852 1106 1889 per
1144 1837 1509 1877 summonitionem
1568 1835 1767 1876 Scaccarii
1807 1834 1909 1883 regis
1949 1834 2126 1872 Gerardo

419 1906 467 1944 de
528 1903 806 1943 Lambersard’
863 1902 1071 1941 occasione
1137 1904 1239 1940 terre
1303 1913 1379 1950 que
1445 1900 1523 1938 fuit
1592 1898 1675 1937 Ade
1741 1898 1788 1936 de
1854 1896 2124 1935 Retherefeld⁷

421 1967 593 2007 convicti
640 1967 687 2004 de
736 1965 897 2011 felonia,
948 1968 987 2003 et
1026 1978 1149 2015 quam
1197 1963 1327 2002 eidem
1376 1962 1555 2001 Grerardo
1611 1960 1815 1999 commisit
1871 1972 1939 1997 rex
1989 1959 2038 1997 ad
2086 1972 2126 1997 se

421 2028 733 2070 sustentandum
782 2027 823 2064 in
872 2027 1038 2066 servicio
1091 2026 1194 2075 regis
1252 2024 1447 2075 quamdiu
1504 2023 1587 2073 regi
1644 2021 1853 2072 placuerit,
1903 2033 2041 2071 pacem
2091 2021 2125 2059 ei

421 2092 566 2131 habere
604 2091 813 2141 permittat
852 2090 977 2128 donec
1014 2102 1081 2127 rex
1119 2088 1229 2127 aliud
1278 2087 1371 2125 inde
1420 2086 1653 2137 preceperit.
1733 2085 1850 2123 Teste
1886 2096 1976 2134 rege
2021 2083 2127 2133 apud

422 2153 668 2200 Wodestok',
708 2152 831 2203 xxvij.
872 2152 934 2190 die
974 2150 1226 2190 Novembris.

533 2243 612 2279 Pro
666 2242 843 2290 „maistre
890 2241 1051 2289 Symone
1107 2241 1150 2276 de
1205 2236 1729 2287 Layzgseton’.-Mandatum
1787 2237 1847 2272 est
1903 2233 2131 2272 vicecomiti

424 2305 539 2343 Linc'
606 2303 711 2353 quod
776 2302 1020 2351 Magistrum
1090 2301 1312 2352 Symonem
1378 2300 1425 2337 de
1491 2298 1732 2347 Langeton',
1800 2296 2130 2334 archidiaconum

425 2366 773 2410 Cantuariensem,
820 2364 1032 2413 permittat
1090 2362 1238 2401 habere
1295 2375 1435 2412 pacem
1493 2361 1540 2399 de
1597 2359 1716 2398 sectis
1769 2359 2038 2397 comitatuum
2094 2362 2132 2396 et

425 2428 725 2467 hundredorum
784 2430 823 2465 et
879 2426 926 2464 de
983 2425 1274 2475 wapentachiis
1331 2427 1369 2463 et
1425 2422 1607 2473 treingis,
1664 2434 1735 2472 pro
1795 2419 1940 2470 quibus
1997 2420 2131 2470 ipsum

425 2491 645 2540 distringit,
677 2502 802 2540 usque
836 2489 885 2527 ad
920 2489 1071 2527 festum
1104 2488 1244 2527 Sancti
1282 2486 1483 2526 Johannis
1518 2484 1716 2535 Baptiste‚
1750 2496 1856 2522 anno
1895 2483 2008 2532 regni
2049 2483 2130 2532 xxj.

427 2555 545 2592 Teste
583 2565 673 2602 rege
711 2551 817 2601 apud
857 2550 1103 2596 Wodestok’,
1144 2554 1189 2589 ut
1228 2563 1362 2599 supra.

535 2642 592 2678 De
629 2653 712 2677 cera
745 2647 778 2676 et
816 2640 906 2676 aliis
944 2640 1104 2676 emendis
1141 2652 1210 2686 pro
1251 2636 1641 2685 regnu—Mandatum
1670 2637 1730 2673 est
1760 2633 1936 2672 Radulfo
1974 2633 2135 2684 Assewy

427 2707 466 2743 et
504 2702 685 2742 Johanni
723 2701 770 2739 de
810 2701 950 2739 Gisorz
999 2701 1104 2750 quod
1152 2700 1231 2738 emi
1281 2699 1433 2737 faciant
1481 2698 1530 2736 ad
1578 2709 1678 2746 opus
1726 2697 1829 2745 regis
1867 2696 1908 2746 ij.
1948 2695 2134 2733 millenas

429 2779 527 2811 cere,
564 2778 600 2803 v.
635 2763 835 2801 buillones
874 2763 1088 2812 amigdale,
1128 2762 1155 2800 l.
1188 2775 1311 2811 parva
1350 2760 1490 2798 fraella
1537 2759 1687 2797 ficuum
1729 2759 1791 2796 vel
1830 2759 1877 2796 de
1915 2757 2136 2807 majoribus

430 2829 479 2866 ad
540 2826 722 2876 equalem
784 2825 1069 2875 quantitatem,
1123 2825 1150 2873 j.
1208 2824 1420 2861 millenam
1478 2821 1735 2866 dactilorum,
1795 2834 1885 2858 xxv.
1942 2820 2136 2869 cophinos

431 2903 600 2928 uvarum
630 2900 853 2938 passarum,
883 2887 956 2937 iiij.
988 2887 1191 2925 duodenas
1226 2885 1486 2930 toaffliarum,
1519 2884 1592 2933 iiij.
1624 2883 1755 2932 pecias
1785 2883 1831 2920 de
1862 2882 1941 2920 tela
1970 2883 2134 2930 Legen‘,

431 2967 467 2990 v.
517 2952 580 2989 vel
629 2950 683 2999 vj.
735 2948 944 2987 butisellos
991 2948 1231 2998 gingibratti
1276 2947 1385 2993 boni,
1417 2950 1456 2985 et
1501 2947 1548 2984 de
1590 2945 1779 2995 predictis
1827 2945 1937 2981 mitti
1986 2944 2136 2982 faciant

432 3014 595 3053 domino
634 3011 716 3061 regi
755 3024 847 3049 cum
887 3011 1148 3049 festinatione
1187 3023 1312 3059 usque
1361 3008 1586 3057 Mei-leberg
1624 3008 1678 3045 xl.
1719 3006 1842 3045 libras
1880 3007 2137 3052 damnorum,

433 3079 486 3127 vj.
545 3075 686 3113 fraella
741 3073 908 3118 ficuum,
967 3073 1040 3123 iiij.
1102 3073 1297 3121 cophinos
1358 3084 1529 3109 uvarum
1596 3083 1806 3119 passarum
1865 3072 1904 3106 et
1961 3069 2140 3117 predicta

434 3138 623 3183 toaillias,
682 3135 820 3180 telam,
878 3138 916 3172 et
964 3134 1276 3184 gingibrattum,
1327 3137 1365 3172 et
1420 3133 1627 3171 residuum
1678 3144 1800 3180 penes
1846 3143 1886 3168 se
1937 3130 2140 3168 retineant

434 3202 558 3239 donec
597 3211 665 3236 rex
703 3197 811 3234 aliud
861 3197 953 3234 inde
992 3197 1223 3245 preceperit,
1263 3200 1301 3234 et
1347 3198 1510 3234 custum
1557 3193 1664 3243 quod
1711 3193 1761 3230 ad
1808 3193 1882 3229 hoc
1931 3193 2139 3240 posuerint

436 3263 535 3301 scire
592 3259 746 3298 faciant
802 3259 884 3308 regi
941 3261 981 3296 et
1037 3259 1129 3296 inde
1186 3259 1242 3296 eis
1299 3256 1569 3307 respondebit.
1654 3255 1710 3293 Et
1775 3254 2015 3291 mandatum
2078 3260 2137 3292 est

435 3320 740 3363 vicecomitibus
778 3320 907 3359 Lond’
943 3320 1047 3371 qued
1086 3320 1135 3358 ad
1173 3320 1250 3358 hoc
1288 3319 1511 3370 cariagium
1551 3317 1606 3357 eis
1645 3315 1868 3356 inveniant.
1941 3315 2057 3357 Teste
2095 3320 2140 3356 ut

436 3399 569 3438 supra.

423 3478 549 3511 ἓΐῡε
