2375 3587
192 347 336 396 1237.

178 415 240 454 [m.
265 413 340 453 am

1056 228 1107 267 21
1152 227 1356 269 HENRY
1398 224 1479 270 ΙῘῘ.
2040 233 2122 276 ‘569

533 421 772 461 Mandatum
825 427 885 462 est
936 425 1216 465 collectoribus
1260 427 1460 467 tricesime
1517 430 1557 467 in
1611 431 1806 470 comitatu
1862 433 1972 472 Surr’
2019 435 2124 484 quod

423 482 587 521 assideri
628 485 780 523 faciant
818 486 1064 525 tricesimam
1103 488 1144 526 in
1184 492 1290 527 terra
1323 490 1535 539 hospitalis
1569 492 1616 530 de
1646 496 1837 544 Ospreng'
1870 495 1910 532 in
1942 495 2123 542 Merewe,

424 548 483 582 set
522 545 769 584 tricesimam
810 547 922 585 illam
962 561 1041 587 non
1083 550 1234 588 faciant
1272 551 1406 601 colligi
1451 553 1577 591 donec
1623 554 1731 592 aliud
1780 556 1873 594 inde
1911 556 2126 595 habuerint

423 608 677 646 mandatum.
755 609 871 647 Teste
924 623 1013 659 rege
1065 612 1171 660 apud
1229 612 1408 662 Noting',
1460 618 1603 664 quarto
1659 615 1722 654 die
1779 617 1975 657 Octobris.
2052 619 2127 657 Per

420 669 586 707 fratrem
626 670 675 708 G.

968 822 1133 860 assideri
1172 823 1324 861 faciant
1353 823 1597 862 tricesimam
1629 825 1669 863 in
1701 827 1816 865 terris
1852 828 2125 877 spectantibus

527 865 682 903 EOdem
722 866 840 904 m0d0
967 883 1016 920 ad
1052 883 1251 933 hospitale
1289 885 1336 922 de
1375 885 1616 936 Hospreng‘.
1674 887 1791 926 Teste
1830 892 1873 927 ut
1911 903 2043 939 supra.

599 927 837 966 mandatum

599 992 659 1028 est

870 757 899 950 J
920 759 1211 799 Collectoribus
1251 761 1451 800 tricesime
1484 762 1525 800 in
1575 763 1769 802 comitatu
1823 766 1973 805 Kancie
2022 768 2124 818 quod

915 969 1205 1009 Collectoribus
1258 971 1457 1010 tricesime
1509 973 1550 1010 in
1603 975 1798 1013 comitatu
1849 977 2002 1015 Oxonie
2054 992 2124 1028 pro

967 1034 1158 1084 hospitali
1200 1035 1338 1074 Sancti
1378 1036 1581 1076 Johannis
1625 1042 1738 1077 extra
1785 1044 1944 1089 portam
1994 1043 2121 1082 orien-

967 1100 1092 1135 tatem
1127 1097 1294 1136 Oxonie.
1353 1100 1469 1136 Teste
1507 1102 1552 1138 ut
1585 1113 1717 1150 supra.

526 1185 609 1222 Rex
638 1184 863 1222 vicecomiti
894 1184 1046 1222 Kancie
1076 1187 1114 1222 et
1145 1184 1424 1224 collectoribus
1451 1186 1652 1224 tricesime
1682 1187 1723 1226 in
1753 1189 1890 1227 eodem
1916 1192 2123 1238 comitam,

422 1246 609 1284 salutem.
668 1245 911 1284 Audivimus
949 1258 1078 1295 nuper
1114 1246 1220 1296 quod
1259 1250 1432 1296 quatuor
1465 1248 1663 1297 juratores
1692 1250 1894 1297 villarum,
1926 1252 2041 1291 electi
2076 1254 2124 1291 ad

418 1309 567 1347 catalla
604 1308 871 1358 apprecianda
910 1322 980 1358 pro
1029 1308 1232 1346 tricesima
1270 1308 1386 1347 nobis
1419 1322 1619 1356 concessa,
1655 1315 1795 1350 contra
1826 1319 2121 1354 sacramentum

418 1384 537 1409 suum
575 1370 781 1409 venientes
816 1370 963 1408 falsum
1004 1374 1215 1419 apponunt
1253 1370 1445 1419 precium,
1482 1372 1632 1410 scilicet
1670 1386 1741 1423 pro
1776 1373 1872 1413 bove
1906 1390 1942 1414 v.
1976 1378 2125 1416 solidos

419 1433 689 1472 communiter
726 1446 819 1472 cum
858 1433 990 1471 valeat
1029 1446 1066 1470 x.
1108 1432 1256 1470 solidos
1294 1433 1355 1470 vel
1393 1445 1438 1471 eo
1476 1434 1677 1483 ampliusz
1717 1439 1755 1474 et
1793 1450 1864 1486 pro
1901 1452 2020 1488 porco
2057 1441 2123 1490 qui

418 1495 525 1533 valet
563 1495 663 1533 duos
694 1495 841 1533 solidos
875 1494 936 1533 vel
967 1496 1060 1537 tres,
1095 1497 1253 1543 ponunt
1284 1507 1351 1532 sex
1381 1495 1591 1540 denarios;
1632 1501 1671 1535 et
1709 1510 1780 1546 pro
1813 1512 1884 1537 ove
1913 1514 1989 1550 que
2019 1502 2125 1540 valet

419 1558 499 1608 xvj.
540 1557 726 1595 denarios
765 1557 827 1595 vel
866 1570 912 1595 eo
950 1556 1125 1605 amplius
1164 1560 1322 1605 ponunt
1362 1570 1429 1594 sex
1467 1558 1677 1604 denarios:
1731 1559 1848 1599 blada
1884 1563 2006 1601 etiam
2040 1564 2121 1614 jam

418 1619 643 1658 coadunata
678 1619 780 1657 falso
826 1618 1059 1668 appreciant
1089 1622 1127 1656 et
1166 1618 1245 1656 alia
1283 1619 1430 1656 catalla
1467 1620 1605 1658 eodem
1645 1622 1777 1668 modo,
1814 1624 1920 1662 unde
1963 1625 2026 1675 [si]
2069 1626 2124 1664 sic

418 1682 635 1731 procedant
660 1681 764 1719 sicut
792 1681 1029 1730 inceperunt
1058 1680 1100 1717 in
1126 1680 1365 1718 catallorum
1390 1681 1700 1730 appreciatione,
1723 1685 1820 1722 certi
1850 1699 1990 1725 sumus
2019 1689 2125 1737 quod

416 1757 556 1783 omnes
603 1744 703 1782 tales
750 1743 1041 1793 appreciatores
1081 1746 1119 1780 et
1158 1742 1205 1780 de
1244 1743 1419 1792 perjurio
1457 1744 1614 1793 possint
1652 1747 1836 1785 convinci
1876 1752 1915 1786 et
1954 1762 2026 1787 nos
2065 1750 2123 1788 ita

417 1806 562 1845 habere
602 1819 682 1844 non
722 1818 930 1855 possemus
969 1804 1227 1842 medietatem
1261 1804 1461 1843 tricesime
1500 1819 1523 1844 a
1556 1807 1816 1856 magnatibus
1858 1813 1897 1848 et
1941 1811 2030 1850 aliis
2075 1813 2122 1851 de

416 1881 537 1917 regno
569 1871 706 1906 nostro
740 1866 856 1905 nobis
886 1867 976 1904 date
1012 1869 1050 1904 et
1089 1879 1298 1911 concesse;
1340 1870 1378 1904 et
1412 1867 1499 1905 ideo
1529 1867 1640 1906 vobis
1670 1871 1914 1910 mandamus
1952 1873 2122 1913 firmiter

416 1930 677 1980 injungentes
722 1929 763 1966 in
812 1929 886 1966 fide
934 1941 1013 1978 qua
1051 1927 1166 1966 nobis
1214 1928 1424 1973 tenemini,
1474 1930 1580 1978 quod
1627 1930 1659 1968 si
1707 1932 1918 1982 contingat
1965 1935 2120 1984 aliquos

417 1995 590 2042 quatuor
638 1991 824 2029 homines
872 1991 919 2029 de
967 1990 1074 2028 villis
1122 1994 1262 2028 contra
1310 1994 1609 2029 sacramentum
1659 2006 1778 2031 suum
1818 2008 1937 2044 super
1974 1998 2120 2036 catalla

416 2054 563 2093 falsum
598 2066 799 2103 apponere
838 2052 1030 2102 precium,
1071 2053 1175 2091 sicut
1219 2053 1446 2102 predictum
1485 2057 1557 2100 est,
1594 2057 1691 2093 tunc
1730 2069 1799 2094 vos
1838 2057 1912 2106 ipsi
1952 2059 2120 2098 videatis

416 2116 562 2156 catalla
601 2116 671 2154 illa
709 2116 765 2154 ita
804 2116 906 2154 falso
954 2115 1184 2165 appreciata
1233 2118 1272 2153 et
1319 2129 1388 2165 per
1435 2116 1565 2154 visum
1615 2121 1792 2156 vestrum
1841 2124 1879 2157 et
1926 2120 2116 2170 legalium

415 2179 594 2218 militum
633 2178 680 2216 de
728 2178 923 2216 comitatu
972 2177 1149 2226 predicto
1197 2177 1324 2226 legale
1371 2178 1551 2227 precium
1599 2182 1638 2216 et
1686 2180 1922 2220 rationabile
1970 2185 2117 2233 apponi

414 2241 585 2286 faciatis,
621 2243 660 2278 et
699 2239 897 2288 predictos
937 2241 1109 2288 quatuor
1146 2239 1332 2277 homines
1377 2240 1424 2277 de
1462 2240 1638 2290 perjurio
1676 2241 1732 2279 ita
1770 2243 1975 2292 castigetis
2012 2247 2117 2295 quod

414 2302 627 2351 castigatio
656 2302 726 2339 illa
754 2301 844 2339 aliis
879 2300 1040 2349 prebeat
1069 2301 1297 2350 exemplum
1328 2301 1500 2339 fideliter
1526 2302 1695 2350 agendi3
1724 2304 1966 2352 provideatis
1995 2307 2114 2345 etiam

413 2365 517 2414 quod
556 2365 604 2402 de
640 2362 829 2402 omnibus
862 2363 1032 2408 catallis,
1070 2361 1213 2408 bladis,
1249 2367 1287 2400 et
1322 2363 1411 2401 aliis
1445 2363 1675 2409 mobilibus,
1706 2367 2033 2414 provenientibus
2070 2371 2117 2408 de

414 2427 525 2465 laicis
574 2426 700 2464 feodis
748 2438 824 2474 que
871 2437 952 2462 non
1001 2427 1216 2462 teneantur
1266 2425 1313 2462 de
1352 2425 1605 2474 Templariis‚
1647 2426 1946 2476 Hospitalariis‚
1986 2434 2025 2469 et
2070 2432 2117 2470 de

411 2489 550 2527 ordine
588 2486 1028 2525 Premonstratensium
1072 2489 1111 2524 et
1150 2478 1489 2536 Cysterciensium
1533 2490 1572 2525 et
1613 2488 1857 2539 Simplingh'
1895 2491 2118 2532 habeamus

411 2550 657 2589 tricesimam
691 2549 794 2587 sicut
826 2548 941 2587 nobis
972 2561 1162 2587 concessa
1199 2552 1259 2587 est
1295 2548 1523 2599 ubicunque
1562 2554 1736 2599 ponatur
1774 2552 1835 2590 vel
1872 2553 2115 2603 inveniatur,

411 2627 460 2651 ne
526 2612 764 2650 amittamus
821 2611 1066 2649 tricesimam
1124 2613 1305 2649 nostram
1359 2624 1405 2649 ea
1458 2612 1666 2651 occasione
1721 2615 1826 2663 quod
1882 2615 2114 2666 hujusmodi

409 2675 555 2715 catalla
615 2676 879 2712 amoveantur
934 2674 981 2711 de
1038 2673 1153 2711 laicis
1211 2673 1337 2712 feodis
1398 2687 1472 2723 que
1533 2675 1580 2712 de
1636 2675 1734 2724 ipsis
1790 2689 1870 2715 non
1929 2681 2117 2717 tenentur

410 2750 527 2786 super
565 2736 682 2774 feoda
720 2736 939 2774 eorundem
987 2735 1166 2773 virorum
1215 2735 1492 2785 religiosorum
1539 2736 1601 2774 vel
1644 2737 1814 2776 aliarum
1853 2751 2113 2787 personarum

409 2797 799 2842 ecclesiastica1·um;
862 2797 996 2835 taliter
1048 2809 1118 2834 vos
1170 2796 1365 2835 habentes
1422 2797 1463 2835 in
1515 2797 1588 2836 hac
1645 2802 1757 2848 parte
1812 2801 1916 2849 quod
1973 2803 2116 2841 merito

409 2860 585 2899 debeatis
634 2860 725 2897 inde
772 2859 1047 2898 commendari
1096 2862 1135 2897 et
1182 2871 1244 2905 ne,
1286 2859 1317 2897 si
1361 2872 1475 2898 secus
1518 2860 1690 2909 egeritis,
1729 2874 1896 2900 manum
1944 2864 1992 2902 ad
2040 2865 2114 2903 hoc

409 2922 633 2973 graviorem
691 2934 891 2971 apponere
948 2920 1177 2959 debeamus.
1281 2921 1398 2959 Teste
1462 2935 1551 2971 rege
1615 2923 1719 2972 apud
1777 2924 1882 2970 Not',
1940 2926 1993 2976 vj.
2051 2927 2114 2965 die

409 2983 605 3023 Octobris.

516 3063 671 3101 Eodem
711 3061 832 3100 modo
872 3060 1060 3100 scribitur
1098 3061 1139 3099 in
1181 3061 1352 3111 singulis
1391 3061 1662 3101 comitatibus.

515 3140 755 3179 Mandatum
794 3142 833 3178 et
872 3137 1138 3177 assessoribus
1186 3142 1225 3177 et
1272 3140 1550 3179 collectoribus
1598 3141 1796 3180 tricesime
1835 3142 1876 3180 in
1916 3144 2112 3183 comitatu

410 3204 627 3242 Sumerset'
666 3202 771 3251 quod
820 3201 861 3239 in
911 3201 1026 3239 terris
1075 3204 1114 3239 et
1162 3201 1482 3250 possessionibus
1520 3203 1735 3253 hospitalis
1778 3204 2026 3253 leprosarum
2066 3207 2112 3244 ‹lo

407 3264 566 3302 Bradel'
608 3263 852 3301 tricesimam
891 3262 1100 3301 assideatis
1142 3263 1240 3314 (sic),
1281 3266 1341 3302 set
1380 3277 1427 3302 ex
1465 3278 1543 3314 quo
1581 3265 1707 3303 assisa
1749 3265 1870 3303 fuerit
1903 3279 1990 3304 eam
2028 3281 2109 3307 non

405 3326 599 3375 colligant
637 3325 763 3363 donec
801 3337 869 3362 rex
909 3324 1018 3362 aliud
1057 3324 1149 3362 inde
1185 3325 1416 3375 preceperit.
1475 3326 1593 3364 Teste
1637 3339 1727 3376 rege
1774 3328 1879 3376 apud
1927 3328 2107 3380 Noting'‚

405 3387 472 3439 vij.
511 3387 573 3425 die
613 3385 811 3425 Octobris.

384 3462 387 3472 ³
430 3462 441 3492 7
