2375 3587
271 204 353 244 284

333 326 480 372 1236.

348 392 474 431 [ms]

1206 210 1390 253 CLOSE
1435 210 1638 253 ROLLS.

675 403 830 441 Eodem
882 405 1001 443 modo
1052 405 1293 443 mandatum
1345 409 1405 444 est
1456 405 1758 444 vicecomitibus
1811 405 2062 446 Middlesex'.
2110 405 2267 450 Essex',

568 464 715 510 Hunt',
755 477 826 514 pro
864 466 1002 504 eodem
1043 467 1210 516 Rogero.
1295 467 1413 505 Teste
1453 471 1496 505 ut
1536 481 1668 516 supra.

676 553 750 588 Pro
783 554 985 590 Fratribus
1017 555 1231 591 Minoribus
1273 555 1572 592 (laonia—Rex
1611 554 1754 603 majori
1788 558 1827 592 et
1859 554 1992 604 probis
2031 552 2269 592 hominibus

563 613 646 650 suis
667 613 834 659 Oxonie‚
858 615 1044 652 salutem.
1104 615 1208 661 Quia
1236 629 1304 664 per
1333 615 1489 654 litteras
1515 619 1668 654 vestras
1698 615 1814 654 nobis
1841 616 2012 654 directas
2042 615 2268 664 accepimus

560 675 665 724 quod
716 679 858 725 sponte
909 676 1140 725 suscepistis
1193 677 1233 714 in
1285 690 1355 715 vos
1408 691 1511 716 onus
1563 677 1736 726 muragii
1789 678 1882 715 ville
1933 677 2085 716 Oxonie
2137 677 2266 726 quoad

561 737 732 786 placiam
790 751 911 787 quam
968 737 1167 776 Robertus
1224 739 1333 777 filius
1390 739 1554 777 Roberti
1612 739 1697 777 Oen
1756 740 1887 777 tenuit
1949 740 2064 789 juxta
2127 739 2267 776 domos

562 799 750 837 Fratrum
789 801 991 837 Minorum
1037 800 1191 838 Oxonie
1238 804 1277 839 et
1324 815 1445 851 quam
1493 802 1599 839 idem
1638 801 1838 839 Robertus
1886 802 2035 840 eisdem
2075 800 2268 838 fratribus

561 861 670 899 dedit
718 861 758 898 in
807 866 1072 910 augmentum
1121 863 1345 901 mansionis
1394 876 1486 902 sue:
1537 862 1649 900 vobis
1697 863 1940 902 mandamus
1977 863 2081 912 quod
2119 862 2268 900 eisdem

560 923 751 961 fratribus
789 924 835 961 de
869 924 1049 971 predicta
1083 924 1213 973 placia
1246 925 1410 974 plenam
1451 925 1643 963 seisinam
1682 924 1829 963 habere
1868 925 2037 970 faciatis,
2074 924 2130 962 ita
2163 924 2269 973 quod

561 986 761 1034 predictus
808 985 1009 1024 Robertus
1057 986 1124 1035 qui
1172 987 1282 1036 prius
1329 988 1406 1025 fuit
1458 987 1558 1026 liber
1606 988 1751 1036 hospes
1806 988 1951 1037 prioris
2003 991 2042 1025 et
2095 987 2265 1023 fratrum

562 1047 788 1096 Hospitalis
834 1047 973 1086 Sancti
1013 1048 1214 1087 ,Iohannis
1253 1049 1490 1087 Jerusalem'
1532 1050 1572 1087 in
1613 1049 1759 1099 Anglia
1807 1049 1849 1086 in
1897 1049 2077 1099 predicta
2123 1048 2266 1097 placia‚

561 1109 730 1146 eandem
765 1108 991 1147 libertatem
1027 1109 1174 1149 habeat
1212 1111 1253 1148 in
1293 1124 1456 1160 corpore
1495 1112 1639 1150 domus
1679 1124 1748 1149 sue
1787 1112 1827 1148 in
1868 1124 1945 1160 qua
1982 1123 2090 1148 nunc
2129 1112 2267 1148 manet

560 1170 656 1208 alibi
691 1170 731 1208 in
764 1171 901 1209 eadem
934 1172 1030 1210 villa
1061 1172 1101 1209 in
1135 1173 1325 1222 parochia
1360 1173 1498 1211 Sancti
1532 1173 1742 1211 Michaelis
1777 1173 1825 1210 ad
1860 1176 2019 1221 portam
2053 1172 2264 1210 borealem.

564 1233 680 1271 Teste
720 1237 764 1271 ut
803 1246 935 1282 supra.

671 1322 746 1357 Pro
800 1322 980 1358 Nz'clmlao
1031 1323 1074 1357 tle
1125 1322 1265 1359 Sancta
1324 1322 1798 1369 Rriqz'da.—Mandatum
1852 1325 1911 1359 est
1968 1320 2266 1359 constabulario

563 1382 699 1420 Sancti
740 1382 931 1420 Briavelli
970 1383 1073 1432 quod
1113 1383 1153 1420 in
1194 1384 1339 1421 foreste
1379 1384 1426 1421 de
1466 1383 1577 1421 Dene
1616 1384 1739 1422 faciat
1785 1383 1930 1421 habere
1977 1383 2171 1421 Nicholao
2219 1382 2266 1419 de

563 1444 711 1482 Sancta
748 1444 911 1493 Brigida
948 1444 1093 1493 viginti
1127 1458 1295 1494 quercus
1335 1446 1383 1483 ad
1429 1446 1597 1483 domum
1646 1459 1759 1483 suam
1809 1446 1856 1483 de
1907 1446 2055 1483 saneta
2102 1443 2266 1492 Brigida

560 1506 866 1544 reedificandam
920 1507 967 1544 de
1014 1507 1120 1545 dono
1173 1507 1277 1556 regis
1330 1507 1371 1544 in
1425 1507 1560 1556 aliquo
1612 1508 1699 1546 loco
1756 1508 1936 1557 ejusdem
1995 1507 2141 1544 foreste
2196 1505 2265 1543 ubi

560 1568 853 1618 competentius
891 1568 978 1617 capi
1018 1569 1173 1618 possint
1213 1570 1263 1607 ad
1301 1582 1401 1618 opus
1441 1583 1573 1607 suum.
1651 1569 1768 1607 Teste
1811 1582 1901 1618 rege
1945 1569 2052 1617 apud
2101 1567 2265 1612 Theok'‚

560 1630 634 1680 iiij.
677 1630 739 1668 die
778 1630 891 1668 Julii.

668 1719 724 1754 De
776 1719 991 1765 prisonz'l›u.s·
1049 1717 1579 1766 recipiendia—Mandatum
1647 1721 1707 1755 est
1777 1717 2076 1756 constabulario
2144 1717 2266 1755 castri

560 1779 768 1818 Colecestr'
805 1779 910 1829 quod
959 1779 1139 1828 prisones
1188 1792 1287 1829 quos
1339 1780 1559 1818 vicecomes
1612 1780 1752 1818 Essex’
1800 1780 1834 1817 ei
1885 1779 2071 1818 liberabit
2121 1778 2169 1817 ab
2220 1792 2265 1817 eo

558 1842 722 1891 recipiat
769 1846 808 1879 et
856 1842 894 1879 in
934 1842 1066 1891 gaiola
1104 1841 1207 1890 regis
1255 1841 1295 1879 in
1339 1842 1516 1891 predicto
1563 1846 1694 1881 castro
1742 1842 1851 1880 salvo
1899 1842 2101 1880 custodiat
2139 1841 2264 1880 donec

560 1917 627 1942 rex
664 1904 773 1941 aliud
812 1904 904 1941 inde
943 1904 1175 1953 preceperit.
1254 1904 1372 1942 Teste
1411 1908 1455 1942 ut
1496 1917 1628 1953 supra.

671 1993 746 2028 Pro
780 1993 834 2029 H.
867 1992 1024 2040 Elyensi
1052 1991 1376 2039 episcopm—Rex
1406 1990 1624 2029 baronibus
1655 1991 1737 2029 suis
1767 1991 1814 2029 de
1846 1990 2055 2030 Scaccario
2076 1990 2262 2029 salutem.

561 2053 802 2092 Monstravit
840 2053 955 2091 nobis
993 2052 1232 2091 venerabilis
1279 2057 1393 2103 pater
1440 2053 1493 2090 H.
1544 2054 1754 2103 episcopus
1802 2053 2004 2104 Elyensis‚
2045 2053 2151 2102 quod
2194 2066 2264 2091 vos

559 2129 627 2165 per
675 2116 1033 2154 summonitionem
1084 2115 1279 2154 Scaccarii
1330 2115 1536 2164 recepistis
1584 2128 1606 2153 a
1667 2116 1829 2154 Matheo
1888 2116 2058 2165 Luvayn
2118 2115 2263 2163 viginti

560 2192 714 2217 marcas
752 2192 822 2227 pro
861 2178 939 2216 fine
977 2178 1248 2216 misericordie
1287 2191 1362 2227 que
1400 2177 1448 2215 ad
1487 2191 1579 2216 eum
1619 2178 1823 2227 pertinent
1867 2178 2021 2216 ratione
2066 2177 2263 2216 libertatis

560 2242 723 2280 ecclesie
762 2254 843 2278 sue.
920 2240 975 2279 Et
1012 2240 1100 2279 ideo
1139 2241 1253 2279 vobis
1294 2241 1537 2278 mandamus
1585 2241 1702 2290 quod,
1744 2241 1775 2279 si
1824 2254 1943 2279 causa
1990 2240 2261 2290 predictarum

561 2317 624 2343 xx.
673 2316 900 2341 marcarum
948 2302 1123 2352 pertinet
1181 2304 1228 2340 ad
1285 2302 1514 2341 libertatem
1572 2315 1702 2348 suam,
1752 2306 1848 2341 tunc
1906 2315 1970 2340 eas
2026 2302 2061 2340 ei
2118 2301 2264 2340 habere

561 2365 744 2409 faciatis;
794 2364 859 2402 sin‘
899 2367 1047 2410 autem,
1089 2365 1138 2402 ad
1186 2377 1286 2414 opus
1334 2367 1519 2403 nostrum
1568 2364 1842 2402 retineanturq
1912 2364 2029 2402 Teste
2078 2376 2168 2413 rege
2216 2367 2261 2402 ut

563 2439 695 2476 supra.

672 2516 748 2551 Pro
788 2515 959 2561 Agslwino
1010 2515 1089 2553 filio
1137 2515 1325 2551 Milclrede
1371 2522 1404 2551 et
1449 2514 1698 2552 aliia—Rex
1744 2513 1970 2552 vicecomiti
2018 2512 2262 2551 Norhumbr’

562 2577 748 2615 salutem.
824 2575 1154 2613 Monstraverunt
1199 2574 1314 2614 nobis
1361 2576 1570 2626 Aylwinus
1617 2575 1725 2613 filius
1774 2575 1968 2613 Mildrede
2011 2578 2049 2613 et
2094 2575 2264 2613 Matillis

562 2652 660 2677 uxor
688 2639 774 2688 ejus
804 2640 844 2675 et
874 2637 1098 2674 Alexander
1127 2637 1234 2674 filius
1274 2637 1468 2676 Mildrede
1507 2641 1545 2675 et
1578 2640 1711 2686 Agnes
1750 2650 1850 2675 uxor
1885 2637 1985 2686 ejus,
2020 2637 2139 2686 quod,
2170 2650 2261 2675 cum

562 2700 786 2738 tenuissent
829 2698 993 2748 pacifice
1041 2698 1140 2736 duas
1188 2698 1352 2737 bovatas
1399 2704 1500 2738 terre
1548 2712 1640 2737 cum
1689 2698 1945 2748 pertinentiis
1992 2699 2034 2736 in
2082 2699 2179 2736 villa
2216 2699 2263 2736 de

563 2761 830 2802 Sunderland’
888 2773 962 2811 que
1018 2764 1077 2798 est
1132 2761 1383 2799 dominicum
1441 2764 1624 2799 nostrum
1683 2773 1807 2810 usque
1864 2761 1913 2798 ad
1970 2763 2129 2809 tempus
2186 2773 2264 2809 quo

561 2823 838 2863 commisimus
902 2822 1141 2860 comitatum
1217 2822 1332 2860 illum
1398 2822 1570 2861 Ricardo
1644 2822 1691 2860 de
1767 2822 1875 2871 Gray
1940 2821 2262 2867 custodiendum,

562 2886 791 2925 Willelmus
828 2886 875 2922 de
915 2885 1035 2934 Gray,
1067 2887 1163 2922 tunc
1197 2884 1415 2923 vicecomes
1454 2885 1632 2935 ejusdem
1667 2883 1896 2928 comitatus,
1932 2883 2137 2921 occasione
2171 2883 2264 2921 finis

560 2948 736 2998 quinque
787 2959 1013 2985 marcarum
1061 2959 1180 2996 quem
1224 2946 1452 2985 Willelmus
1496 2947 1542 2984 de
1592 2946 1778 2985 Shafton‘
1825 2945 1920 2983 fecit
1966 2958 2058 2983 cum
2106 2958 2151 2983 eo
2198 2957 2264 2982 eos

562 3024 632 3061 pro
668 3010 877 3048 voluntate
915 3021 987 3046 sua
1024 3008 1070 3046 de
1109 3012 1215 3046 terra
1246 3008 1316 3046 illa
1345 3008 1563 3047 disseisivit
1592 3012 1631 3046 et
1662 3008 1791 3045 eidem
1822 3007 2027 3044 Willelmo
2061 3006 2264 3045 commisit

561 3085 631 3122 per
662 3072 786 3109 finem
820 3070 1057 3120 predictum,
1093 3070 1248 3108 desicut
1281 3069 1357 3119 ipsi
1391 3070 1523 3120 parati
1555 3070 1720 3108 fuerunt
1755 3068 1998 3107 sufficienter
2027 3068 2264 3117 respondere

562 3135 609 3172 de
631 3133 795 3172 servito
828 3132 876 3169 ad
915 3135 1063 3170 terram
1101 3131 1213 3170 illam
1252 3132 1492 3181 pertinente.
1566 3131 1621 3169 Et
1655 3131 1743 3169 ideo
1777 3130 1851 3168 tibi
1882 3130 2125 3179 precipimus
2159 3130 2264 3179 quod

562 3196 595 3234 si
647 3196 704 3233 ita
753 3198 825 3239 est,
878 3193 1006 3231 eidem
1059 3193 1231 3232 Ailwino
1282 3197 1320 3232 et
1374 3193 1578 3239 Matillidi‚
1635 3192 1862 3230 Alexandro
1920 3194 1958 3229 et
2008 3191 2166 3240 Agneti‚
2217 3192 2264 3229 de

562 3257 740 3307 predicta
794 3259 900 3293 terra
964 3267 1055 3291 cum
1122 3255 1378 3303 pertinentiis
1444 3255 1606 3304 plenam
1672 3253 1861 3291 seisinam
1928 3252 2072 3290 habere
2125 3252 2262 3298 facias,

561 3321 723 3368 accepta
761 3317 870 3367 prius
909 3315 958 3353 ab
995 3316 1051 3353 eis
1090 3317 1303 3355 securitate
1341 3317 1446 3365 quod
1485 3316 1531 3353 de
1571 3315 1728 3353 redditu
1765 3318 1804 3353 et
1843 3314 2005 3352 servitio
2039 3314 2265 3363 pertinente

563 3382 611 3420 ad
649 3380 816 3419 eandem
856 3382 1004 3417 terram
1044 3378 1290 3416 sufficienter
1328 3377 1640 3427 respondebunt.
1725 3376 1842 3414 Teste
1879 3380 1924 3414 ut
1961 3388 2094 3424 supra.
