2375 3587
155 310 299 358 1236.

145 376 203 416 [m.
237 376 306 416 21]

1026 200 1076 238 21
1122 198 1328 241 HENRY
1367 200 1450 243 ΠΙ.
2010 205 2091 247 387

388 401 479 427 611111
519 390 746 430 ducendum
785 406 919 432 coram
958 395 1191 445 justiciariis
1240 398 1345 446 apud
1394 397 1813 445 westmonasterium,
1856 400 1961 438 sicut
2017 398 2091 437 tibi

388 451 649 501 precepimus,
679 454 882 493 mittimus
909 456 958 493 ad
988 460 1025 494 te
1056 457 1221 495 Petrum
1252 458 1299 496 de
1320 459 1565 508 Lungevill'‚
1590 473 1629 497 se
1658 461 1813 499 decimo
1844 461 2089 499 servientum

387 513 567 562 equitum
622 519 883 562 armatorum,
942 518 1204 568 precipientes
1260 520 1365 569 quod
1422 521 1554 570 ipsum
1614 522 1835 560 Radulfum
1901 523 2090 572 predictis

387 576 651 615 servientibus
734 577 876 616 liberes
951 580 1178 619 ducendum
1262 595 1388 631 usque
1471 583 1876 622 Westmonasterium
1954 597 2088 623 coram

385 636 620 685 justiciariis
659 640 820 686 nostris,
862 641 965 679 sicut
1004 643 1229 691 predictum
1265 647 1348 689 est;
1389 648 1428 682 et
1466 645 1614 682 eisdem
1648 646 1914 684 servientibus
1941 647 2090 685 nostris

385 699 432 736 de
465 703 582 748 gente
614 704 684 739 tua
718 715 952 741 succursum
980 704 1102 743 facias
1136 709 1175 744 et
1204 706 1403 744 auxilium
1427 707 1476 744 ad
1504 720 1597 745 eum
1628 707 1736 746 salvo
1767 709 2087 747 conducendum.

387 760 504 800 Teste
542 775 632 813 rege
666 768 710 802 ut
750 777 883 814 supra.

493 871 570 907 Pro
638 872 929 910 ιῙιιιίιί’.ς.-“116Χ
995 873 1231 923 justiciariis
1299 876 1382 914 suis
1450 877 1498 915 ad
1569 877 1795 916 custodiam
1867 878 2088 917 Judeorum

385 931 614 981 assignatis,
651 933 838 971 salutem.
917 935 1065 973 Sciatis
1112 937 1218 985 quod
1265 941 1491 987 respectum
1540 939 1724 977 dedimus
1773 940 1912 978 Judeis
1966 954 2089 990 usque

384 992 426 1030 in
465 1007 529 1032 xv.
564 995 648 1032 dies
686 1008 709 1032 a
746 995 809 1033 die
852 996 992 1035 Sancti
1030 998 1202 1048 Hyllarii
1236 1012 1343 1038 anno
1378 1001 1491 1050 regni
1526 1001 1653 1039 nostri
1685 1002 1764 1040 xxi.
1798 1002 1846 1040 de
1879 1003 2091 1052 arreragiis

384 1068 459 1105 que
497 1055 612 1095 nobis
650 1056 796 1096 debent
839 1058 885 1097 de
934 1059 1099 1108 tallagio
1146 1074 1183 1098 x.
1234 1061 1346 1100 mille
1394 1075 1621 1101 marcarum
1671 1076 1790 1113 super
1836 1077 1902 1102 eos
1950 1066 2088 1103 assiso.

385 1117 440 1156 Et
487 1118 574 1156 ideo
612 1118 723 1157 vobis
767 1121 1009 1159 mandamus
1053 1122 1158 1171 quod
1216 1127 1443 1173 respectum
1506 1125 1622 1162 illum
1679 1125 1735 1164 eis
1793 1125 1886 1164 inde
1946 1126 2091 1165 habere

382 1179 555 1226 faciatis,
595 1184 634 1219 et
681 1181 843 1220 interim
884 1182 1181 1222 districtionem
1220 1184 1305 1222 fieri
1345 1185 1502 1224 faciatis
1541 1199 1612 1236 pro
1651 1187 1862 1236 arreragiis
1901 1189 2090 1237 predictis

383 1254 452 1291 per
500 1242 714 1281 consilium
764 1243 982 1292 proborum
1030 1245 1245 1284 hominum
1293 1247 1528 1294 Judeorum,
1581 1249 1685 1287 sicut
1733 1249 1818 1287 fieri
1866 1251 2086 1289 consuevit.

385 1304 501 1343 Teste
541 1317 631 1354 rege
669 1305 775 1354 apud
815 1306 1010 1352 Windes'‚
1052 1307 1104 1344 ix.
1146 1307 1209 1346 die
1249 1308 1501 1347 Novembris.

491 1410 569 1446 Pro
635 1411 821 1447 comitissa
890 1410 1295 1450 l'enbr’.—Dominus
1364 1425 1430 1450 rex
1498 1415 1701 1452 commisit
1769 1415 1813 1455 A.
1886 1416 2089 1454 comitisse

383 1470 542 1516 Penbr’,
600 1472 824 1510 custodiam
881 1473 989 1521 parci
1047 1473 1107 1510 sui
1164 1474 1211 1511 de
1269 1474 1454 1525 Odyham
1512 1478 1551 1514 et
1607 1476 1796 1515 forinceci
1857 1477 1964 1516 bosci
2026 1479 2088 1516 sui

383 1533 624 1582 pertinentis
671 1534 719 1571 ad
766 1534 872 1571 idem
912 1534 1139 1572 manerium
1184 1538 1222 1573 et
1261 1536 1400 1574 viridis
1448 1540 1486 1575 et
1534 1539 1760 1576 venationis
1809 1552 1877 1577 sue
1924 1539 2087 1578 ibidem.

383 1596 438 1633 Et
476 1599 796 1645 manuceperunt
836 1596 882 1633 R.
924 1609 1058 1634 comes
1097 1597 1310 1644 Cornubie‚
1352 1602 1390 1636 et
1430 1599 1467 1636 J.
1509 1612 1641 1637 comes
1681 1601 1810 1646 Linc’,
1851 1603 1955 1651 quod
2003 1603 2089 1652 ipsa

383 1658 493 1696 salvo
531 1658 728 1696 custodiet
768 1662 806 1696 et
846 1659 971 1696 viride
1010 1663 1048 1696 et
1087 1660 1358 1698 venationem.
1418 1661 1473 1699 Et
1504 1663 1743 1700 mandatum
1774 1666 1833 1701 est
1868 1664 2090 1713 Reginaldo

384 1721 431 1758 de
470 1720 572 1758 Albo
611 1720 860 1759 Monasterio
899 1721 1004 1770 quod
1052 1721 1099 1759 de
1147 1722 1326 1771 predicta
1374 1724 1558 1762 custodia
1604 1725 1639 1762 61
1688 1726 1849 1774 plenam
1898 1726 2089 1765 seisinam

384 1783 529 1822 habere
570 1783 704 1822 faciat.
765 1783 881 1821 Teste
921 1796 1023 1833 rege,
1064 1788 1109 1822 ut
1150 1798 1284 1834 supra.

497 1889 570 1925 Pro
611 1888 832 1925 Baldewzssnn
871 1889 914 1924 de
958 1888 1346 1927 l'e›·.——Mandatum
1385 1894 1446 1929 est
1485 1891 1667 1929 ,Iohanni
1702 1893 1749 1930 de
1797 1893 1942 1931 Nevill’
1983 1896 2088 1944 quod

383 1949 527 1988 habere
567 1949 688 1988 faciat
729 1949 963 1988 Baldewino
1002 1950 1048 1988 de
1084 1952 1160 1988 Ver
1198 1965 1234 1990 v.
1275 1952 1413 1991 damas
1453 1953 1494 1991 in
1534 1953 1656 1992 ballia
1695 1967 1767 1993 sua
1806 1958 1917 1994 extra
1949 1969 2089 2006 parcos

382 2013 485 2062 regis
524 2015 562 2051 et
600 2015 712 2051 extra
750 2012 942 2051 forestam
982 2014 1085 2062 regis
1123 2013 1170 2053 de
1209 2014 1408 2065 Waberg',
1444 2016 1491 2054 de
1529 2016 1633 2055 dono
1672 2017 1787 2067 regis.
1848 2018 1964 2057 Teste
1999 2032 2088 2069 rege

382 2076 488 2126 apud
528 2075 716 2121 Windes’,
759 2087 796 2111 x.
837 2074 900 2112 die
938 2074 1188 2114 Novembris.

490 2163 730 2201 Mandatum
796 2166 856 2201 est
921 2162 1137 2202 baronibus
1192 2164 1239 2202 de
1299 2165 1505 2203 Scaccario
1563 2167 1668 2215 quod
1724 2180 1791 2205 rex
1853 2168 2089 2217 perdonavit

382 2226 615 2265 Baldewino
662 2226 709 2263 de
749 2224 827 2262 Ver
874 2225 1192 2263 misericordiam
1239 2225 1280 2263 in
1328 2239 1449 2276 quam
1498 2227 1640 2267 incidit
1682 2241 1817 2267 coram
1855 2230 2089 2280 justiciariis

381 2290 463 2328 suis
502 2289 646 2327 ultimo
689 2286 976 2325 itinerantibus
1023 2287 1065 2325 in
1114 2288 1310 2326 comitatu
1359 2289 1478 2339 Leyc'
1518 2303 1588 2340 pro
1634 2291 1785 2329 defalta
1832 2305 1953 2341 quam
1992 2294 2088 2332 fecit

381 2365 514 2391 coram
554 2351 651 2401 ipsis
690 2353 868 2399 tempore
906 2362 985 2399 quo
1024 2349 1101 2387 fuit
1140 2350 1181 2387 in
1222 2350 1389 2389 servicio
1425 2351 1529 2401 regis
1563 2352 1604 2389 in
1637 2353 1817 2402 partibus
1849 2355 2088 2394 Alemannie

381 2428 450 2464 per
488 2416 717 2464 preceptum
769 2412 871 2461 regis
921 2412 1197 2462 prosequendo
1243 2413 1445 2463 loquelam
1495 2427 1610 2452 suam
1657 2429 1794 2454 versus
1834 2417 2086 2456 Willelmum

381 2477 428 2516 de
468 2475 679 2520 Carleton',
719 2487 741 2511 a
788 2486 866 2523 quo
913 2473 1096 2523 exigebat
1144 2479 1378 2524 compotum
1427 2476 1709 2515 rationabilem
1748 2479 1783 2517 ei
1821 2480 1945 2517 reddi.
2032 2481 2087 2518 Et

380 2540 467 2578 ideo
513 2538 753 2576 mandatum
801 2540 860 2574 est
907 2536 963 2574 eis
1010 2536 1115 2586 quod
1164 2540 1248 2574 tam
1285 2537 1419 2586 ipsum
1458 2539 1737 2577 Baldewinum
1774 2554 1897 2590 quam
1935 2542 2086 2591 plegios

381 2614 473 2641 suos
511 2601 603 2639 inde
636 2599 792 2650 quietos
831 2611 915 2637 esse
966 2602 1005 2637 et
1055 2612 1077 2637 a
1126 2599 1270 2638 rotulis
1318 2599 1516 2640 Scaccarii
1565 2602 1668 2652 regis
1713 2603 1869 2642 extrahi
1919 2604 2086 2644 faciant.

386 2665 502 2703 Teste
541 2676 631 2713 rege
670 2665 715 2700 ut
752 2674 886 2711 supra.

487 2769 564 2805 Pro
613 2767 781 2812 Raslulfo
837 2767 879 2802 de
932 2766 1405 2805 Wilton’.—Mandatum
1457 2770 1518 2806 est
1569 2768 1719 2806 eisdem
1771 2771 1875 2820 quod
1924 2771 2083 2809 nullum

380 2833 612 2879 compotum
647 2828 810 2877 exigant
844 2840 867 2865 a
901 2827 1077 2866 Radulfo
1115 2828 1162 2866 de
1194 2828 1358 2867 Wilton’
1395 2830 1441 2867 de
1475 2833 1653 2879 tempore
1688 2844 1766 2881 quo
1806 2832 1883 2870 fuit
1917 2832 2085 2871 ballivus

381 2892 489 2930 Petri
527 2891 574 2929 de
612 2890 769 2935 Rivall'‚
810 2902 883 2927 nec
922 2889 1055 2938 ipsum
1094 2891 1301 2928 occasione
1341 2891 1450 2929 illius
1490 2893 1665 2941 compoti
1704 2894 1891 2943 distringi
1934 2895 2084 2933 faciant

380 2955 505 2992 donec
552 2966 619 2990 rex
665 2951 776 2989 aliud
823 2951 915 2989 inde
962 2952 1206 3000 preceperit;
1255 2953 1349 3002 quia
1398 2954 1503 2991 idem
1542 2955 1740 2993 Radulfus
1787 2956 1942 2994 litteras
1982 2957 2084 3006 regis

381 3016 502 3054 habet
541 3015 588 3052 de
626 3013 850 3063 quietantia
884 3025 932 3050 ne
970 3016 1205 3062 compotum
1239 3015 1379 3053 reddat
1414 3016 1461 3054 de
1496 3019 1673 3065 tempore
1708 3018 1897 3066 predicto.
1969 3019 2085 3056 Teste

381 3091 470 3127 rege
508 3076 613 3125 apud
652 3074 856 3120 winulos,
896 3074 951 3124 xj.
991 3074 1055 3113 die
1092 3075 1343 3114 Novembris.

489 3184 566 3219 I'ro
620 3181 782 3227 Huglone
833 3180 876 3214 «Ie
931 3179 1394 3218 Bolclwc.—Mandatum
1448 3186 1506 3219 est
1555 3182 1728 3220 Roberto
1776 3183 1823 3220 de
1872 3184 2084 3233 Grepping’

380 3244 485 3295 quod
533 3242 723 3281 seisinam
772 3239 915 3278 habere
963 3241 1083 3278 faciat
1132 3242 1298 3291 Hugoni
1347 3244 1393 3281 de
1442 3243 1612 3282 Bolebec
1660 3245 1707 3282 de
1754 3247 1838 3282 toto
1885 3245 2086 3285 dominico

380 3306 484 3356 regis
537 3303 781 3351 Cnareburg'
836 3315 927 3340 cum
986 3303 1242 3351 pertinentiis
1298 3317 1367 3353 per
1424 3308 1629 3343 extentam
1686 3305 1778 3343 inde
1834 3307 1997 3353 factam,
2053 3309 2085 3346 si

381 3365 676 3410 rationabiliter
727 3364 832 3410 facta
882 3364 1029 3409 fuerit3
1078 3368 1129 3410 et,
1181 3365 1260 3406 nisi
1313 3366 1433 3409 fuerit
1488 3366 1796 3413 rationabiliter,
1848 3381 1917 3416 per
1965 3369 2085 3415 aliam
