2375 3587
253 200 336 238 512

315 329 442 374 1236

302 396 362 434 [m.
381 394 473 433 ΞΜ]

1193 198 1380 241 CLOSE
1425 198 1632 240 ROLLS.

660 394 794 442 Agnes
833 395 880 432 de
915 395 1074 432 Rames'
1106 393 1328 432 attornavit
1363 393 1599 442 Philippum
1635 393 1767 430 filium
1803 394 1889 443 ejus
1928 396 1967 431 et
2008 393 2261 442 Stephanum

553 457 599 494 de
629 456 668 494 la
688 456 798 494 More
828 457 867 493 in
899 457 1057 506 loquela
1085 469 1160 505 que
1190 460 1249 493 est
1278 456 1318 492 in
1350 456 1546 493 comitatu
1577 455 1731 493 Oxonie
1764 456 1869 493 inter
1898 455 2028 504 ipsam
2051 455 2260 501 Agnetem,

552 522 768 567 petentem,
823 522 861 556 et
912 519 1084 568 priorem
1124 518 1171 555 de
1220 518 1419 561 Derhest',
1479 520 1698 562 tenentem,
1739 517 1786 555 de
1837 520 1978 567 quater
2026 530 2090 554 xx.
2149 528 2261 554 acras

553 584 655 618 terre
694 581 735 617 in
776 580 947 618 Rames’.

662 695 716 730 De
754 695 870 729 assisa
913 691 1241 729 vinorumf—Rex
1280 691 1423 740 majori
1461 694 1500 728 ct
1540 690 1848 728 vicecomitibus
1889 691 2033 736 Lond’,
2075 689 2261 727 salutem.

552 755 793 792 Mandamus
831 754 942 791 vobis
976 753 1080 802 quod
1120 766 1188 801 per
1238 756 1366 790 totam
1417 753 1623 790 civitatem
1683 756 1874 790 nostram
1927 752 2056 790 Lond’
2097 751 2264 789 clamari

550 820 588 854 et
647 817 816 854 firmiter
868 815 1069 865 prohiberi
1122 815 1279 852 faciatis
1329 827 1376 851 ex
1430 819 1540 863 parte
1600 819 1740 852 nostra
1797 815 1905 864 quod
1961 814 2099 851 nullus
2148 825 2266 861 super

551 879 847 917 forisfacturam
888 881 1067 915 nostram
1102 877 1250 914 vendat
1290 876 1532 914 sextercium
1573 877 1657 914 vini
1695 877 1807 914 rubei
1871 877 2005 914 carius
2044 888 2163 925 quan]
2195 887 2265 923 pro

552 954 589 978 x.
630 941 805 979 denariis
844 953 914 977 nec
955 939 1197 977 sextercium
1250 939 1334 975 vini
1393 938 1472 976 albi
1515 939 1663 976 Gallici
1724 939 1857 977 carius
1907 951 2030 988 quain
2069 950 2140 986 pro
2179 936 2264 986 viij.

551 1003 738 1047 denariis,
780 1011 818 1040 et
850 1003 953 1039 hanc
993 1001 1161 1038 assisam
1201 1005 1383 1038 nostram
1426 1001 1481 1038 ita
1522 1001 1649 1039 teneri
1694 1001 1855 1039 faciatis
1894 1014 1944 1038 ne
1984 1013 2056 1049 pro
2085 999 2265 1048 ejusdem

552 1066 867 1115 transgressione
897 1064 945 1101 ad
974 1076 1042 1101 vos
1074 1076 1145 1100 nos
1176 1076 1314 1112 capere
1347 1063 1583 1101 debeamus.
1645 1064 1821 1102 Faciatis
1865 1063 1988 1101 etiam
2023 1061 2187 1100 clamari
2228 1066 2266 1098 et

553 1128 722 1166 firmiter
774 1125 973 1176 prohiberi
1023 1138 1069 1162 ex
1122 1129 1233 1174 parte
1287 1129 1424 1163 nostra
1478 1139 1598 1175 super
1647 1126 1950 1163 forisfacturam
1996 1127 2177 1162 nostram
2217 1135 2267 1160 ne

552 1192 640 1241 quis
693 1191 739 1227 de
787 1189 948 1227 civitate
1005 1187 1134 1225 Lond'
1195 1187 1388 1232 decetero,
1426 1187 1487 1225 vel
1546 1201 1614 1236 per
1672 1201 1817 1237 aquam
1867 1187 1929 1225 vel
1977 1199 2045 1235 per
2102 1188 2263 1230 terrani,

553 1256 733 1292 occurrat
790 1249 1079 1288 mercatoribus
1128 1249 1384 1286 venientibus
1443 1261 1534 1287 cuin
1589 1250 1693 1287 vinis
1752 1249 1814 1287 vel
1863 1249 1953 1286 aliis
2005 1246 2266 1286 mercandisis

553 1329 689 1353 versus
746 1313 952 1351 civitatem
992 1316 1173 1349 nostram
1214 1311 1342 1349 Lond'
1383 1311 1431 1348 ad
1472 1324 1517 1348 ea
1570 1311 1739 1349 emenda
1776 1311 1838 1349 vel
1891 1310 2108 1348 mercanda
2156 1312 2264 1347 ante-

554 1391 673 1427 quam
721 1388 844 1425 usque
884 1374 1013 1412 Lond'
1075 1373 1343 1422 pervenerint,
1386 1377 1445 1411 set
1496 1373 1648 1422 singuli
1705 1376 1946 1411 mercatores
1985 1372 2081 1410 illuc
2134 1371 2268 1409 venire

554 1441 733 1478 volentes
801 1437 922 1475 libere
992 1441 1030 1474 et
1088 1436 1173 1473 sine
1232 1435 1525 1484 impedimento
1592 1436 1757 1473 veniant
1812 1439 1850 1473 et
1920 1435 2016 1473 vina
2072 1437 2110 1471 et
2168 1434 2267 1471 alias

555 1501 825 1540 mercandisas
877 1512 969 1537 suas
1009 1498 1061 1536 ibi
1119 1498 1295 1535 vendant
1348 1498 1533 1535 faciendo
1587 1498 1678 1535 inde
1719 1501 1846 1535 rectas
1895 1501 1934 1536 et
1973 1497 2126 1535 debitas
2174 1508 2265 1534 con-

555 1564 803 1603 suetudines.
876 1563 931 1600 Et
979 1562 1084 1599 hanc
1124 1562 1291 1598 assisam
1334 1569 1515 1598 nostram
1557 1560 1743 1598 similiter
1787 1560 1945 1598 faciatis
1994 1560 2051 1597 ita
2098 1559 2269 1596 firmiter

554 1626 752 1667 observari
794 1638 842 1662 ne
882 1626 913 1662 si
954 1637 1073 1673 super
1106 1637 1151 1660 eo
1186 1624 1436 1672 negligentes
1478 1622 1745 1660 inveniamini
1782 1623 1926 1660 merito
1966 1621 2145 1660 debeatis
2175 1621 2267 1658 inde

555 1691 725 1737 gravari.
785 1687 1093 1735 Assignavimus
1134 1686 1240 1724 enim
1288 1686 1587 1723 thesaurarium
1629 1690 1813 1723 nostrum
1853 1685 1981 1723 Lond'
2023 1688 2061 1722 et
2109 1686 2265 1722 consta-

557 1754 757 1792 bularium
808 1755 992 1789 nostrum
1043 1750 1181 1786 Turris
1231 1749 1359 1786 Lond'
1403 1749 1451 1786 ad
1500 1748 1719 1785 videndum
1768 1748 1874 1797 quod
1923 1747 2096 1797 predicte
2144 1746 2268 1784 assise

557 1814 843 1853 inviolabiliter
880 1814 1154 1855 observentur,
1196 1810 1341 1860 quibus
1381 1810 1503 1847 etiam
1543 1810 1725 1847 dedimus
1764 1810 1805 1847 in
1847 1809 2051 1847 mandatis
2085 1808 2203 1859 quod,
2235 1807 2267 1845 si

556 1878 678 1927 aliqui
728 1876 987 1914 inveniantur
1026 1874 1244 1911 vendentes
1284 1873 1345 1910 vel
1385 1876 1565 1910 ementes
1600 1873 1694 1910 vina
1747 1873 1807 1911 vel
1855 1872 1953 1910 alias
1992 1870 2267 1909 mercandisas

556 1948 694 1980 contra
743 1941 815 1976 lias
863 1938 1008 1975 assis-as
1048 1940 1219 1980 nostras,
1259 1948 1305 1973 ea
1352 1935 1393 1972 in
1443 1948 1611 1972 manum
1661 1939 1841 1973 nostram
1883 1934 2045 1984 capiant
2082 1936 2121 1971 et
2158 1932 2268 1970 salvo

557 2003 787 2042 custodiant
817 2002 942 2039 donec
974 2000 1011 2036 id
1046 1999 1161 2036 nobis
1193 1998 1506 2047 significaverint
1536 2002 1574 2035 et
1604 1998 1799 2046 placitum
1835 2001 2020 2035 nostrum
2056 1996 2149 2033 inde
2182 1994 2269 2032 fieri

558 2065 863 2116 preceperimus.
925 2062 1041 2100 Teste
1081 2074 1169 2110 rege
1208 2061 1313 2110 apud
1355 2060 1595 2106 Wodestok',
1631 2061 1769 2110 xxviij.
1810 2060 1872 2098 die
1912 2059 2109 2098 Octobris.

667 2153 722 2190 Et
773 2151 1012 2189 mandatum
1063 2152 1122 2187 est
1172 2148 1338 2197 Hugoni
1386 2148 1433 2185 de
1487 2147 1723 2193 Pateshull’,
1773 2146 2023 2185 thesaurario
2067 2145 2184 2194 regis,
2233 2147 2271 2181 et

561 2216 725 2266 Hugoni
785 2213 951 2253 Giffard,
1001 2211 1298 2250 constabulario
1352 2210 1489 2247 Turris
1546 2210 1690 2256 Lond’,
1731 2210 1835 2259 quod
1876 2209 1908 2247 si
1957 2210 2046 2259 quis
2088 2206 2271 2246 convinci

561 2280 685 2330 possit
735 2277 838 2328 quod
895 2279 1035 2314 contra
1083 2275 1157 2312 hoc
1210 2279 1409 2311 statutum
1468 2273 1571 2321 regis
1627 2273 1718 2310 ierit
1770 2273 1811 2309 in
1869 2284 2079 2310 occursum
2135 2283 2269 2308 rerum

560 2342 763 2381 venalium
796 2352 864 2388 per
896 2346 1043 2376 terram
1083 2337 1164 2374 sive
1200 2349 1268 2385 per
1306 2349 1415 2373 mare
1455 2336 1502 2372 ad
1542 2349 1586 2373 ea
1625 2335 1794 2373 emenda
1831 2335 1912 2372 sive
1950 2333 2193 2378 mercianda,
2227 2335 2271 2370 ut

562 2418 630 2454 per
668 2415 836 2441 manum
877 2413 992 2438 suain
1032 2412 1096 2437 eas
1136 2399 1176 2435 in
1216 2398 1395 2447 predicta
1433 2398 1594 2436 civitate
1633 2398 1764 2435 carius
1804 2397 1995 2442 vendant,
2036 2408 2175 2434 omnes
2210 2408 2270 2432 res

562 2468 651 2506 illas
708 2465 795 2513 capi
853 2463 1004 2501 faciant
1056 2462 1097 2498 in
1143 2474 1312 2498 manum
1365 2461 1468 2509 regis
1526 2464 1564 2498 et
1619 2460 1728 2498 salvo
1780 2459 1973 2498 custodiri
2026 2459 2151 2496 donec
2203 2470 2270 2495 rex

563 2529 672 2567 aliud
738 2526 829 2563 inde
893 2524 1138 2573 preceperit:
1197 2523 1272 2567 vel,
1313 2523 1345 2560 si
1402 2523 1543 2560 vinum
1601 2522 1854 2559 vendiderint
1906 2524 2046 2559 contra
2102 2519 2270 2557 assisam

563 2590 783 2641 predictam
824 2592 1033 2636 postquam
1073 2586 1245 2623 clamata
1295 2584 1429 2629 fuerit,
1476 2584 1614 2621 onmia
1663 2584 1755 2621 vina
1801 2596 1873 2621 sua
1910 2583 1998 2632 capi
2040 2582 2192 2620 faciant
2230 2581 2272 2618 in

565 2666 732 2692 manum
782 2651 885 2698 regis
930 2655 968 2686 et
1020 2648 1131 2685 salvo
1182 2647 1375 2685 custodiri
1427 2647 1553 2684 donec
1609 2659 1676 2683 rex
1734 2646 1843 2683 aliud
1894 2646 1986 2683 inde
2038 2643 2270 2693 preceperit.

566 2717 682 2754 Teste
721 2717 764 2751 ut
803 2725 937 2761 supra.

675 2810 758 2847 Rex
807 2806 971 2855 Hugoni
1020 2806 1066 2843 de
1106 2804 1356 2849 Trublevill’,
1406 2803 1625 2841 senescallo
1674 2816 1745 2840 suo
1803 2802 2025 2848 Wasconie,
2084 2801 2269 2839 salutem.

568 2873 671 2920 Quia
708 2870 816 2908 dolia
862 2868 1067 2906 venientia
1112 2867 1154 2904 in
1203 2866 1395 2916 Angliam
1444 2879 1535 2904 cum
1584 2865 1689 2903 vinis
1737 2865 1784 2902 de
1832 2863 2014 2913 partibus
2063 2863 2274 2902 Wasconie

568 2948 648 2973 non
681 2936 776 2971 sunt
810 2931 989 2981 ejusdem
1024 2929 1149 2967 modii
1184 2942 1255 2967 nec
1291 2932 1452 2966 tantum
1483 2928 1696 2966 continent
1729 2930 1928 2976 quantum
1957 2926 2064 2964 dolia
2096 2925 2273 2974 partium

568 2998 730 3035 illarum
776 2993 981 3032 continere
1029 2999 1325 3029 consueverunt
1374 2989 1623 3039 temporibus
1668 2990 1721 3026 H.
1767 2989 1885 3038 regis,
1934 2988 1996 3026 avi
2044 2987 2184 3032 nostri,
2224 2987 2272 3024 R.

569 3059 686 3109 regis,
731 3055 920 3094 avunculi
968 3054 1109 3099 nostri,
1159 3053 1313 3091 domini
1361 3053 1398 3090 J.
1448 3053 1565 3101 regis,
1620 3053 1758 3101 patris,
1817 3051 1880 3089 vel
1918 3051 2039 3088 etiam
2097 3054 2276 3098 tempore

570 3125 733 3164 nostr03
783 3117 895 3155 vobis
934 3116 1178 3153 mandamus
1216 3115 1409 3164 quatinus
1455 3115 1495 3151 in
1549 3114 1721 3163 singulis
1772 3112 2002 3151 civitatibus
2051 3115 2089 3149 et
2139 3110 2275 3160 burgis

570 3188 672 3222 terre
701 3185 836 3219 nostre
867 3177 1077 3216 Wasconie
1108 3176 1265 3225 publice
1295 3177 1463 3214 clamari
1494 3176 1650 3214 faciatis
1671 3178 1710 3213 et
1731 3174 1902 3212 firmiter
1930 3187 1977 3211 ex
1998 3176 2111 3222 parte
2140 3176 2276 3210 nostra

572 3243 776 3296 prohiberi
815 3254 864 3278 ne
901 3239 969 3288 qui
1017 3239 1196 3276 decetero
1235 3239 1314 3276 alia
1361 3239 1468 3276 dolia
1516 3251 1638 3287 quam
1676 3250 1751 3286 que
1791 3237 1873 3275 sint
1911 3235 2036 3273 debiti
2075 3235 2199 3273 modii
2237 3237 2276 3272 et

573 3312 732 3347 tantum
778 3303 1015 3342 contineant
1061 3304 1261 3349 quantum
1307 3301 1515 3338 continere
1565 3299 1748 3337 solebant
1796 3297 2045 3347 temporibus
2091 3297 2279 3346 predictis

575 3373 617 3409 in
659 3374 807 3408 terram
846 3368 1027 3403 nostram
1076 3363 1221 3412 Anglie
1271 3363 1430 3401 mittere
1470 3365 1722 3412 presumant,
1763 3361 1933 3399 scientes
1979 3359 2084 3412 quod
2122 3359 2155 3398 si
2203 3359 2278 3398 hoc
