2375 3587
218 208 241 245 0:

248 206 271 244 [ζμ

285 328 428 374 1236.

287 395 347 433 [m.
376 394 419 433 1.]

1153 206 1336 248 CLOSE
1382 206 1584 249 ROLLS.

630 405 688 441 De
727 405 909 452 (wifrido
971 404 1428 442 {aazam—Mandatmn
1473 408 1532 442 est
1579 404 1875 444 constabulario
1914 405 2052 446 Turris
2089 405 2219 444 Lond’

522 466 627 515 quod
669 466 899 504 Galfridum
930 467 1092 504 Bauzan
1123 467 1324 516 prisonem
1355 480 1376 504 a
1406 479 1558 505 carcere
1586 469 1624 505 et
1653 467 1827 506 vinculis
1856 468 1898 505 in
1930 467 2074 517 quibus
2104 469 2222 507 modo

522 527 725 565 detinetur
776 528 960 566 extrahat
1009 530 1047 565 et
1094 528 1226 576 ipsum
1277 527 1318 564 in
1377 527 1502 566 libera
1546 528 1710 577 prisona
1762 531 1800 567 et
1851 530 1892 566 in
1938 529 2069 567 anulis
2114 529 2223 567 salvo

522 589 714 627 custodiri
758 589 890 635 faciat,
931 590 1055 627 donec
1093 589 1280 627 dominus
1320 602 1387 627 rex
1436 590 1545 627 aliud
1589 590 1624 628 ei
1669 591 1760 629 inde
1799 591 2031 640 preceperit.
2109 591 2225 629 Teste

523 664 612 700 rege
651 652 755 701 apud
795 651 1040 702 Ken‘ynton'‚
1081 651 1190 701 xviij.
1226 651 1289 690 die
1324 651 1522 690 Octobris.

635 761 713 796 Pro
770 762 898 796 abbate
958 759 1585 797 U'estmonasteri12—Mandatum
1643 764 1703 799 est
1754 761 1982 799 vicecomiti
2036 760 2223 800 Suhamt'

525 822 630 871 quod
670 834 750 860 non
781 821 999 870 distringat
1034 824 1218 860 tenentes
1252 821 1408 860 abbatis
1443 823 1787 861 Westmonasterii
1819 823 1880 861 vel
1911 823 2097 861 homines
2137 837 2228 862 suos

525 884 566 921 in
606 884 798 922 comitatu
846 896 916 921 suo
961 896 1031 932 pro
1078 883 1401 922 amerciamentis
1450 884 1566 922 factis
1617 898 1750 923 60111111
1798 885 2031 935 justiciariis
2078 885 2225 923 nostris

525 947 670 984 ultimo
709 945 993 984 itinerantibus
1025 946 1065 983 in
1093 946 1231 984 eodem
1263 947 1459 985 comitatu
1500 950 1537 985 et
1577 947 1726 985 finibus
1765 948 1883 986 factis
1912 960 2047 986 coram
2076 948 2226 985 eisdem

525 1021 594 1057 pro
633 1008 797 1046 licentia
837 1008 1106 1046 concordandi
1147 1011 1185 1046 et
1224 1008 1304 1046 fine
1355 1009 1460 1047 facto
1499 1022 1570 1058 pro
1615 1009 1810 1047 comitatu
1849 1023 1933 1055 suo,
1975 1010 2081 1047 unde
2120 1010 2226 1048 idem

524 1069 646 1107 abbas
701 1070 967 1120 quietantiam
1024 1070 1144 1108 habet
1200 1083 1268 1119 per
1320 1074 1472 1109 cartam
1528 1071 1645 1120 regis,
1704 1075 1743 1109 et
1799 1072 1931 1109 averia
1988 1084 2124 1110 eorum
2182 1085 2227 1110 ea

524 1132 729 1169 occasione
768 1135 885 1180 capta
923 1132 978 1169 eis
1017 1131 1226 1170 deliberari
1266 1133 1400 1170 faciat.
1477 1133 1592 1171 Teste
1632 1136 1676 1171 ut
1716 1146 1847 1182 supra.

631 1218 785 1256 Eodem
854 1219 972 1257 modo
1043 1218 1231 1257 scribitur
1295 1219 1519 1257 vicecomiti
1586 1219 1736 1266 Bedes’,
1799 1220 1917 1258 Buk’.
2012 1220 2225 1259 Consimili

524 1281 642 1319 modo
693 1280 879 1319 scribitur
926 1281 1151 1319 vicecomiti
1199 1282 1410 1319 Norhamt’
1460 1282 1565 1330 quod
1619 1295 1699 1320 non
1739 1282 1970 1331 distringat,
2019 1286 2109 1329 etc..
2158 1296 2228 1333 pro

524 1343 849 1381 cinerei-amentis
888 1344 1005 1381 factis
1035 1356 1169 1381 coram
1205 1343 1436 1393 justiciariis
1482 1344 1627 1381 ultimo
1668 1344 1955 1383 itinerantibus
1993 1345 2043 1382 ad
2081 1345 2229 1394 placita

526 1405 670 1443 foreste
710 1405 751 1442 in
791 1406 929 1443 eodem
970 1405 1178 1448 comitam,
1218 1410 1256 1444 et
1295 1408 1433 1455 postea
1471 1409 1515 1444 ut
1555 1419 1687 1455 supra.

635 1516 710 1550 I'ro
754 1514 1145 1561 reste.—Mandatum
1184 1517 1243 1551 est
1274 1514 1450 1551 Waltero
1489 1514 1535 1551 de
1574 1514 1710 1563 Burgo
1744 1514 1848 1563 quod
1888 1515 1928 1552 in
1969 1514 2086 1553 bosco
2124 1515 2228 1563 regis

527 1576 574 1613 de
614 1577 803 1613 Hadt'eld’
846 1576 966 1613 faciat
1019 1575 1162 1614 habere
1201 1576 1425 1614 vicecomiti
1476 1576 1681 1615 Hertford'
1722 1577 1985 1614 maeremium
2026 1577 2227 1616 sufficiens

527 1639 575 1675 ad
615 1639 795 1676 facienda
833 1652 897 1677 xx.
936 1638 1048 1675 milia
1086 1638 1358 1676 soiiulularum
1391 1639 1439 1675 ad
1469 1639 1609 1676 domos
1644 1639 1747 1687 regis
1778 1639 1819 1676 in
1860 1642 1991 1677 castro
2022 1639 2228 1678 Hertford'

527 1700 823 1749 cooperiendas.
900 1700 1015 1738 Teste
1054 1713 1143 1749 rege
1183 1700 1288 1749 apud
1328 1700 1573 1750 Kenynton’,
1615 1701 1694 1738 xix.
1734 1701 1796 1738 die
1832 1700 2029 1739 Octobris.

636 1818 714 1854 Pro
763 1819 803 1855 J.
856 1820 984 1854 contire
1035 1816 1441 1855 Lz'nc.-1xlandam1n
1484 1820 1543 1855 est
1587 1817 1757 1855 Ricardo
1805 1816 1852 1854 (16
1898 1817 1937 1855 la
1978 1818 2076 1855 Lad’
2125 1819 2231 1868 quod

527 1879 568 1916 in
608 1879 743 1917 baillia
791 1892 862 1917 sua
917 1879 1036 1917 imfra
1086 1880 1168 1929 (sie)
1217 1879 1454 1918 comitatum
1493 1879 1624 1925 Dors'‚
1661 1878 1728 1917 ubi
1772 1879 1915 1918 melius
1959 1879 2101 1918 viderit
2149 1894 2232 1919 esse

528 1943 769 1988 faciendum,
807 1942 927 1980 faciat
966 1941 1111 1979 habere
1159 1942 1196 1980 J.
1230 1942 1367 1980 comiti
1408 1941 1520 1979 Linc'
1554 1945 1592 1980 et
1627 1941 1922 1980 constabulario
1957 1942 2096 1989 Cestr’,
2128 1943 2228 1994 xiiij.

527 2005 689 2054 copulas
737 2005 785 2043 ad
835 2005 1037 2054 quandam
1085 2004 1278 2054 capellani
1328 2004 1557 2051 erigendam
1603 2005 1705 2053 apud
1750 2005 1975 2042 manerium
2019 2018 2137 2043 suum
2185 2007 2231 2043 de

529 2068 780 2117 Kingeston’,
817 2068 863 2105 de
903 2068 1007 2105 (10110
1047 2067 1163 2116 regis.
1222 2067 1338 2116 Apud
1378 2067 1663 2117 Kcnynynton'
1703 2068 1800 2117 (sie),
1835 2081 1898 2105 xx.
1932 2068 1994 2106 (116
2034 2067 2231 2106 Octobris.

642 2186 714 2220 [ἢν
754 2185 919 2231 qula-‹apa›
961 2183 1533 2220 ('mnrentium12—Mandzitum
1583 2186 1642 2220 est
1681 2181 1896 2219 baronibus
1936 2183 1982 2220 (16
2024 2183 2230 2222 8611666110

528 2247 645 2295 (1110(1,
687 2246 717 2283 61
756 2259 823 2294 per
862 2246 1013 2283 rotulos
1055 2245 1251 2284 Scaccarii
1289 2245 1414 2293 possit
1457 2245 1513 2282 eis
1561 2250 1758 2290 constare,
1800 2246 1903 2294 qnod
1948 2259 2040 2283 xxv.
2077 2246 2230 2284 denarii

528 2321 627 2357 quos
665 2308 831 2353 exigunt
871 2306 919 2344 ab
957 2307 1142 2356 episcopo
1181 2307 1442 2344 Coventrensi
1488 2319 1558 2355 per
1605 2306 1967 2344 siuninonitionem
2020 2307 2229 2353 Scmcarii,

529 2370 746 2418 exiguntur
784 2369 830 2406 (16
870 2369 985 2407 terris
1025 2369 1071 2406 de
1111 2369 1248 2406 Kanoc
1286 2381 1385 2417 (111116
1425 2369 1529 2405 idem
1565 2369 1775 2417 episcopus
1814 2368 1934 2406 habet
1972 2382 2041 2418 per
2078 2373 2230 2407 cartam

530 2432 577 2468 R.
633 2431 735 2478 regis
787 2434 825 2468 et
875 2434 1027 2469 cartam
1085 2431 1240 2468 domini
1287 2431 1403 2479 regis,
1454 2434 1551 2468 tunc
1602 2431 1734 2479 ipsum
1784 2431 1876 2468 inde
1922 2431 2103 2480 quietum
2149 2445 2232 2469 esse

530 2493 705 2535 faciant2
742 2493 803 2530 sin
834 2496 981 2535 autem,
1012 2492 1217 2542 inquirant
1247 2492 1293 2530 (16
1323 2491 1468 2541 quibus
1498 2492 1613 2530 terris
1642 2493 1795 2530 denarii
1826 2493 1990 2541 predicti
2021 2493 2235 2542 exig-antur

529 2560 567 2593 et
605 2555 826 2593 certificent
866 2555 1077 2592 dominum
1116 2567 1248 2603 regem
1289 2555 1393 2592 inde.
1470 2555 1526 2592 Et
1574 2554 1702 2592 eidem
1742 2554 1925 2604 episcopo
1964 2568 2102 2604 111166111
2141 2555 2233 2593 111(16

529 2617 691 2655 interim
731 2616 875 2655 habere
914 2617 1077 2655 faciant.
1156 2617 1271 2654 Teste
1311 2630 1399 2665 rege
1440 2620 1483 2654 ut
1522 2629 1656 2665 supra.

640 2735 717 2771 Pro
759 2734 917 2781 Sysmwne
955 2736 996 2769 de
1034 2735 1163 2770 Monte
1204 2733 1476 2770 homil—Rex
1516 2731 1783 2770 escaetoribus
1832 2732 1914 2770 suis
1959 2732 2001 2769 in
2041 2733 2234 2771 comitatu

531 2796 689 2840 Norhff,
731 2795 916 2832 salutem.
996 2794 1141 2833 Sciatis
1178 2795 1283 2844 quod
1332 2794 1538 2832 occasione
1586 2793 1855 2831 concessionis
1900 2807 2020 2842 quam
2065 2794 2234 2832 fecimus

531 2858 677 2895 dilecto
715 2860 753 2894 et
792 2856 900 2893 fideli
941 2859 1079 2894 nostro
1129 2856 1285 2895 Simoni
1325 2857 1371 2894 de
1422 2857 1561 2893 Monte
1605 2856 1717 2894 Forti
1756 2856 1802 2893 de
1841 2855 2036 2894 habendis
2070 2857 2235 2895 escaetis

531 2919 577 2956 de
617 2918 731 2956 terris
766 2918 1108 2963 Nornianncrum,
1150 2931 1225 2967 que
1264 2918 1443 2955 decetero
1481 2917 1722 2955 excidissent
1771 2917 1811 2954 in
1851 2917 1998 2966 Anglia
2036 2917 2083 2955 (16
2121 2917 2235 2956 feodo

532 2994 614 3025 suo,
645 2981 769 3017 donec
809 2985 913 3017 terra
953 2984 1091 3017 nostra
1126 2980 1269 3029 Anglie
1306 2984 1346 3017 at
1381 2984 1485 3017 terra
1514 2980 1841 3017 Normannorum
1873 2979 1954 3016 sint
1985 2992 2232 3026 communes,

532 3042 803 3080 concessimus
833 3042 865 3079 ei
898 3046 1021 3079 terras
1051 3046 1089 3079 et
1116 3045 1359 3083 tenementa,
1384 3055 1457 3091 (1116
1489 3042 1683 3079 'Ricardus
1714 3041 1927 3085 Har-ecurt,
1960 3041 2233 3086 Normannus,

534 3104 664 3141 tenuit
716 3104 763 3140 de
817 3104 931 3141 feodo
982 3116 1051 3141 suo
1101 3108 1139 3141 et
1184 3104 1275 3141 inde
1315 3105 1348 3141 ei
1400 3104 1561 3152 plenum
1617 3103 1806 3140 seisinam
1858 3103 2004 3140 habere
2054 3103 2233 3141 fecimus.

534 3167 589 3203 Et
624 3166 709 3202 ideo
748 3165 858 3202 vobis
894 3165 1135 3213 precipimus
1166 3166 1271 3214 quod
1311 3166 1358 3203 de
1397 3165 1585 3214 predictis
1624 3165 1740 3202 terris
1771 3165 1832 3202 vel
1871 3156 2125 3209 tenementis,
2161 3178 2236 3214 que

534 3231 629 3264 sunt
662 3226 829 3275 predicti
870 3226 1031 3264 Ricardi
1070 3227 1111 3263 in
1161 3227 1339 3275 predicto
1386 3227 1581 3265 comitatu
1624 3229 1662 3264 et
1701 3228 1795 3263 sunt
1833 3226 1880 3263 (16
1919 3225 2033 3263 feodo
2070 3227 2235 3275 predicti

538 3289 728 3333 Simonis,
770 3288 811 3325 in
850 3288 962 3325 nullo
1000 3301 1069 3325 vos
1108 3287 1406 3325 intromittatis.
1485 3288 1601 3325 Teste
1640 3300 1728 3335 rege
1768 3290 1812 3324 ut
1851 3300 1983 3335 supra.

641 3367 793 3407 Eodem
832 3366 950 3406 modo
988 3365 1176 3406 scribitur
1213 3366 1404 3405 escaetori
1443 3365 1484 3405 in
1524 3364 1783 3408 comitatibus
1823 3365 1951 3404 Warr’
1990 3367 2028 3405 et
2066 3365 2187 3405 Leic’.
