2375 3587
161 302 306 352 1235.

156 374 215 412 [m.
230 368 319 407 isa]

1042 163 1095 204 19
1136 158 1341 200 HENRY
1382 155 1465 198 III.
2022 144 2102 187 167

402 372 515 422 regni
558 369 685 409 nostri
731 367 881 413 omnia,
940 364 1173 404 benedictus
1247 362 1369 405 Deus,
1428 369 1616 407 prospera
1672 356 1767 392 sunt
1822 354 1861 389 et
1906 347 2102 400 jocunda;

403 434 703 485 plurimumque
741 429 1014 468 desideramus
1051 425 1157 476 quod
1195 424 1242 462 de
1281 424 1389 461 statu
1429 423 1531 458 terre
1569 419 1704 455 nostre
1734 411 1942 457 Hibernie‚
1984 407 2105 448 simul

403 500 442 536 et
480 496 528 534 de
566 497 711 538 vestro,
757 491 906 530 similia
944 490 1174 538 frequenter
1221 484 1446 523 audiamus.
1534 480 1678 518 Grates
1719 475 1881 526 quidem
1920 469 2104 510 fidelitati

403 560 532 598 vestre
570 555 787 594 referentes
829 553 877 590 de
923 563 969 589 eo
1024 549 1131 599 quod
1187 559 1260 585 nos
1316 542 1550 595 premunire
1605 538 1790 578 voluistis
1847 535 1953 586 quod
2012 534 2107 570 sunt

405 620 568 670 quidam
625 617 692 667 qui
748 614 1062 664 procuraverunt
1118 610 1297 659 legatum
1354 603 1548 644 destinari
1603 602 1645 639 in
1694 598 1948 643 Hiberniam,
1997 593 2108 633 vobis

408 681 685 732 significamus
722 677 841 727 quod,
882 678 1099 723 antequam
1139 672 1294 710 litteras
1337 670 1490 708 vestras
1530 665 1623 702 inde
1662 661 1963 710 recepissemus,
2002 657 2108 694 idem

406 743 635 784 audivimus
673 742 712 779 et
750 739 799 777 ad
837 737 991 776 curiam
1036 735 1264 773 Romanam
1294 729 1597 770 transmisimus
1633 725 1683 763 ad
1720 721 2022 772 impediendum
2061 729 2111 755 ne

408 808 540 857 preter
577 803 832 843 voluntatem
871 802 1052 838 nostram
1091 797 1247 845 legatus
1287 792 1434 842 aliquis
1472 790 1569 828 illuc
1608 786 1783 826 accedat.
1871 782 1973 830 Quia
2019 792 2112 819 vero

409 869 542 919 plures
581 866 630 904 ad
668 877 742 902 nos
779 862 1049 913 pervenerunt
1086 857 1244 908 querele
1282 855 1331 894 ab
1369 853 1448 892 hiis
1486 864 1557 901 pro
1594 848 1740 900 quibus
1768 847 1925 885 litteras
1954 845 2114 881 nostras

411 930 523 970 vobis
559 926 793 971 direximus,
829 924 934 975 quod
972 920 1171 960 inutiliter
1209 931 1276 957 eas
1314 916 1578 966 optinuerunt
1615 924 1661 950 eo
1699 909 1805 960 quod
1834 907 1970 945 minus
2000 902 2115 953 proni

412 993 520 1039 estis,
580 991 706 1028 immo
761 988 867 1025 ultra
922 985 1089 1023 modum
1156 980 1351 1025 difficiles,
1424 978 1465 1015 in
1537 973 1772 1014 executione
1829 968 2115 1007 mandatorum

413 1057 672 1097 nostrorum;
720 1049 833 1088 vobis
869 1046 1114 1085 mandamus
1151 1042 1258 1093 quod
1305 1041 1348 1078 in
1386 1039 1464 1078 fide
1502 1050 1580 1088 qua
1618 1033 1734 1073 nobis
1774 1029 1983 1074 tenemini,
2024 1039 2117 1065 cum

413 1114 627 1165 contigerit
665 1125 738 1151 nos
776 1123 847 1161 pro
885 1108 1002 1147 nobis
1041 1106 1139 1156 ipsis
1178 1118 1247 1143 seu
1285 1116 1356 1153 pro
1395 1102 1475 1140 alio
1522 1108 1774 1149 quocumque
1813 1092 1925 1132 vobis
1963 1090 2118 1128 litteras

414 1181 574 1218 nostras
621 1175 804 1224 dirigere,
848 1172 955 1221 ipsas
1003 1169 1174 1218 benigne
1221 1166 1392 1215 recipere
1447 1166 1486 1201 et
1534 1174 1579 1199 ea
1625 1171 1705 1209 qua
1751 1157 1863 1194 decet
1910 1152 2121 1191 devotione

415 1240 556 1290 exequi
594 1237 756 1283 curetis,
796 1234 901 1285 quod
939 1245 1008 1283 per
1046 1230 1284 1269 dilationem
1322 1224 1569 1266 executionis
1608 1220 1715 1261 credi
1749 1232 1831 1257 non
1862 1216 1988 1267 possit
2017 1213 2122 1264 quod

416 1303 592 1342 debitam
630 1299 745 1339 nobis
791 1309 874 1335 non
931 1292 1153 1333 exhibeatis
1209 1289 1474 1329 reverentiam
1531 1288 1591 1324 set
1648 1282 1781 1333 potius
1828 1293 1876 1318 ex
1914 1276 2124 1316 devotione

417 1368 549 1404 vestra
631 1360 808 1401 debeatis
889 1357 1033 1396 merito
1115 1351 1402 1393 commendarL
1505 1348 1622 1386 Teste
1704 1356 1769 1382 me
1851 1341 1938 1391 ipso
2020 1336 2125 1387 apud

420 1423 840 1468 Westmonasterium,
882 1419 993 1469 xxiij.
1033 1418 1095 1456 die
1133 1414 1357 1454 Februarii.

529 1539 614 1576 Rex
652 1536 796 1574 dilecte
835 1531 959 1571 sorori
996 1542 1066 1569 sue
1119 1528 1157 1566 J.
1212 1525 1348 1575 regine
1404 1522 1542 1562 Scocie
1588 1520 1775 1558 salutem.
1864 1515 2025 1554 Certam
2080 1511 2128 1549 de

422 1600 652 1641 sinceritate
685 1594 912 1635 dilectionis
942 1594 1072 1631 vestre
1108 1592 1291 1639 gerentes
1329 1584 1532 1630 fiduciam,
1572 1581 1678 1632 quod
1717 1590 1923 1618 successus
1971 1577 2129 1613 nostros

423 1677 445 1702 a
491 1661 634 1701 vestris
681 1671 762 1697 non
810 1654 1006 1706 reputatis
1053 1652 1206 1690 alienos
1253 1651 1292 1687 et
1340 1647 1445 1697 quod
1492 1645 1539 1683 de
1586 1644 1738 1681 honore
1793 1640 1936 1678 dilecte
1984 1635 2130 1675 sororis

424 1728 560 1765 nostre
598 1726 637 1762 et
675 1723 805 1761 vestre
836 1716 1007 1757 Isabelle
1041 1718 1251 1763 tamquam
1285 1711 1333 1748 de
1363 1711 1495 1748 vestro
1529 1703 1780 1756 gaudebitis3
1816 1698 2131 1750 significandum

425 1787 536 1827 vobis
575 1784 766 1824 duximus
803 1780 922 1832 quod,
954 1790 1046 1817 cum
1076 1774 1223 1814 nobilis
1252 1773 1312 1812 vir
1341 1769 1577 1809 Fredericus
1606 1767 1824 1816 imperator
1853 1763 2130 1801 Romanorum

426 1862 554 1900 nuper
592 1846 758 1885 nuntios
796 1855 889 1883 suos
926 1841 977 1880 ad
1016 1852 1089 1878 nos
1119 1838 1161 1875 in
1192 1835 1385 1885 Angliam
1415 1832 1656 1871 destinasset
1684 1841 1756 1878 pro
1784 1825 1963 1877 predicta
2001 1835 2133 1861 sorore

426 1915 564 1951 nostra
606 1908 781 1960 petenda
828 1906 868 1943 in
918 1914 1098 1947 uxorem,
1138 1913 1184 1938 ea
1222 1901 1340 1937 tenus
1379 1906 1609 1945 processum
1647 1894 1707 1930 est
1745 1890 1787 1928 in
1827 1887 1989 1938 negotio
2026 1884 2132 1934 quod

426 1975 473 2013 de
530 1972 698 2012 consilio
754 1970 993 2018 magnatum
1051 1966 1283 2001 nostrorum
1344 1959 1476 2008 ipsam
1533 1967 1710 1994 sororem
1766 1954 1948 1990 nostram
2004 1947 2133 1985 eidem

427 2034 659 2087 imperatori
697 2030 969 2072 concessimus
1007 2027 1050 2065 in
1090 2036 1268 2070 uxorem,
1309 2024 1349 2060 et
1386 2021 1474 2070 ipsa
1511 2030 1621 2057 soror
1663 2018 1801 2054 nostra
1841 2013 1888 2052 de
1925 2011 2135 2050 voluntate

428 2102 568 2138 nostra
609 2097 652 2135 in
698 2092 901 2145 presentia
948 2088 1169 2129 eorundem
1216 2086 1457 2134 magnatum
1504 2083 1739 2119 nostrorum
1795 2088 1865 2126 per
1920 2072 2040 2112 verba
2087 2071 2135 2108 de

428 2161 605 2213 presenti
660 2156 866 2198 consensit
921 2153 964 2191 in
1020 2151 1155 2200 ipsum
1210 2148 1497 2196 imperatorem
1554 2155 1623 2192 per
1679 2141 1847 2178 Petrum
1899 2136 1947 2174 de
1994 2133 2134 2179 Vinea,

430 2224 623 2263 nuntium
686 2220 811 2270 ipsius
876 2212 1129 2265 imperatoris
1194 2210 1244 2249 ad
1309 2209 1385 2247 hoc
1447 2204 1672 2256 specialiter
1733 2200 1979 2240 destinatum
2044 2207 2136 2234 cum

431 2288 628 2337 potestate
692 2277 970 2321 consentiendi
1018 2275 1060 2313 in
1125 2274 1256 2323 ipsam
1313 2281 1489 2309 sororem
1545 2269 1727 2305 nostram
1790 2261 1956 2300 nomine
2012 2256 2139 2307 ipsius

432 2346 712 2398 imperatoris;
761 2343 829 2393 qui
878 2339 1042 2390 quidem
1092 2337 1236 2375 Petrus
1288 2333 1330 2370 in
1386 2332 1516 2381 ipsam
1574 2325 1778 2367 consensit
1825 2326 1865 2362 et
1911 2322 1954 2360 in
2003 2319 2140 2358 anima

433 2411 561 2461 ipsius
599 2404 854 2457 imperatoris
888 2401 1038 2453 juravit
1068 2398 1175 2449 quod
1205 2396 1313 2434 idem
1344 2394 1563 2443 imperator
1589 2403 1675 2429 eam
1712 2389 1830 2427 ducet
1871 2386 1913 2423 in
1947 2394 2138 2426 uxorem3

433 2471 672 2520 venturique
725 2469 821 2507 sunt
876 2465 919 2502 in
975 2461 1159 2512 proximo
1215 2457 1285 2496 alii
1341 2454 1478 2494 nuntii
1535 2453 1780 2501 sollempnes
1836 2448 1878 2486 in
1935 2445 2138 2495 Angham,

434 2534 632 2579 videlicet,
673 2528 996 2578 archiepiscopus
1034 2520 1298 2566 Coloniensis‚
1329 2519 1410 2557 dux
1439 2513 1706 2564 Lotharingie
1738 2514 1777 2550 et
1810 2511 1892 2548 dux
1925 2505 2140 2554 Lemburg’

436 2600 475 2636 et
504 2596 572 2634 alii
602 2607 694 2633 cum
733 2591 845 2642 ipsis,
885 2588 955 2639 qui
989 2587 1118 2636 ipsam
1158 2594 1334 2622 sororem
1370 2582 1552 2618 nostram
1582 2590 1627 2615 ea
1664 2587 1744 2625 qua
1782 2573 1894 2611 decet
1932 2569 2143 2608 honestate

437 2662 476 2698 et
510 2655 810 2705 sollempnitate
848 2652 897 2690 ad
936 2647 1161 2698 Imperium
1200 2644 1413 2683 adducent.
1484 2640 1539 2679 Et
1578 2650 1697 2688 super
1734 2635 1814 2674 hiis
1852 2646 1922 2673 vos
1952 2630 2143 2669 duximus

438 2718 728 2763 certificandas,
767 2714 861 2765 quia
899 2711 1090 2752 scivimus
1127 2720 1198 2747 vos
1235 2706 1329 2744 inde
1367 2703 1589 2754 gavisuras.
1660 2699 1779 2737 Teste
1817 2699 1862 2735 ut
1900 2705 2034 2743 supra.

548 2806 662 2844 Idem
701 2801 975 2852 significatum
1013 2799 1153 2836 est:—

654 2865 738 2915 regi
778 2862 928 2908 Scocie‚
1420 2850 1637 2895 Lewelino‚

657 2928 705 2965 L.
736 2922 980 2965 Dublinensi
1010 2918 1323 2969 archiepiscopo,
1417 2911 1640 2964 justiciario
1669 2907 1876 2948 Hibernie.

558 3061 1081 3114 Cantabriqia.-Johannes
1144 3057 1192 3094 de
1249 3053 1411 3092 Berner’
1471 3048 1692 3089 attornavit
1758 3041 2033 3084 Willelmum0
2099 3038 2148 3075 de

445 3132 628 3182 Leyham
675 3139 814 3166 versus
861 3121 1135 3162 Alexandrum
1174 3116 1334 3156 fabrum
1381 3117 1419 3152 et
1466 3111 1710 3150 Matillidem
1757 3117 1921 3145 uxorem
1970 3102 2056 3150 ejus
2103 3099 2151 3137 de

447 3193 576 3233 tribus
613 3188 794 3241 partibus
833 3186 953 3225 unius
990 3183 1144 3232 virgate
1182 3183 1285 3218 terre
1322 3189 1414 3216 cum
1456 3172 1711 3225 pertinentiis
1749 3170 1791 3207 in
1831 3162 2083 3205 Nostrefeld'.

984 3298 999 3313 *
1012 3294 1226 3328 Substituted
1255 3293 1311 3324 for
1346 3293 1353 3306 ‘
1367 3286 1582 3321 Walterum.⁷
