2375 3587
240 197 323 236 288

304 327 448 373 1236.

313 394 371 432 [m.
391 393 436 430 8.]

1166 199 1350 241 CLOSE
1395 198 1600 241 ROLLS.

644 398 884 435 Mandatum
941 402 1000 436 est
1058 398 1355 436 constabulario
1413 399 1460 435 de
1517 398 1667 435 Divisis
1722 399 1827 447 quod
1884 399 1924 436 in
1984 399 2129 436 foresta
2186 398 2232 435 de

538 460 760 508 Chipeham
794 461 941 498 habere
974 461 1095 498 faciat
1134 461 1309 497 Walter-o
1347 460 1394 497 de
1429 460 1650 497 Godarvill’
1687 473 1815 498 unum
1847 461 2013 498 damum
2048 461 2094 497 de
2128 460 2233 497 dono

535 521 651 570 regis.
730 522 845 560 Teste
882 536 970 571 rege
1008 523 1114 572 apud
1154 522 1373 567 Evesham‚
1414 522 1493 571 xvj.
1534 521 1597 559 die
1636 521 1749 559 Julii.

642 609 700 645 De
754 609 1175 655 pet-donatiana-Rex
1233 607 1451 647 baronibus
1512 607 1594 644 suis
1659 607 1705 645 de
1773 608 1977 646 Scaccario
2043 608 2229 645 salutem.

538 669 683 707 Sciatis
721 671 825 719 quod
864 671 962 707 duas
997 683 1151 708 marcas
1200 670 1248 707 ad
1296 683 1395 718 quas
1442 669 1636 718 magister
1684 669 1887 708 XValterus
1935 671 1981 707 de
2030 670 2231 718 Cantilup’

535 732 775 770 amerciatus
827 732 905 769 fuit
956 745 1089 769 coram
1147 731 1382 782 justiciariis
1439 731 1588 768 nostris
1645 731 1791 769 ultimo
1849 731 2134 770 itinerantibus
2189 731 2231 769 in

535 793 731 831 comitatu
783 794 986 831 Hertford'
1036 807 1106 842 pro
1153 793 1303 831 defalta
1350 793 1479 831 eidem
1527 793 1722 841 magistro
1768 794 2092 842 perdonavimus.
2179 793 2234 831 Et

534 854 622 892 ideo
656 855 767 893 vobis
800 855 1038 893 mandamus
1073 856 1178 904 quod
1211 856 1258 893 de
1294 855 1373 892 illis
1407 854 1562 892 duabus
1595 855 1741 892 marcis
1773 855 1906 904 ipsum
1938 855 2119 905 quietum
2151 868 2233 893 esse

535 917 704 955 faciatis.
781 918 897 955 Teste
929 930 1020 966 rege
1058 918 1164 966 apud
1203 917 1390 962 Feckeh⁷‚
1432 917 1526 966 xvij.
1568 917 1631 953 die
1671 916 1784 954 Julii.

642 996 697 1033 Et
749 998 987 1033 mandatum
1034 1001 1093 1034 est
1146 997 1194 1034 R.
1247 995 1523 1034 Londoniensi
1578 995 1777 1044 episcopo,
1829 994 1892 1032 cui
1945 995 2232 1033 demandatum

533 1057 610 1094 fuit
672 1059 776 1107 quod
842 1058 1125 1106 compelleret&
1182 1059 1404 1107 predictum
1463 1057 1705 1105 magistrum
1762 1058 1822 1094 W.
1882 1056 1930 1093 ad
1989 1056 2231 1094 solutionem

533 1120 803 1168 predictarum
850 1120 1021 1157 duarum
1070 1133 1299 1158 marcarum
1348 1133 1416 1169 per
1463 1119 1703 1156 beneficium
1752 1131 1871 1155 suum
1915 1118 2230 1156 ecclesiasticum

532 1183 572 1219 in
614 1182 759 1220 diocesi
802 1196 873 1220 sua
921 1183 1218 1232 compelleret-’³³³3
1268 1183 1373 1231 quod
1421 1194 1559 1231 pacem
1607 1181 1639 1219 ei
1689 1180 1782 1217 inde
1830 1179 1975 1218 habere
2012 1181 2232 1229 permittat.

534 1245 650 1283 Teste
690 1258 778 1294 rege
818 1248 860 1282 ut
900 1258 1034 1294 supra.

646 1334 719 1369 Pro
760 1334 975 1369 Alexandro
1022 1334 1064 1369 cle
1105 1331 1400 1371 Nevill'.—Rex
1439 1329 1665 1368 vicecomiti
1715 1330 1829 1368 Linc'
1872 1329 2059 1368 salutem.
2121 1330 2232 1368 Scias

532 1395 637 1443 quod
677 1394 717 1431 in
755 1395 865 1433 curia
914 1397 1051 1432 nostra
1099 1406 1234 1432 coram
1285 1393 1401 1431 nobis
1450 1396 1720 1442 protestatum
1768 1395 1827 1430 est
1864 1391 1970 1441 quod
2008 1391 2234 1430 Alexander

532 1457 579 1494 de
618 1457 778 1502 Nevill’,
820 1456 927 1495 filius
967 1460 1005 1494 et
1044 1457 1157 1494 heres
1197 1455 1415 1494 Alexandri
1461 1455 1508 1493 de
1557 1454 1716 1500 Nevill',
1767 1454 1835 1503 qui
1885 1467 1953 1503 per
2002 1457 2232 1503 preceptum

532 1523 717 1557 nostrum
756 1519 890 1557 extitit
937 1519 977 1556 in
1030 1519 1212 1556 custodia
1271 1517 1433 1555 Ricardi
1490 1517 1538 1555 de
1593 1516 1790 1561 Alencun,
1835 1516 1951 1565 plene
2003 1517 2122 1554 etatis
2159 1519 2232 1562 est,

532 1586 694 1630 propter
735 1581 839 1630 quod
890 1581 1125 1629 homagium
1177 1581 1262 1629 ejus
1312 1579 1492 1628 cepimus
1531 1579 1578 1616 de
1617 1578 1732 1616 terris
1780 1581 1819 1616 et
1868 1578 2111 1616 tenementis
2158 1591 2233 1627 que

532 1644 731 1692 predictus
771 1643 995 1681 Alexander
1033 1643 1164 1681 tenuit
1203 1643 1250 1680 de
1289 1655 1378 1690 rege
1423 1641 1462 1678 in
1501 1641 1631 1690 capite
1678 1644 1717 1678 et
1765 1653 1840 1689 que
1888 1640 2022 1689 ipsum
2061 1640 2231 1678 Alexan-

530 1706 646 1743 drum
694 1706 825 1742 filium
877 1718 994 1742 suum
1044 1705 1283 1742 hereditarie
1333 1704 1591 1751 contingunt.
1651 1702 1706 1740 Et
1755 1702 1841 1740 ideo
1878 1701 1950 1740 tibi
1990 1702 2233 1751 precipimus

530 1768 634 1816 quod
682 1768 728 1804 de
777 1767 893 1804 terris
932 1766 1118 1816 predictis
1161 1766 1207 1804 de
1247 1765 1393 1815 quibus
1432 1765 1634 1814 predictus
1674 1764 1914 1808 Alexander,
1956 1766 2069 1813 pater
2109 1764 2233 1814 ipsius

530 1830 761 1874 Alexandri,
803 1829 879 1866 fuit
918 1829 1078 1867 seisitus
1122 1832 1164 1866 ut
1207 1829 1254 1866 de
1304 1829 1417 1866 feodo
1456 1828 1519 1865 die
1566 1840 1644 1876 quo
1692 1826 1791 1864 obiit
1839 1827 1968 1864 eidem
2007 1827 2234 1866 Alexandro

530 1891 612 1929 filio
651 1896 689 1929 et
728 1891 864 1928 heredi
914 1904 985 1928 suo
1024 1891 1185 1940 plenam
1226 1891 1415 1928 seisinam
1456 1888 1599 1927 habere
1639 1889 1773 1927 faciat.
1833 1889 1949 1927 Teste
1988 1891 2032 1927 ut
2071 1902 2204 1939 supra.

636 1970 691 2008 Et
738 1970 977 2007 mandatum
1026 1972 1086 2007 est
1133 1969 1356 2007 vicecomiti
1405 1968 1576 2006 Eboraci
1626 1968 1731 2017 quod
1779 1968 1826 2005 de
1875 1968 1991 2005 terris
2038 1970 2077 2005 et
2125 1971 2230 2006 tene-

529 2033 675 2070 mentis
723 2033 770 2070 de
817 2031 962 2081 quibus
1010 2031 1212 2080 predictus
1260 2031 1485 2068 Alexander
1531 2033 1642 2078 pater
1680 2030 1766 2079 ejus
1815 2029 1893 2066 fuit
1932 2029 2105 2077 seisitus,
2142 2033 2232 2076 etc„

529 2095 615 2132 sine
670 2095 863 2132 dilatione
921 2094 1083 2142 plenam
1136 2093 1327 2131 seisinam
1386 2092 1532 2130 habere
1590 2092 1723 2130 faciat.
1814 2091 1931 2129 Teste
1983 2104 2073 2141 rege
2125 2092 2232 2141 apud

530 2156 769 2202 Feckeham,
811 2156 916 2206 xviij.
961 2156 1023 2193 die
1063 2155 1175 2192 Julii.

641 2254 716 2289 Pro
752 2267 910 2300 [ursona
949 2255 990 2288 de
1022 2253 1196 2296 brolium,
1228 2253 1269 2287 de
1302 2250 1606 2290 ‹lecimia—Rex
1641 2249 1789 2288 ballivo
1819 2263 1890 2288 suo
1928 2250 1975 2287 de
2005 2249 2229 2288 Feckeham

529 2316 713 2352 salutem.
791 2315 893 2361 Quia
932 2314 1138 2363 provisum
1168 2318 1228 2352 est
1259 2314 1306 2351 de
1345 2313 1548 2351 communi
1578 2312 1748 2350 consilio
1778 2317 1915 2350 nostro
1948 2312 2053 2362 quod
2082 2312 2234 2350 decime

530 2377 611 2414 feni
649 2380 687 2414 et
726 2377 1049 2414 molendinorum
1080 2376 1226 2414 dentur
1256 2388 1324 2424 per
1358 2379 1488 2413 totum
1521 2387 1688 2423 regnum
1728 2377 1913 2412 nostrum
1943 2374 1990 2411 de
2020 2374 2233 2412 dominicis

530 2438 677 2475 nostris
735 2438 805 2475 tibi
861 2438 1104 2486 precipimus
1155 2438 1260 2486 quod
1322 2438 1501 2475 decetero
1567 2437 1690 2474 facias
1757 2435 1902 2473 habere
1963 2448 2130 2484 persone
2186 2436 2233 2473 de

531 2499 755 2537 Feckeham
795 2500 968 2537 decimas
1002 2499 1225 2537 molendini
1264 2499 1392 2537 nostri
1432 2499 1479 2536 de
1519 2498 1706 2536 Feckeh⁷.
1766 2498 1907 2535 Facias
1941 2497 2064 2535 etiam
2104 2497 2231 2535 eidem

530 2574 696 2610 persone
726 2561 809 2598 dari
836 2561 1036 2599 decimam
1066 2561 1259 2610 pannagii
1281 2562 1328 2598 de
1357 2560 1570 2598 dominicis
1596 2559 1723 2597 boscis
1748 2559 1895 2597 nostris
1923 2559 1971 2596 de
1992 2558 2233 2603 Feckeham,

531 2624 633 2661 sicut
663 2623 747 2660 dari
779 2623 986 2660 consuevit
1025 2627 1205 2671 tempore
1244 2623 1398 2660 domini
1429 2622 1466 2659 J.
1498 2622 1614 2670 regis,
1649 2621 1774 2670 patris
1809 2621 1951 2666 nostri,
1983 2624 2021 2659 et
2056 2624 2234 2670 tempore

531 2689 669 2723 nostro
708 2698 832 2733 usque
871 2684 919 2722 ad
949 2689 1107 2734 tempus
1136 2698 1214 2734 quo
1244 2684 1413 2722 evenisti
1452 2683 1609 2721 ballivis
1649 2686 1798 2721 noster.
1879 2683 1997 2721 Teste
2027 2686 2071 2721 ut
2100 2696 2233 2733 supra.

642 2775 717 2810 Pru
768 2775 949 2814 fratribus
993 2774 1190 2820 hospitalis
1239 2775 1280 2808 tle
1334 2771 1769 2820 B›·1151'.—Mandatum
1819 2774 1878 2808 est
1930 2770 2097 2819 Hugoni
2149 2770 2233 2809 filio

533 2834 695 2873 Roberti
729 2835 832 2883 quod
872 2835 1080 2882 permittat
1112 2833 1254 2871 fratres
1292 2833 1504 2882 hospitalis
1546 2833 1684 2871 Sancti
1724 2833 1923 2870 ‚Johannis
1962 2832 2235 2881 Ewangeliste

532 2897 579 2934 de
617 2896 740 2945 Brug'
781 2895 923 2933 habere
963 2909 1089 2933 unum
1137 2908 1284 2945 equum
1333 2895 1503 2943 singulis
1555 2894 1695 2932 diebus
1733 2895 1992 2932 itinerantem
2032 2894 2154 2932 semel
2193 2894 2234 2931 in

532 2958 595 2995 die
633 2957 680 2994 ad
729 2960 936 2995 mortuum
985 2960 1023 2995 et
1071 2957 1221 2995 siccum
1260 2956 1425 2995 boscum
1476 2957 1517 2993 in
1568 2957 1718 2994 foresta
1764 2957 1811 2994 de
1850 2956 1968 2994 Morf’
2009 2957 2057 2994 ad
2097 2956 2233 2994 focum

534 3032 666 3063 suum,
720 3022 759 3056 et
808 3019 1018 3067 permittat
1067 3019 1254 3058 similiter
1301 3020 1445 3057 fratres
1493 3019 1638 3057 domus
1690 3019 1937 3068 leprosorum
1985 3019 2032 3056 de
2082 3019 2235 3068 Bruges

533 3080 678 3118 habere
730 3093 857 3117 unum
898 3093 1044 3129 equum
1095 3082 1266 3130 singulis
1318 3081 1459 3118 diebus
1499 3081 1759 3119 itinerantem
1811 3081 1935 3118 semel
1983 3080 2024 3118 in
2073 3081 2134 3118 die
2186 3080 2235 3118 ad

533 3146 739 3181 mortuum
779 3145 818 3179 et
858 3142 1007 3180 siccum
1049 3142 1214 3182 boscum
1253 3144 1294 3181 in
1333 3144 1470 3181 eadem
1512 3143 1658 3180 foresta
1696 3143 1745 3180 ad
1787 3143 1920 3180 focum
1961 3155 2092 3188 suum,
2133 3142 2236 3180 siout

532 3205 627 3254 ipsis
685 3203 877 3242 fratribus
933 3208 1016 3242 tam
1073 3205 1285 3253 hospitalis
1341 3205 1511 3254 predicti
1563 3217 1684 3253 quam
1741 3204 1884 3241 domus
1936 3203 2110 3252 predicte
2166 3216 2235 3252 per

532 3270 660 3305 cartas
699 3266 802 3315 regis
840 3278 938 3314 quas
977 3266 1069 3303 inde
1107 3266 1257 3304 habent
1296 3279 1363 3304 rex
1402 3265 1612 3303 concessit.
1689 3265 1805 3303 Teste
1848 3269 1892 3302 ut
1932 3277 2064 3313 supra.

1278 3337 1402 3392 *sain
1418 3360 1490 3391 Ms.
