2375 3587
212 305 361 353 1237.

209 371 274 412 [m.
293 371 363 411 14.]

1089 197 1140 235 21
1185 191 1391 235 HENRY
1433 193 1514 235 HI.
2076 194 2158 234 437

562 390 619 425 De
675 391 888 438 episcopatu
944 390 1463 428 Dzmholm'.—Mandatum
1518 392 1577 427 est
1636 390 1815 427 Johanni
1873 389 1920 426 de
1979 388 2157 432 Rumes’,

455 451 675 489 senescallo
714 451 873 489 Ricardi
914 452 1076 489 secundi
1116 452 1302 501 episcopi,
1345 452 1549 501 quondam
1604 451 1923 488 Dunholmensis
1968 449 2157 498 episcopi,

450 512 557 561 quod
604 525 743 551 omnes
795 518 1036 559 armaturas,
1089 518 1172 552 tam
1226 513 1520 562 haubergones,
1572 512 1728 557 loricas,
1781 513 1927 561 galeas,
1986 511 2159 559 capellos

451 574 599 612 ferreos
636 588 757 624 quam
804 575 971 614 balistas
1008 580 1047 614 et
1086 576 1299 625 quarellos,
1339 588 1437 625 quas
1487 575 1689 624 predictus
1746 574 1955 623 episcopus
2014 573 2160 621 recepit

451 639 542 685 post
597 640 769 675 mortem
822 638 983 676 Ricardi
1036 639 1083 675 de
1136 638 1333 682 Mariscis,
1383 636 1672 685 predecessoris
1720 636 1794 676 sui,
1838 635 2158 672 l')unholmensis

450 698 638 748 episcopi,
706 712 775 748 per
826 713 995 737 manum
1046 700 1233 749 Magistri
1294 699 1492 748 Stephani
1542 699 1589 735 de
1648 698 1770 747 Lucy,
1826 701 1922 735 tunc
1982 697 2158 734 custodis

450 760 630 810 ejusdem
665 761 932 810 episcopatus,
974 762 1059 800 sine
1099 761 1293 799 dilatione
1332 760 1541 798 deliberari
1596 759 1776 798 Johanni
1830 759 1913 796 filio
1965 759 2156 807 Philippi,

450 822 606 861 custodi
644 823 899 873 episcopatus
938 824 1118 873 predicti.
1176 826 1240 861 Ita
1278 824 1383 872 quod
1415 823 1520 860 inter
1558 835 1624 860 eos
1663 823 1709 859 de
1746 821 1933 858 omnibus
1973 821 2159 870 predictis

450 885 652 934 quoddam
692 886 886 935 scriptum
926 886 1164 924 conficiatur
1202 886 1319 935 cujus
1358 899 1448 934 pars
1487 898 1608 934 penes
1648 884 1781 932 ipsum
1821 884 2051 920 Johannem
2113 883 2159 920 de

452 947 615 985 Rumes’
651 951 690 985 et
724 948 804 985 alia
839 961 960 997 penes
1000 948 1135 997 ipsum
1177 948 1408 985 Johannem
1450 947 1580 984 filium
1621 946 1798 995 Philippi
1836 948 2053 982 remaneat.
2105 945 2159 982 Et

452 1010 693 1048 mandatum
731 1013 792 1048 est
840 1011 969 1049 eidem
1016 1010 1196 1048 Johanni
1247 1010 1331 1047 filio
1390 1009 1566 1058 Philippi
1624 1009 1729 1057 quod
1783 1007 1920 1045 onmia
1968 1007 2158 1055 predicta,

452 1071 555 1110 sicut
594 1071 816 1121 predictum
857 1076 929 1119 est,
971 1072 1020 1110 ab
1059 1085 1104 1110 eo
1144 1072 1322 1121 recipiat.
1382 1073 1498 1109 Teste
1538 1074 1582 1108 ut
1621 1083 1753 1119 supra.

560 1152 616 1189 Et
649 1152 887 1190 mandatum
927 1156 986 1190 est
1026 1152 1156 1190 eidem
1196 1151 1373 1190 Johanni
1414 1151 1497 1188 filio
1536 1150 1717 1199 Philippi
1756 1150 1860 1199 quod
1900 1148 2037 1187 omnia
2074 1161 2156 1197 pre-

450 1214 558 1252 dicta
585 1228 661 1263 que
696 1228 764 1263 per
793 1215 924 1252 visum
955 1215 1135 1265 ejusdem
1165 1213 1367 1252 Johannis
1401 1213 1448 1250 de
1481 1213 1643 1250 Rumes’
1676 1216 1714 1249 et
1744 1212 1914 1249 aliorum
1946 1210 2158 1259 proborum

452 1280 492 1315 et
538 1277 729 1326 legalium
769 1277 983 1315 hominum
1023 1277 1215 1326 receperit
1254 1290 1299 1314 ea
1337 1276 1476 1314 onmia
1520 1274 1739 1324 appreciari
1788 1274 1908 1312 faciat
1958 1274 2006 1311 ad
2060 1286 2159 1321 opus

452 1339 569 1388 regis,
610 1342 649 1377 et
688 1340 867 1388 precium
907 1341 1127 1378 eorundem
1166 1340 1241 1389 ipsi
1282 1338 1462 1377 Johanni
1501 1338 1548 1375 de
1600 1338 1761 1375 Rumes'
1808 1340 1846 1374 et
1896 1336 2012 1374 sociis
2061 1336 2156 1381 suis,

450 1401 729 1441 executoribus
786 1403 1018 1441 testamenti
1075 1403 1257 1452 ejusdem
1315 1400 1503 1450 episcopi,
1557 1399 1642 1437 51119
1700 1399 1893 1436 dilatione
1949 1397 2158 1436 deliberari

451 1464 572 1503 faciat
605 1465 654 1502 ad
692 1465 948 1503 excutionem
987 1465 1100 1502 illam
1140 1464 1395 1502 faciendam:
1440 1463 1496 1500 ita
1549 1462 1653 1511 quod
1693 1462 1739 1498 de
1773 1460 1962 1498 omnibus
2001 1474 2076 1509 que
2124 1460 2156 1497 ei

451 1526 680 1565 liberaverit
730 1527 932 1577 quoddam
985 1527 1181 1575 scriptum
1232 1527 1337 1563 inter
1383 1525 1490 1574 ipsos
1540 1524 1611 1561 fiat
1660 1523 1776 1572 cujus
1829 1536 1952 1560 unam
2003 1526 2156 1571 partem

451 1589 623 1628 retineat
660 1590 767 1627 idem
806 1590 1015 1628 -Johannes
1052 1590 1100 1627 de
1139 1588 1300 1626 Rumes'
1340 1600 1461 1636 penes
1514 1600 1554 1624 se
1607 1588 1645 1623 et
1698 1585 1899 1634 predictus
1950 1585 2158 1622 »Iohannes

453 1651 562 1690 filius
601 1651 783 1701 Philippi
822 1651 990 1689 alteram
1029 1663 1151 1700 penes
1186 1664 1240 1688 se.
1299 1649 1416 1687 Teste
1455 1652 1498 1686 ut
1539 1660 1671 1696 supra.

561 1757 618 1793 De
670 1758 764 1794 vinis
813 1758 1007 1805 capiendis
1059 1758 1108 1792 acl
1157 1769 1247 1803 opus
1300 1752 1707 1802 reaia—lllandatum
1753 1754 1812 1789 est
1862 1751 2064 1789 Willelmo
2112 1752 2158 1789 de

455 1818 694 1856 Haverhull’
736 1819 840 1868 quod
879 1819 927 1856 de
965 1818 1071 1856 vinis
1106 1831 1182 1867 que
1221 1817 1325 1865 cepit
1364 1816 1412 1853 ad
1451 1828 1550 1864 opus
1598 1814 1702 1863 regis
1750 1814 1796 1851 de
1844 1814 2016 1862 quadam
2066 1814 2157 1851 navi

457 1894 533 1931 que
572 1894 700 1930 nuper
735 1881 846 1919 venit
893 1881 1079 1919 London'
1120 1880 1225 1918 vinis
1273 1881 1431 1917 carcata
1478 1877 1639 1915 liberari
1688 1876 1809 1914 faciat
1856 1876 2159 1914 vicecomitibus

456 1944 585 1982 Lond’
633 1944 702 1995 xij.
744 1944 852 1982 dolia
898 1943 982 1982 vini
1031 1943 1221 1982 carianda
1269 1955 1393 1992 usque
1441 1940 1687 1991 Kenynton’.
1764 1941 1879 1977 Teste
1927 1952 2016 1988 rege
2055 1940 2159 1988 apud

456 2006 649 2052 Windes',
690 2006 829 2057 xxviij.
869 2007 932 2045 die
972 2006 1134 2056 Aprilis.

562 2112 619 2148 De
679 2113 951 2159 perdonatione
1016 2111 1210 2148 Ant-emh)
1268 2106 1598 2145 Maioma—Rex
1658 2105 1896 2154 perdonavit
1954 2104 2158 2143 Anketillo

454 2172 631 2211 Maleure
664 2187 727 2211 xx.
762 2176 801 2211 et
840 2176 920 2211 tres
958 2185 1113 2211 marcas
1148 2173 1202 2222 xj.
1237 2171 1384 2209 solidos
1423 2173 1462 2207 et
1500 2183 1536 2206 x.
1571 2167 1768 2213 denarios,
1804 2180 1872 2216 per
1905 2181 2004 2216 quos
2036 2168 2157 2205 finem

454 2235 550 2274 fecit
597 2249 689 2274 cum
728 2248 818 2285 rege
857 2249 948 2274 cum
989 2248 1055 2273 rex
1094 2234 1203 2272 dedit
1242 2234 1276 2271 ei
1316 2231 1542 2270 manerium
1586 2231 1632 2268 de
1672 2230 1807 2278 Erleg⁷
1848 2243 1919 2278 pro
1965 2229 2159 2267 habendis

454 2297 582 2336 bladis
647 2300 685 2336 et
751 2297 946 2336 instauris
1003 2296 1180 2335 inventis
1246 2296 1287 2333 in
1353 2295 1492 2332 eodem
1559 2292 1762 2336 maneri03
1832 2293 1936 2340 quod
1997 2291 2157 2340 quidem

454 2360 681 2398 manerium
712 2360 765 2398 H.
806 2360 854 2397 de
889 2360 1039 2408 Bur-go,
1075 2371 1209 2397 comes
1248 2357 1412 2402 Kaneie,
1449 2359 1587 2405 postea
1618 2367 1755 2392 versus
1786 2367 1877 2392 eum
1912 2354 2158 2403 recuperavit

453 2435 522 2472 per
550 2426 782 2472 preceptum
811 2422 914 2471 regis
944 2434 1035 2460 cum
1066 2420 1195 2458 bladis
1224 2423 1263 2458 et
1293 2418 1487 2457 instaur-is
1517 2417 1694 2455 inventis
1726 2417 1767 2453 in
1797 2417 1935 2454 codem
1964 2417 2155 2454 manerio.

454 2485 510 2523 Et
546 2485 788 2523 mandatum
827 2488 886 2522 est
934 2483 1151 2522 baronibus
1190 2483 1237 2521 de
1278 2481 1485 2521 Scaccario
1522 2480 1628 2529 quod
1674 2479 1806 2528 ipsum
1846 2479 1938 2516 inde
1976 2478 2156 2527 quietum

453 2560 538 2586 esse
577 2547 742 2586 faciant.
802 2548 919 2586 Teste
958 2550 1002 2585 ut
1041 2559 1174 2595 supra.
1233 2545 1311 2582 Per
1350 2544 1483 2593 ipsum
1523 2555 1670 2592 regem.

562 2654 639 2690 Pro
673 2654 843 2700 Aufr-edo
883 2653 925 2688 de
956 2648 1449 2699 Ferme-qe&——Mandatum
1483 2649 1543 2684 est
1579 2644 1804 2683 vicecomiti
1842 2645 2003 2684 Sussex'
2038 2645 2154 2693 quod,

454 2715 487 2753 si
526 2715 727 2753 Aufredus
762 2715 810 2753 de
849 2714 1040 2763 Feringes
1080 2711 1280 2750 invenerit
1319 2711 1353 2748 ei
1393 2710 1523 2748 salvos
1562 2707 1715 2758 plegios
1763 2707 1810 2744 de
1858 2707 2001 2744 stando
2049 2710 2155 2744 recto

454 2778 614 2827 quando
661 2781 700 2816 et
747 2778 990 2826 ubicumque
1042 2773 1262 2825 preceperit
1316 2786 1383 2811 rex
1435 2772 1482 2810 de
1535 2771 1742 2810 forisfacto
1794 2770 1940 2807 foreste
1996 2770 2155 2807 comitis

456 2840 646 2879 Warenn'
706 2841 812 2879 unde
869 2842 1041 2878 rettatus
1097 2839 1169 2882 est,
1229 2839 1326 2874 tunc
1383 2835 1431 2873 ad
1484 2834 1618 2883 ipsum
1676 2832 1737 2871 vel
1790 2833 1839 2870 ad
1893 2832 2039 2870 catalla
2086 2845 2158 2869 sua

454 2915 623 2940 manum
676 2916 759 2941 non
808 2904 987 2952 apponat
1031 2899 1239 2939 occasione
1292 2897 1468 2947 precepti
1519 2896 1623 2945 regis
1675 2895 1779 2944 quod
1833 2894 1867 2932 ei
1918 2894 2003 2931 fieri
2062 2894 2157 2931 fecit

455 2978 524 3003 rex
579 2965 626 3002 de
679 2965 905 3003 arestandis
957 2963 1038 3000 illis
1096 2974 1195 3011 quos
1245 2960 1279 2998 ei
1335 2961 1538 2998 constaret
1591 2971 1659 3007 per
1711 2956 2017 3006 inquisitionem
2072 2969 2157 2993 esse

456 3026 676 3077 culpabiles
724 3029 771 3066 de
821 3026 999 3076 predicta
1046 3025 1209 3062 foresta.
1286 3024 1403 3060 Teste
1451 3034 1541 3071 rege
1589 3020 1695 3069 apud
1744 3019 1893 3063 Wind',
1950 3031 2041 3055 xxx.
2094 3018 2156 3055 (119

458 3089 621 3139 Aprilis.

568 3197 646 3233 Pro
684 3195 830 3231 custode
863 3194 988 3240 pontis
1026 3193 1068 3228 de
1109 3188 1560 3229 *S'tanem—-Mandatum
1600 3188 1659 3223 est
1708 3183 1932 3232 Reginaldo
1971 3183 2017 3220 de
2056 3183 2157 3222 Albo

459 3256 706 3297 Monasterio
753 3255 857 3304 quod
906 3253 1051 3291 habere
1100 3252 1221 3291 faciat
1267 3250 1423 3289 custodi
1472 3248 1607 3298 pontis
1660 3247 1706 3284 de
1761 3245 1906 3284 Stanes
1955 3246 2157 3294 quandam

457 3332 649 3370 quercum
679 3318 720 3354 in
752 3317 900 3354 foresta
929 3315 1031 3364 regis
1061 3315 1110 3352 de
1140 3314 1318 3352 Windes'
1350 3316 1462 3350 extra
1491 3309 1753 3353 dominicum,
1785 3308 1833 3344 ad
1864 3307 2158 3355 reparationem

458 3382 640 3434 ejusdem
679 3379 827 3429 pontis,
867 3379 915 3416 de
952 3378 1058 3415 dono
1097 3376 1213 3426 regis.
1291 3375 1408 3412 Teste
1444 3376 1488 3411 ut
1527 3384 1660 3420 supra.
