2375 3587
126 330 267 379 1235.

114 400 173 441 [m.
203 396 277 435 21.]

998 180 1053 220 20
1094 173 1301 218 HENRY
1342 171 1425 213 III.
1987 161 2070 200 219

473 400 629 439 Eodem
669 397 788 436 modo
827 393 1067 433 mandatum
1101 391 1162 428 est
1199 386 1331 426 eidem
1364 379 1590 422 vicecomiti
1628 377 1733 428 quod
1768 374 1890 413 faciat
1928 371 2074 410 habere

367 463 545 503 Henrico
582 461 630 500 de
668 459 832 509 Capella
875 457 923 495 de
964 451 1201 493 hominibus
1246 446 1423 498 predicte
1470 441 1564 482 soke
1613 439 1681 490 qui
1726 443 1821 477 sunt
1868 436 1910 474 in
1950 445 2075 472 manu

365 524 546 577 ejusdem
584 521 751 561 Henrici
791 515 1033 557 rationabile
1073 511 1301 561 tallagium.
1374 507 1491 544 Teste
1530 506 1575 541 ut
1615 513 1750 551 supra.

476 602 634 642 Eodem
673 600 793 639 modo
832 597 1072 636 mandatum
1111 594 1171 631 est
1209 589 1338 628 eidem
1369 581 1595 625 vicecomiti
1630 579 1735 630 quod
1775 577 1896 616 faciat
1934 573 2078 613 habere

368 666 545 705 Henrico
583 663 699 702 fratri
738 661 842 710 regis
881 655 1123 697 rationabile
1161 650 1374 701 tallagium
1413 648 1462 686 de
1500 642 1736 684 hominibus
1776 639 1952 689 predicte
1991 635 2082 675 soke

368 729 437 779 qui
476 730 572 766 sunt
611 726 652 763 in
692 736 818 762 manu
859 734 947 761 sua.
1024 719 1143 757 Teste
1180 718 1226 753 ut
1264 724 1398 762 supra.

484 834 561 870 Pro
600 831 777 868 Johanne
822 829 864 863 de
901 821 1191 862 Mares.--Rex
1237 814 1436 857 concessit
1484 809 1665 851 Johanni
1712 808 1760 845 de
1808 804 1940 843 Mares
1979 801 2085 853 quod

372 910 466 935 xxx.
504 905 659 932 marcas
702 903 801 941 quas
840 888 956 927 debet
995 886 1127 924 Aaron
1176 882 1261 920 filio
1300 877 1506 917 Abraham
1549 873 1679 912 Judeo
1718 868 1902 908 London’
1948 865 2086 904 reddat

373 957 502 996 eidem
542 954 670 993 Judeo
708 952 816 990 infra
855 953 934 988 tres
972 958 1101 985 annos
1130 957 1153 982 a
1183 942 1349 986 Pascha,
1382 950 1490 976 anno
1519 933 1631 984 regni
1660 935 1736 971 etc.
1768 943 1848 976 xx„
1887 926 2086 972 videlicet,

375 1018 554 1070 quolibet
600 1016 763 1054 illorum
811 1013 936 1051 trium
984 1019 1185 1048 annorum
1236 1005 1375 1042 decem
1427 1010 1583 1038 marcas
1635 995 1685 1033 ad
1737 994 1838 1031 duos
1893 989 2089 1029 terminos

376 1081 488 1122 anni.
546 1081 599 1117 Et
627 1077 867 1116 mandatum
898 1076 959 1112 est
990 1068 1226 1122 justiciariis
1260 1066 1308 1105 ad
1338 1061 1564 1103 custodiam
1595 1058 1819 1097 Judeorum
1857 1051 2089 1102 assignatis,

377 1144 483 1196 quod
520 1143 596 1181 hoc
634 1140 692 1179 ita
729 1135 942 1176 inrotulari
980 1137 1020 1173 et
1058 1131 1144 1171 fieri
1183 1129 1349 1169 faciant.
1427 1125 1545 1163 Teste
1592 1133 1684 1170 rege
1732 1117 1838 1168 apud
1880 1114 2089 1155 Waltham

378 1204 584 1257 Episcopi,
625 1202 738 1253 xxiij.
778 1200 841 1239 die
879 1195 1127 1237 Decembris.

486 1312 543 1348 De
583 1308 772 1346 roboribus
811 1311 843 1342 et
881 1304 997 1351 vii-gqis
1038 1295 1454 1337 ‹latia—Mandatum
1498 1292 1558 1329 est
1597 1285 1779 1326 -Johanni
1831 1284 1878 1322 de
1929 1279 2089 1326 Nevill',

381 1372 604 1425 justiciario
643 1370 802 1414 foreste,
843 1365 949 1416 quod
988 1362 1134 1402 habere
1173 1359 1295 1398 faciat
1335 1355 1518 1394 Huberto
1558 1352 1678 1390 Huss'
1727 1348 1905 1399 quinque
1952 1342 2094 1382 robora

383 1437 425 1474 in
448 1436 605 1474 'foresta
642 1433 690 1471 de
730 1428 952 1476 Graveling
990 1426 1040 1464 ad
1079 1425 1215 1463 focum
1255 1432 1387 1465 suum,
1427 1420 1466 1455 et
1504 1413 1693 1453 undecim
1732 1410 1953 1450 carectatas
1986 1405 2095 1455 virge

386 1500 433 1537 ad
472 1497 684 1536 watluram
724 1492 818 1531 inde
857 1488 1098 1533 faciendam,
1138 1486 1187 1524 de
1225 1484 1331 1522 dono
1371 1479 1487 1529 regis.

498 1604 575 1641 Pro
614 1614 694 1648 ‘resse
733 1600 774 1634 ‹Ie
816 1591 1224 1633 vinis.—-Mandatuni
1265 1590 1324 1625 est
1359 1582 1541 1623 Johanni
1579 1581 1626 1618 de
1667 1578 1870 1617 Colemere
1907 1574 2012 1625 quod
2051 1573 2098 1610 de

387 1665 492 1705 vinis
533 1661 746 1702 Wasconie
784 1671 860 1708 que
900 1658 997 1695 sunt
1036 1653 1141 1703 apud
1180 1648 1379 1689 Portesm’
1419 1643 1580 1683 liberari
1616 1641 1739 1680 faciat
1777 1650 1905 1676 unum
1945 1636 2098 1674 dolium

389 1728 473 1768 vini
511 1723 739 1766 carectariis
779 1720 896 1770 regis,
936 1730 1036 1768 quos
1079 1728 1146 1753 rex
1194 1712 1324 1751 mittit
1363 1710 1412 1747 ad
1451 1719 1557 1752 eum,
1600 1702 1837 1743 cariandum
1877 1700 1926 1738 ad
1965 1710 2097 1748 regem

391 1803 517 1841 usque
551 1785 764 1827 Merewell.
823 1783 940 1820 Teste
979 1792 1069 1829 rege
1108 1776 1214 1826 apud
1253 1771 1469 1817 Merewell,
1511 1768 1635 1818 xxvij.
1676 1765 1739 1803 die
1777 1760 2024 1801 Decembris.

503 1867 742 1907 Mandatum
790 1865 850 1901 est
898 1860 1028 1899 eidem
1067 1856 1172 1907 quod
1216 1855 1263 1892 de
1302 1851 1409 1891 vinis
1448 1849 1551 1898 regis
1589 1858 1665 1897 que
1705 1841 1882 1893 suntin
1922 1839 2103 1879 custodia

396 1945 468 1972 sua
509 1931 595 1969 sine
638 1926 831 1966 dilatione
876 1923 999 1962 faciat
1048 1918 1195 1958 habere
1238 1914 1399 1954 ballivis
1450 1911 1555 1961 regis
1605 1907 1820 1955 Suhampt’
1861 1906 1953 1942 octo
1997 1901 2103 1941 dolia

395 1994 480 2034 vini
515 1991 663 2032 Gallici
691 1987 879 2029 carianda
911 1997 990 2036 quo
1022 1996 1090 2021 rex
1124 1981 1180 2019 eis
1212 1976 1402 2029 precepit.
1462 1974 1580 2012 Teste
1612 1983 1702 2020 rege
1733 1967 1840 2018 apud
1872 1964 2103 2009 Merewell’‚

398 2057 522 2107 xxvij.
562 2054 626 2093 die
664 2049 912 2091 Decembris.

507 2133 750 2173 Mandatum
783 2132 843 2168 est
876 2125 1021 2176 majori
1051 2127 1090 2162 et
1121 2117 1426 2160 vicecomitibus
1459 2114 1587 2154 Lond'
1620 2111 1726 2163 quod
1756 2122 1837 2148 non
1868 2106 2108 2157 permittant

399 2199 505 2250 quod
543 2197 677 2246 aliqua
715 2193 809 2232 vina
840 2187 1053 2229 Wasconie
1084 2185 1146 2224 vel
1178 2180 1406 2232 Andegavie
1434 2190 1510 2228 que
1539 2176 1737 2215 venerunt
1768 2183 1893 2221 usque
1923 2167 2107 2208 London'

400 2261 629 2300 vendantur
666 2259 884 2304 antequam
924 2247 1179 2290 Camerarius
1217 2244 1321 2294 regis
1360 2241 1490 2280 Lond'
1531 2242 1570 2277 et
1608 2234 1748 2275 ballivi
1786 2232 1892 2283 regis
1937 2230 2110 2270 emerint

403 2324 452 2363 ad
489 2333 590 2371 opus
626 2318 731 2368 regIS
768 2328 814 2354 ea
852 2326 928 2364 que
966 2310 1050 2360 regi
1089 2308 1241 2347 fuerint
1279 2301 1539 2344 neccessaria.
1599 2299 1718 2336 Teste
1756 2298 1801 2334 ut
1839 2306 1972 2343 supra.

512 2399 755 2438 Mandatum
794 2396 854 2433 est
893 2390 1054 2431 ballivis
1093 2387 1197 2438 regis
1234 2386 1282 2424 de
1322 2381 1534 2424 SandWico
1573 2377 1679 2428 quod
1726 2387 1809 2414 non
1856 2372 2111 2422 permittant,

405 2464 511 2516 quod
540 2462 675 2512 aliqua
704 2458 819 2497 navis
848 2457 1007 2495 carcata
1035 2451 1141 2491 vinis
1171 2445 1383 2487 Wasconie
1412 2443 1475 2482 vel
1506 2438 1736 2489 Andegavie
1767 2448 1843 2487 que
1875 2431 2113 2483 applicuerit

407 2529 449 2566 in
488 2528 607 2576 portu
647 2520 814 2561 eorum*
851 2518 944 2557 inde
992 2514 1151 2554 recedat
1199 2509 1278 2548 nisi
1325 2509 1443 2556 capta
1481 2503 1587 2543 bona
1625 2499 1840 2540 securitate
1878 2495 1981 2547 quod
2020 2507 2113 2533 cum

408 2589 514 2630 vinis
560 2584 750 2638 predictis
798 2580 895 2620 alibi
943 2590 1025 2617 non
1073 2575 1245 2614 divertet
1291 2581 1413 2621 quam
1464 2578 1588 2616 usque
1636 2561 1840 2601 London‘.
1917 2558 2035 2596 Teste
2072 2558 2117 2594 ut

410 2664 544 2702 supra.

522 2755 600 2792 Pro
629 2752 759 2790 comite
779 2748 946 2786 Ricardo
976 2746 1018 2781 de
1048 2736 1365 2789 wltawa—Rex
1392 2731 1526 2784 probis
1556 2727 1793 2768 hominibus
1822 2726 1870 2763 de
1899 2723 2117 2767 Shorham,

413 2818 599 2858 salutem.
675 2811 778 2860 Quia
815 2808 1012 2853 civitates,
1054 2804 1202 2853 burgos
1241 2802 1281 2838 et
1319 2797 1399 2836 alia
1437 2792 1644 2833 dominica
1681 2792 1820 2828 nostra
1851 2799 1920 2837 per
1950 2797 2119 2834 regnum

415 2882 599 2919 nostrum
639 2873 784 2924 Anglie
822 2871 992 2910 fecimus
1038 2864 1201 2909 talliari‚
1243 2858 1518 2900 concessimus
1566 2854 1712 2892 dilecto
1761 2849 1876 2888 fratri
1925 2851 1964 2885 et
2012 2845 2121 2884 fideli

416 2944 554 2981 nostro
591 2939 638 2977 R.
679 2934 818 2975 comiti
855 2930 1032 2971 Pictavie
1070 2931 1109 2967 et
1148 2923 1360 2968 Cornubie,
1399 2919 1505 2971 quod
1544 2914 1784 2955 rationabile
1822 2910 2034 2959 tallagium
2073 2907 2122 2946 ad

417 3014 580 3054 presens
619 3011 737 3048 super
774 3008 845 3035 vos
883 2993 1056 3032 assidere
1103 2987 1244 3039 possit.
1328 2984 1385 3022 Et
1432 2982 1521 3019 ideo
1567 2977 1680 3017 vobis
1728 2973 1972 3025 precipimus
2019 2969 2123 3019 quod

419 3066 468 3105 ad
505 3065 581 3102 hoc
619 3061 748 3100 eidem
787 3056 926 3097 comiti
963 3052 1221 3093 intendentes
1259 3047 1348 3086 sitis
1386 3047 1425 3083 et
1473 3039 1775 3091 respondentes.
1871 3035 1989 3073 Teste
2035 3043 2125 3081 rege

420 3127 527 3178 apud
566 3121 795 3167 Merewell’,
835 3118 958 3168 xxvij.
999 3115 1062 3154 die
1101 3109 1350 3152 Decembris.

526 3204 685 3244 Eodem
746 3199 865 3239 modo
925 3195 1166 3235 mandatum
1222 3192 1282 3229 est
1339 3185 1473 3237 probis
1529 3179 1765 3221 hominibus
1818 3177 1865 3214 de
1925 3172 2123 3218 Sheford’‚

423 3267 666 3312 Homeham,
708 3259 961 3305 Grenested’,
998 3269 1070 3308 pro
1107 3254 1247 3294 eodem
1285 3248 1445 3290 comite.
1521 3245 1640 3283 Teste
1672 3244 1718 3280 ut
1757 3250 1889 3289 supra.

1025 3354 1040 3369 ¹¹
1059 3347 1272 3384 Substituted
1299 3347 1351 3378 for
1377 3342 1538 3383 “regis'’
