2375 3587
199 166 279 204 14&

260 286 400 333 1235.

263 354 322 392 [m.
338 351 386 391 2.]

1126 166 1310 209 CLOSE
1350 166 1552 208 ROLLS.

601 363 678 398 l'ro
724 364 850 398 abbate
899 364 941 398 (le
989 363 1095 399 Bello
1145 362 1397 399 Luem—Rex
1444 360 1626 398 Johanni
1673 361 1721 398 de
1769 360 1945 399 Monem‘
1996 359 2182 398 salutem.

492 423 637 461 Sciatis
674 423 778 472 quod
817 423 1044 461 Willelmus
1081 423 1127 460 de
1166 423 1324 468 Nevill’,
1358 422 1554 460 Ricardus
1592 422 1639 460 de
1679 421 1943 460 Cardonevill’
1984 425 2023 459 et
2062 421 2183 471 Hugo

492 485 539 521 de
609 484 842 522 Gadeshull'
913 497 982 533 per
1050 486 1348 522 sacramentum
1419 496 1584 521 suorum
1658 485 1697 521 et
1771 482 2072 521 forestariorum
2147 485 2186 521 et

489 546 769 584 viridariorum
807 546 1112 595 assignaverunt
1149 558 1218 594 per
1255 548 1488 594 preceptum
1528 547 1713 583 nostrum
1747 544 1882 583 abbati
1908 547 1947 583 et
1974 544 2183 583 monachis

491 608 538 645 de
578 607 691 645 Bello
728 609 833 646 Loco
869 610 1041 657 quatuor
1073 610 1279 645 carucatas
1313 609 1414 644 terre
1444 606 1550 644 inter
1580 606 1776 655 capellam
1813 605 1951 645 Sancti
1984 606 2184 644 Leonardi

490 673 528 707 et
574 670 713 707 villam
760 670 806 707 de
853 669 1059 717 Badesleg'
1108 669 1222 718 juxta
1278 672 1475 706 costeram
1524 667 1659 713 maris,
1708 667 1908 713 videlicet,
1958 680 2027 716 per
2084 668 2184 706 tales

490 731 637 769 divisas
674 734 713 769 et
750 734 877 769 metas
910 744 932 768 a
965 730 1117 768 fossato
1156 730 1355 768 dictorum
1390 729 1681 767 monachorum
1715 729 1762 767 de
1798 729 2024 779 Bormhaye
2060 742 2184 779 usque

491 793 539 830 ad
581 793 807 831 Sandisord'
847 805 915 841 per
951 792 1071 836 viam,
1111 795 1149 830 et
1187 805 1210 829 a
1242 791 1459 830 Sandiford
1502 804 1572 839 per
1604 790 1710 828 viam
1744 803 1869 840 usque
1906 791 1956 828 ad
1986 791 2183 829 fossatum

491 855 538 891 de
578 854 810 904 Wytecroft‚
851 858 889 891 et
927 867 949 891 a
987 854 1137 891 fossato
1175 853 1221 891 de
1262 853 1467 892 Witecroft
1506 855 1614 891 recta
1654 852 1761 890 linea
1808 865 1933 902 usque
1975 853 2025 890 ad
2062 858 2182 902 caput

492 916 692 954 ulterioris
729 915 936 953 Bekemor‘
971 927 1108 953 vorsus
1146 915 1406 960 occidentem,
1440 918 1479 952 et
1517 927 1539 952 a
1577 915 1684 953 dicto
1722 914 1852 963 capite
1889 914 1936 952 de
1975 914 2182 953 Bekemor'

491 978 594 1016 sicut
631 977 738 1015 dicta
774 990 886 1015 mora
928 990 967 1015 se
1012 976 1190 1014 extendit
1238 989 1361 1026 usque
1410 976 1449 1013 in
1501 988 1610 1014 mare
1658 988 1795 1014 versus
1843 975 2054 1015 orientem.
2130 977 2185 1015 Et

491 1039 578 1077 ideo
625 1039 736 1077 vobis
791 1039 1032 1076 mandamus
1078 1038 1182 1088 quod
1230 1038 1277 1076 de
1324 1037 1512 1087 predictis
1566 1037 1640 1088 iiij.
1700 1038 1897 1077 carucatis
1944 1042 2045 1077 terre
2091 1051 2183 1077 cum

491 1101 744 1149 pertinentiis
782 1114 850 1149 per
886 1100 1014 1138 dictas
1051 1100 1199 1138 divisas
1238 1102 1277 1138 et
1314 1103 1441 1138 metas
1481 1099 1668 1148 predictis
1706 1098 1840 1137 abbati
1890 1102 1929 1138 et
1972 1101 2183 1139 monachis

491 1163 650 1211 plenam
699 1163 887 1200 seisinam
936 1161 1080 1199 habere
1129 1161 1299 1200 faciatis.
1377 1161 1493 1199 Teste
1542 1174 1632 1211 rege
1693 1161 1799 1210 apud
1858 1161 2063 1208 Keniton'‚
2113 1162 2183 1212 xij.

492 1224 554 1262 die
593 1223 788 1262 Octobris.

601 1334 678 1369 Pr«,
717 1334 896 1380 hospitali
934 1335 975 1368 «lv
1016 1332 1523 1381 (huns-prins.-—Mandatum
1562 1334 1621 1370 est
1660 1331 1830 1370 Ricardo
1861 1332 1908 1370 de
1943 1332 2186 1372 Muntfichet

490 1395 594 1444 quod
642 1394 682 1431 in
730 1394 850 1432 hallia
899 1407 970 1431 sua
1017 1393 1248 1443 inpinguari
1298 1393 1419 1432 faciat
1467 1393 1507 1430 in
1556 1406 1674 1442 parco
1722 1394 1824 1443 regis
1871 1394 1918 1432 de
1965 1394 2188 1444 Havering'

490 1457 552 1494 vel
594 1455 703 1502 alibi,
753 1455 819 1493 ubi
872 1456 1015 1494 melius
1065 1456 1295 1505 inpinguari
1342 1459 1543 1505 poterunt,
1591 1455 1885 1504 quinquaginta
1931 1468 2069 1505 porcos
2118 1457 2186 1506 qui

490 1522 585 1556 sunt
623 1519 670 1555 de
708 1518 898 1566 hospitali
936 1518 982 1555 de
1017 1518 1223 1566 Osspring'
1264 1521 1302 1555 et
1341 1530 1439 1566 quos
1478 1517 1599 1555 frater
1639 1517 1845 1555 Galil-idus
1882 1517 2186 1556 elemosinarius

490 1581 592 1630 regis
639 1583 772 1618 custos
820 1580 987 1629 predicti
1034 1579 1259 1629 hospitalis,
1309 1579 1358 1617 ad
1406 1592 1497 1617 eum
1546 1579 1696 1617 mittet.
1779 1579 1896 1617 Teste
1943 1592 2031 1626 rege
2079 1581 2185 1629 apud

491 1641 908 1688 Westmonasterium,
948 1641 1032 1691 xiij.
1070 1641 1132 1679 die
1172 1641 1368 1680 Octobris,
1426 1641 1501 1678 Per
1540 1640 1588 1678 G.
1624 1641 1670 1678 de
1701 1640 1955 1679 Craucumb’.

603 1751 676 1785 l'ru
713 1751 838 1786 abbate
883 1747 1570 1786 IVeh-tumnasteriam‚ea—Mandatum
1616 1750 1676 1785 est
1724 1747 1903 1786 Johanni
1950 1748 1997 1787 de
2039 1749 2184 1788 Nevill'

489 1812 594 1862 quod
639 1824 718 1848 non
776 1811 991 1860 distringat
1049 1810 1232 1848 homines
1288 1809 1444 1847 abbatis
1501 1810 1943 1849 Westmonasteriensis
1998 1811 2185 1861 fugantes

489 1887 626 1923 porcos
665 1886 757 1912 suos
795 1886 863 1922 per
891 1873 1080 1910 forestam
1112 1872 1213 1919 regis
1242 1872 1289 1909 de
1320 1871 1555 1909 Bernewud’
1586 1872 1634 1909 ad
1664 1884 1804 1920 porcos
1834 1872 1925 1910 illos
1954 1873 2185 1922 agistanslos

490 1938 529 1973 in
561 1936 697 1974 eadem
737 1935 895 1980 foresta,
937 1938 994 1972 set
1031 1947 1095 1973 eos
1135 1934 1226 1971 inde
1265 1933 1458 1972 abducere
1490 1933 1698 1982 permittat
1736 1937 1775 1972 et
1813 1934 1908 1972 alibi
1938 1934 2073 1981 libere,
2105 1949 2184 1985 quo

489 1998 700 2043 voluerint,
740 1997 781 2034 in
820 1996 948 2034 boscis
987 1996 1069 2033 suis
1112 1996 1281 2045 propriis
1328 1995 1513 2044 agistare.
1600 1994 1717 2033 Teste
1765 2009 1853 2045 rege
1900 1997 2006 2046 apud
2054 1997 2181 2036 West-

490 2059 795 2105 monasterium,
836 2058 920 2108 xiij.
961 2058 1023 2095 die
1063 2057 1259 2096 Octobris.

608 2168 716 2216 [l'rv]
776 2168 821 2203 [ι’.
876 2167 1140 2212 Η(’)ἐ>Ῑ“ο)·ιΙ(’)18ί
1178 2166 1497 2213 episcopmss—RGX
1536 2164 1753 2203 baronibus
1784 2165 1866 2203 SUlS
1897 2166 1944 2204 de
1976 2166 2185 2205 Scaccario

488 2229 674 2266 salutem.
739 2228 841 2274 Quia
879 2227 1110 2276 capellanus
1148 2227 1195 2264 de
1234 2226 1555 2272 Menneresfehl',
1597 2227 1665 2276 qui
1705 2240 1744 2264 se
1784 2227 1917 2276 ipsum
1958 2229 2180 2277 suspendit,

489 2291 601 2328 nulla
638 2289 783 2328 catalla
820 2288 962 2327 habuit
1000 2289 1042 2326 in
1072 2288 1173 2326 laico
1203 2288 1330 2333 feodo,
1362 2287 1473 2326 vobis
1502 2288 1742 2326 mandamus
1772 2288 1877 2338 quod
1907 2289 1954 2327 de
1984 2289 2185 2328 demanda

490 2365 608 2401 quam
667 2364 735 2400 per
790 2350 1149 2389 summonitionem
1217 2350 1412 2388 Scaccarii
1478 2350 1613 2388 facitis
1677 2349 1896 2388 venerabili
1962 2351 2065 2400 patri
2133 2352 2182 2390 R.

492 2413 774 2452 Heresordensi
825 2413 1009 2462 episcopo
1056 2412 1102 2450 de
1148 2412 1304 2451 catallis
1351 2411 1519 2461 predicti
1566 2411 1777 2460 capellani,
1826 2424 1901 2461 que
1948 2412 2089 2451 habuit
2141 2413 2183 2451 in

490 2477 603 2514 feodo
641 2475 920 2520 ecclesiastico,
960 2475 1093 2523 ipsum
1127 2474 1360 2523 episcopum
1389 2474 1572 2523 quietum
1603 2486 1687 2511 esse
1716 2472 1887 2512 faciatis.
1948 2474 2064 2512 Teste
2093 2488 2184 2524 rege

490 2537 595 2586 apud
634 2536 1052 2581 Westmonasterium,
1093 2549 1155 2573 xv.
1193 2535 1256 2573 die
1295 2534 1494 2573 Octobris.

598 2616 652 2652 Et
690 2614 928 2652 mandatum
967 2616 1026 2651 est
1064 2613 1290 2651 vicecomiti
1330 2613 1471 2651 Glouc’
1520 2613 1625 2662 quod
1673 2612 1720 2651 de
1763 2612 1962 2650 demanda
2008 2614 2185 2662 predicta

490 2690 628 2727 pacem
668 2676 701 2713 ei
736 2675 879 2713 habere
916 2675 1137 2723 permittat.
1215 2675 1331 2713 Teste
1370 2687 1460 2723 rege
1500 2677 1544 2712 ut
1583 2687 1717 2723 supra.

607 2786 691 2833 [De]
730 2782 1153 2831 pet-1(mationa—Rex
1192 2782 1427 2831 perdonavit
1457 2781 1645 2832 Hawysie
1673 2782 1721 2819 de
1751 2781 1851 2819 Mar'
1891 2782 2100 2831 sexaginta
2145 2785 2183 2821 et

488 2848 623 2884 decem
670 2845 828 2890 solidos,
876 2856 974 2893 quos
1021 2844 1273 2881 vicecomites
1321 2844 1505 2881 London’
1555 2842 1767 2892 exigebant
1805 2842 1855 2880 ab
1894 2855 1939 2881 ea
1972 2856 2040 2892 per
2075 2856 2182 2882 sum-

489 2908 755 2946 monitionem
796 2906 991 2945 Scaccarii
1039 2906 1165 2943 nostri
1211 2918 1281 2954 pro
1328 2906 1446 2943 Petro
1484 2905 1568 2943 filio
1617 2905 1754 2942 Alulfi.
1839 2904 1895 2943 Et
1944 2905 2184 2944 mandatum

489 2974 549 3008 est
586 2967 802 3006 baronibus
840 2967 887 3004 de
926 2966 1132 3005 Scaccario
1169 2967 1273 3016 quod
1312 2967 1358 3004 de
1397 2966 1493 3015 ipsis
1543 2965 1751 3015 sexaginta
1789 2967 1828 3003 et
1865 2965 2000 3003 decem
2046 2966 2184 3004 solidis

489 3031 707 3080 predictam
742 3028 962 3067 Hawisiam
1001 3029 1178 3077 quietam
1217 3041 1301 3066 esse
1339 3028 1505 3067 faciant.
1593 3028 1710 3065 Teste
1762 3039 1851 3075 rege
1900 3028 2006 3077 apud
2055 3027 2182 3067 West-

489 3092 794 3137 monasterium,
834 3104 896 3127 xv.
937 3090 998 3127 die
1038 3089 1229 3136 Octobris,
1271 3102 1378 3128 anno
1417 3089 1528 3138 regni
1571 3089 1650 3126 xix.

598 3200 652 3236 De
680 3199 859 3235 tradendo
892 3199 931 3234 1ιή
963 3196 1293 3243 balbum--Quia
1325 3209 1392 3233 rex
1431 3195 1584 3244 accepit
1618 3207 1687 3244 per
1713 3193 2029 3243 inquisitionem,
2060 3207 2182 3245 quam

490 3261 582 3298 inde
635 3259 720 3296 fieri
772 3257 879 3302 fecit,
941 3257 1046 3306 quod
1107 3256 1304 3295 Robertus
1365 3256 1413 3294 de
1470 3255 1640 3302 Tumel',
1701 3254 1770 3303 qui
1829 3257 1970 3303 captus
2023 3259 2083 3293 est
2144 3258 2183 3295 et

489 3323 674 3362 detentus
721 3321 762 3357 in
810 3320 972 3369 prisona
1022 3319 1124 3367 regis
1168 3319 1215 3356 de
1256 3318 1484 3358 Hedindon’
1526 3329 1598 3369 pro
1645 3318 1773 3354 morte
1821 3315 1985 3354 Roberti
2035 3317 2180 3365 Swein,
