2375 3587
203 188 256 228 28

268 311 408 356 1234.

254 378 312 416 [m.
343 376 413 415 22.]

258 3149 317 3188 [m.
343 3148 410 3188 21.]

1118 186 1299 229 CLOSE
1344 184 1546 227 ROLLS.

499 384 649 422 Pinche
694 384 855 433 juniori,
902 383 985 421 filio
1032 382 1168 428 Chere,
1218 381 1345 419 Judeo
1392 379 1611 425 Wintonie‚
1665 379 1803 417 reddat
1864 378 1993 417 eidem
2054 376 2183 416 Abrae

498 459 566 495 per
603 459 754 484 annum
802 445 928 495 xxiiij.
968 444 1114 483 solidos
1161 446 1199 482 et
1245 443 1420 493 quinque
1467 441 1663 486 denarios,
1704 440 1902 486 videlicet,
1935 440 1984 478 ad
2029 439 2184 477 Pascha

497 508 565 557 xij.
605 508 750 546 solidos
797 507 838 557 ij.
878 506 1060 544 denarios
1107 508 1145 543 et
1192 504 1366 548 obolum,
1408 506 1446 541 et
1493 503 1542 540 ad
1590 503 1740 540 festum
1789 501 1929 541 Sancti
1972 500 2183 540 Michaelis

498 569 566 619 xij.
601 569 746 607 solidos
779 569 820 619 ij.
849 568 1031 607 denarios
1062 570 1101 606 et
1138 567 1313 612 obolum,
1353 566 1477 603 donec
1510 564 1735 614 predictum
1770 563 1951 602 debitum
1984 563 2182 613 persolva-

498 633 585 676 tur;
617 631 674 668 ita
704 631 808 680 quod
842 630 1003 668 interim
1035 632 1188 668 cessent
1219 640 1337 666 usure
1370 627 1417 665 de
1450 626 1583 665 debito
1616 625 1806 675 predicto.
1864 625 1920 664 Et
1943 625 2185 663 mandatum

497 695 557 730 est
602 692 833 741 justiciariis
871 692 919 730 ad
956 691 1178 731 custodiam
1225 690 1445 728 Judeorum
1492 687 1707 738 assignatis
1755 688 1861 738 quod
1908 687 1966 726 ita
2013 686 2099 725 fieri
2146 688 2186 724 et

496 753 708 792 inrotulari
746 754 909 792 faciant.

604 879 682 914 Pro
717 877 995 925 Rz·ec11·‹losile·0
1032 876 1208 924 &alfridi
1246 877 1288 911 de
1326 872 1744 922 Basz‘nfsestolc‘.—Rex
1781 871 1977 910 concessit
2014 871 2187 911 Ricardo

497 937 668 976 Galfridi
706 938 753 975 de
791 936 1067 986 Basingestok’
1106 936 1211 986 quod
1258 936 1304 973 de
1351 938 1522 985 quatuor
1571 933 1730 980 marcis,
1770 945 1868 982 quas
1906 932 2021 971 debet
2068 932 2183 983 Elye‚

496 999 580 1037 filio
627 999 764 1044 Chere,
813 998 940 1036 Judeo
988 997 1206 1043 Wintonie,
1256 997 1393 1035 reddat
1445 996 1573 1034 eidem
1621 995 1724 1046 Elye
1771 1007 1839 1044 per
1885 1008 2040 1033 annum
2087 995 2185 1034 duas

496 1073 662 1106 marcas,
711 1059 906 1105 videlicet,
956 1060 1005 1097 ad
1051 1060 1206 1098 Pascha
1253 1071 1377 1097 unam
1434 1070 1610 1096 marcam
1666 1059 1705 1095 et
1752 1057 1801 1095 ad
1848 1057 1997 1095 festum
2047 1057 2187 1096 Sancti

496 1123 705 1161 Michaelis
752 1135 874 1160 unam
922 1135 1114 1168 marcam,
1163 1122 1286 1160 donec
1333 1124 1408 1160 etc.
1450 1124 1493 1158 ut
1541 1133 1661 1170 supra
1698 1119 1740 1157 in
1791 1119 1898 1158 brevi
1946 1119 2186 1170 precedenti.

497 1185 612 1222 Teste
650 1187 694 1223 ut
733 1198 864 1234 supra.

602 1311 680 1347 Pro
732 1310 914 1346 Willelma
963 1311 1004 1345 de
1051 1308 1463 1357 Nym—Mandatum
1510 1310 1570 1345 est
1616 1306 1841 1345 vicecomiti
1889 1306 2031 1345 Norht’
2082 1306 2187 1356 quod

495 1371 745 1417 demandam,
784 1384 903 1420 quam
942 1370 1038 1408 facit
1077 1370 1278 1408 Willelmo
1325 1370 1372 1407 de
1428 1369 1538 1419 Dyve
1594 1369 1641 1406 de
1698 1369 1817 1407 sectis
1873 1368 2088 1407 comitatus
2144 1371 2185 1406 et

495 1433 691 1471 hundredi
755 1432 957 1477 faciendis,
1023 1434 1145 1481 ponat
1210 1432 1251 1469 in
1318 1434 1541 1481 respectum
1602 1431 1727 1469 donec
1792 1430 1899 1469 idem
1956 1430 2186 1469 Willelmus

495 1495 682 1533 levaverit
719 1508 741 1532 a
771 1495 961 1544 languore
998 1507 1082 1539 suo,
1122 1507 1199 1543 quo
1229 1494 1452 1532 essoniatus
1482 1496 1541 1531 est
1570 1506 1706 1532 versus
1737 1492 1957 1532 Robertum
1989 1492 2186 1543 Mauduyt

495 1560 533 1595 et
571 1570 732 1595 uxorem
771 1557 856 1607 ejus
894 1560 931 1595 et
969 1556 1189 1594 Radulfum
1237 1556 1416 1605 Harang'
1465 1559 1504 1594 et
1552 1568 1716 1594 uxorem
1765 1556 1850 1607 ejus
1899 1556 1941 1594 in
1989 1555 2185 1594 comitatu

496 1618 660 1657 Oxonie.
736 1619 851 1657 Teste
888 1631 977 1668 rege
1015 1621 1059 1656 ut
1098 1631 1229 1667 supra.

602 1741 679 1778 Pru
716 1743 986 1790 arelez‘epim‘uwo
1027 1742 1307 1787 Cautum-sensi,
1345 1743 1387 1777 de
1432 1740 1866 1779 damz's.—Mandatum
1913 1743 1972 1779 est
2012 1739 2187 1779 Roberto

495 1803 530 1840 10
588 1803 767 1852 Sauvage
821 1803 925 1852 quod
979 1803 1100 1841 faciat
1154 1802 1298 1841 habere
1355 1802 1569 1841 venerabili
1628 1803 1733 1852 patri
1791 1803 1841 1842 E.
1905 1802 2187 1841 cantuariensi

495 1864 801 1913 archiepiscopo,
850 1865 970 1903 totius
1018 1864 1160 1914 Anglie
1206 1865 1382 1914 primati,
1432 1879 1496 1903 xv.
1545 1865 1685 1904 damas
1732 1865 1774 1903 in
1823 1865 1973 1903 foresta
2023 1865 2071 1903 de
2128 1865 2188 1903 La

496 1926 661 1975 Knappe
691 1927 737 1964 de
765 1927 869 1964 dono
898 1926 1013 1975 regis.
1085 1927 1201 1965 Teste
1229 1940 1318 1976 rege
1347 1927 1452 1977 apud
1483 1927 1716 1973 Werewell',
1748 1927 1817 1978 xij.
1846 1927 1908 1965 die
1935 1926 2182 1965 Decembris.

603 2050 679 2085 Pro
717 2050 897 2097 Euam-yffi
935 2051 975 2085 da
1006 2049 1409 2098 §hoff—Mandatum
1447 2052 1507 2087 est
1544 2048 1777 2088 custodibus
1811 2048 1997 2088 vinorum
2032 2048 2186 2088 domini

497 2110 598 2158 regis
635 2110 739 2159 apud
778 2110 990 2159 Suhampt'
1033 2111 1138 2160 quod
1185 2110 1329 2149 habere
1376 2111 1527 2149 faciant
1575 2110 1764 2150 Emerico
1811 2111 1858 2149 de
1909 2110 2012 2161 Sacy
2059 2123 2187 2149 unum

497 2171 647 2209 dolium
685 2171 767 2209 vini
805 2172 852 2209 de
889 2172 992 2210 vinis
1028 2172 1180 2211 domini
1219 2173 1321 2223 regis
1359 2186 1435 2223 que
1473 2176 1569 2212 sunt
1608 2174 1648 2212 in
1678 2173 1859 2212 custodia
1891 2186 1975 2220 sua,
2007 2173 2054 2212 de
2083 2173 2188 2212 dono

497 2232 613 2281 regis.
689 2234 804 2271 Teste
842 2236 886 2271 ut
923 2246 1054 2283 supra.

605 2320 840 2358 Mandatum
878 2324 936 2358 est
974 2320 1163 2359 Michaeli
1200 2321 1247 2359 de
1286 2320 1550 2360 Columbariis
1588 2321 1693 2372 quod
1732 2321 1877 2360 habere
1907 2321 2028 2361 faciat
2058 2321 2187 2360 eidem

498 2380 682 2419 Emerico
719 2381 849 2419 decem
887 2381 1026 2420 robora
1064 2382 1102 2419 111
1144 2382 1264 2420 1131113
1293 2396 1377 2430 sua,
1409 2383 1455 2421 de
1485 2383 1588 2422 dono
1617 2383 1734 2432 regis.
1808 2383 1924 2421 Teste
1953 2386 1998 2421 ut
2027 2396 2160 2433 supra.

608 2506 685 2541 Pro
736 2506 784 2543 (J.
833 2507 1056 2544 illarescallo
1103 2509 1231 2544 comiti
1278 2508 1729 2546 Penbr'.—Mandatum
1777 2510 1837 2546 est
1892 2506 2189 2547 constabulario

503 2565 638 2604 Sancti
667 2566 855 2604 Briavelli
892 2568 995 2616 quod
1032 2567 1074 2605 in
1104 2569 1249 2606 foresta
1286 2568 1333 2606 de
1372 2569 1472 2607 Den'
1513 2569 1658 2607 habere
1697 2569 1818 2608 faciat
1858 2569 1907 2608 G.
1939 2568 2188 2615 Marescallo,

499 2627 636 2664 comiti
683 2626 840 2673 Penbr’,
890 2642 980 2666 xxv.
1029 2642 1195 2678 quercus
1235 2630 1283 2668 ad
1320 2631 1575 2682 jarruyllium
1614 2631 1736 2670 castri
1779 2631 1842 2669 sui
1887 2631 1935 2669 de
1975 2630 2188 2680 Struguill’

499 2689 776 2737 reparandum,
815 2690 862 2727 de
900 2691 1002 2729 dono
1039 2692 1155 2741 regis.
1236 2692 1351 2730 Teste
1398 2706 1488 2742 rege
1535 2693 1641 2743 apud
1689 2693 1943 2740 Clarendon',
1993 2692 2078 2743 xiij.
2127 2692 2189 2730 die

499 2750 741 2789 Decembris.
816 2752 890 2790 Per
929 2753 976 2791 Gr.
1016 2753 1062 2791 de
1102 2753 1355 2792 Craucumb'.

605 2837 840 2875 Mandatum
878 2841 937 2877 est
975 2839 1161 2878 Michaeli
1192 2840 1239 2878 de
1270 2840 1539 2881 Columbariis
1577 2843 1683 2893 quod
1722 2841 1868 2881 habere
1899 2841 2022 2881 faciat
2057 2840 2189 2879 eidem

498 2899 634 2937 comiti
707 2900 841 2938 decem
898 2901 1090 2950 capriolas
1145 2906 1184 2940 et
1251 2903 1349 2941 duos
1418 2905 1614 2954 capriolos
1685 2905 1727 2942 in
1798 2903 1920 2943 ballia
1986 2917 2058 2942 sua
2140 2903 2190 2941 ad

498 2962 803 3000 instaurandum
849 2975 1011 3012 parcum
1050 2977 1168 3002 suum
1207 2965 1254 3003 de
1292 2965 1518 3013 Hamsted‘,
1558 2967 1606 3005 de
1645 2967 1750 3006 dono
1798 2966 1914 3016 regis.
1992 2965 2109 3005 Teste
2144 2967 2190 3003 ut

499 3035 629 3072 supra.
705 3024 780 3063 Per
818 3025 987 3063 eundem
1026 3026 1075 3064 G.

604 3145 680 3183 Pro
720 3147 860 3184 reclusa
897 3149 938 3183 dc
984 3149 1490 3195 L'retford'.—Mandatum
1542 3154 1601 3190 est
1650 3151 1829 3190 Hem-ico
1876 3150 1961 3189 filio
2006 3150 2191 3189 Nicholai

499 3206 602 3254 quod
640 3206 681 3243 in
719 3207 865 3245 foresta
901 3208 948 3246 de
982 3208 1217 3248 Clarendon'
1258 3211 1379 3250 faciat
1418 3211 1569 3250 habere
1607 3213 1758 3251 recluse
1797 3213 1844 3250 de
1877 3212 2073 3250 Bretford'
2113 3211 2192 3250 duo

499 3266 638 3306 robora
674 3268 723 3306 ad
760 3268 892 3308 focum
931 3282 1061 3318 suum,
1095 3271 1142 3310 de
1181 3272 1286 3311 dono
1324 3273 1444 3323 regis.
1522 3274 1638 3314 Teste
1669 3287 1760 3324 rege
1794 3274 1901 3324 apud
1937 3273 2189 3321 Olaoendon’,

498 3328 598 3379 xiiij.
637 3329 699 3367 die
737 3329 981 3370 Decembris.

2374 466 2375 484 ᾼ
2371 437 2375 461 2⁴
2370 322 2375 429 sssso.
2370 304 2375 319 ,ἶ
2369 262 2375 301 ιὴψ
2368 180 2375 255 ςπ-ῈΛ
