2375 3587
177 317 320 364 1235.

182 385 244 425 [m.
270 385 316 423 3.]

402 3416 409 3447 1

1050 186 1102 227 19
1144 183 1350 225 HENRY
1390 183 1474 224 ΙΙΙ.
2036 181 2117 221 141

529 387 581 423 De
626 387 825 435 quercubus
872 383 1283 422 datia—Mandatum
1337 384 1396 420 est
1444 381 1620 419 Henrico
1672 381 1719 418 de
1769 379 1966 417 Lammel’
2017 377 2123 428 quod

417 446 539 486 faciat
570 447 715 486 habere
747 447 920 486 Roberto
951 446 1094 484 Russel
1133 446 1175 482 in
1208 444 1326 482 bosco
1364 443 1467 492 regis
1506 443 1553 481 de
1585 442 1779 493 Lyndeby
1814 445 1894 479 tres
1928 440 2123 490 quercus*

416 510 465 548 ad
503 511 707 560 quandam
746 510 912 548 domum
950 509 1192 554 faciendam,
1233 507 1280 545 de
1318 507 1423 544 dono
1462 505 1578 555 regis.
1665 505 1782 543 Teste
1821 508 1865 542 ut
1904 516 2036 553 supra.

525 607 582 644 De
612 608 809 644 dominicis
839 608 951 643 boscis
984 607 1081 654 reglis
1109 607 1150 642 iu
1181 605 1299 641 hallia
1349 604 1542 641 Johamu's
1586 603 1628 637 de
1658 602 1808 637 Nevilla
1844 601 2126 648 (uastandis.—

419 668 659 706 Mandatum
716 670 776 705 est
832 666 1013 706 Johanni
1068 666 1115 704 de
1174 664 1317 703 Nevill'
1377 663 1481 713 quod
1543 675 1612 711 per
1668 661 1802 699 visum
1859 660 2124 710 agistatorum

418 730 641 769 dominicos
680 729 818 768 boscos
860 729 963 778 regis
1002 728 1044 766 in
1097 727 1218 766 bailia
1270 740 1343 765 sua
1399 725 1521 763 faciat
1564 723 1743 773 agistari,
1793 736 1864 772 pro
1913 723 2043 772 porcis
2093 722 2126 759 si

418 794 561 842 potest,
602 792 677 837 vel,
719 791 751 829 si
791 804 872 829 non
912 793 1042 840 potest
1081 802 1152 839 pro
1192 789 1321 838 porcis
1360 790 1521 837 propter
1559 786 1716 835 copiam
1746 797 1927 834 pessone,
1959 787 2056 822 tunc
2086 784 2125 821 id

419 855 541 892 faciat
579 867 650 903 pro
688 853 875 898 denariis,
917 853 1019 891 sicut
1059 851 1205 890 melius
1244 851 1402 900 poterit,
1437 849 1494 887 ita
1531 848 1637 897 quod
1676 847 1888 895 diligentia
1927 859 1996 884 sua
2034 846 2126 884 inde

420 916 561 954 debeat
600 915 889 954 commendari.
967 914 1084 952 Teste
1118 926 1208 963 rege
1247 913 1353 962 apud
1392 912 1579 956 Burton‘,
1622 910 1692 960 xij.
1734 909 1796 947 die
1837 907 2097 957 Septembris.

527 1014 605 1051 Pro
644 1013 809 1050 Πίσαν-(10
859 1013 901 1047 de
950 1012 989 1048 Za
1039 1008 1455 1047 How—Mandatum
1505 1009 1564 1044 est
1614 1005 1842 1045 vicecomiti
1888 1005 2125 1054 Norhainpt'

420 1075 526 1124 quod
564 1075 612 1112 de
651 1076 756 1111 terra
795 1072 955 1110 Ricardi
994 1072 1041 1109 de
1080 1072 1119 1109 la
1158 1071 1267 1109 Hose
1306 1070 1347 1107 in
1389 1069 1625 1115 Gevertoft‘,
1668 1080 1743 1117 que
1785 1080 1854 1116 per
1896 1070 2127 1116 preceptum

420 1136 523 1185 regis
567 1138 627 1174 est
676 1135 717 1172 in
767 1148 893 1172 manu
947 1133 1183 1182 Sampsonis
1226 1135 1265 1171 et
1306 1130 1515 1169 Benedicti
1565 1131 1612 1167 de
1663 1130 1863 1175 Coventr',
1907 1129 2128 1166 Judeorum

420 1199 672 1247 Norhampt',
730 1200 768 1235 et
824 1196 934 1234 Petri
981 1195 1056 1233 filii
1113 1194 1344 1234 Salomonis
1401 1193 1448 1231 de
1497 1192 1714 1237 Ivelcestr,'
1768 1190 2005 1239 Sampsonis
2056 1190 2129 1227 filii

421 1260 618 1309 Angevini
666 1262 704 1298 et
751 1258 960 1297 Benedicti
1007 1257 1054 1296 de
1098 1257 1255 1302 Glouc’,
1297 1256 1519 1293 Judeorum
1570 1254 1617 1291 de
1657 1252 1883 1298 Warewik’,
1935 1256 2129 1301 tanquam

421 1323 585 1362 vadium
624 1334 762 1361 eorum
801 1320 1006 1359 occasione
1045 1319 1257 1370 cujusdam
1297 1317 1419 1355 debiti
1450 1316 1557 1367 quod
1605 1315 1773 1365 predicti
1822 1314 1941 1353 Judei
1989 1313 2038 1352 ab
2085 1327 2130 1352 eo

423 1386 602 1435 exigunt,
644 1385 729 1422 sine
779 1383 974 1421 dilatione
1013 1382 1142 1420 eidem
1182 1380 1354 1419 Ricardo
1392 1379 1556 1429 plenam
1596 1378 1786 1416 seisinam
1817 1376 1963 1415 habere
1993 1377 2128 1415 faciat.

424 1449 478 1486 Et
527 1447 625 1485 scire
673 1447 794 1485 faciat
852 1444 1042 1494 predictis
1101 1443 1242 1481 Judeis
1298 1443 1404 1491 quod
1461 1442 1543 1479 sint
1599 1453 1734 1479 coram
1792 1439 2027 1490 justiciariis
2082 1439 2131 1477 ad

423 1510 648 1548 custodiam
688 1509 910 1547 Judeorum
949 1507 1165 1555 assignatis
1205 1505 1311 1554 apud
1352 1503 1761 1542 Westmonasterium
1812 1515 1835 1540 a
1880 1501 1944 1539 die
1992 1500 2131 1540 Sancti

424 1571 635 1610 Michaelis
674 1571 716 1608 in
755 1584 818 1609 xv.
859 1570 943 1607 dies
991 1569 1040 1607 ad
1088 1567 1364 1617 recipiendum
1403 1566 1452 1604 ab
1491 1578 1537 1604 eo
1585 1563 1869 1603 rationabilem
1917 1562 2042 1602 finem
2092 1566 2131 1602 et

424 1633 684 1673 rationabiles
723 1632 919 1671 terminos
957 1631 1004 1669 de
1043 1629 1179 1668 debito
1217 1629 1410 1679 predicto.
1487 1628 1604 1666 Teste
1644 1630 1688 1666 ut
1728 1639 1861 1676 supra.

532 1732 612 1768 Pro
650 1731 844 1767 canonicis
883 1731 925 1765 (le
965 1725 1333 1765 [sulcabam—Rex
1381 1723 1562 1762 Johanni
1601 1722 1686 1761 filio
1726 1722 1902 1761 Galfridi
1942 1722 2131 1761 salutem.

426 1793 571 1832 Sciatis
604 1805 677 1830 nos
710 1792 877 1837 dedisse,
917 1788 1162 1829 concessisse
1201 1790 1239 1826 et
1278 1788 1353 1825 hac
1387 1789 1497 1825 carta
1535 1788 1674 1824 nostra
1712 1784 1971 1824 confirmasse
2009 1784 2133 1834 priori

423 1858 462 1894 et
501 1855 705 1894 canonicis
739 1854 786 1892 de
824 1852 934 1890 Kirk’
971 1855 1009 1890 et
1050 1849 1347 1890 successoribus
1379 1849 1461 1887 suis
1493 1848 1597 1898 quod
1638 1846 1815 1885 habeant
1851 1847 2132 1896 inperpetuum

425 1919 465 1956 in
506 1917 656 1956 foresta
694 1919 834 1954 nostra
878 1915 925 1953 de
971 1914 1138 1953 Gautris
1188 1913 1235 1950 de
1284 1911 1489 1949 dominico
1541 1912 1692 1956 nostro,
1735 1909 1900 1955 scilicet,
1942 1909 1982 1946 in
2022 1921 2135 1947 mora

424 1993 500 2030 que
538 1982 703 2018 vocatur
738 1977 1081 2021 Traneberimoae,
1113 1988 1189 2025 que
1227 1977 1287 2012 est
1317 1974 1422 2012 inter
1451 1972 1700 2011 dominicum
1733 1976 1932 2017 nostrum,
1968 1970 2133 2009 boscum

425 2045 610 2081 nostrum
641 2042 688 2079 de
718 2040 917 2079 Mirescoh
947 2042 986 2077 et
1016 2051 1162 2088 aquam
1201 2037 1249 2075 de
1279 2037 1401 2074 Fosse
1431 2048 1569 2073 versus
1599 2034 1808 2080 orientem,
1849 2034 1891 2070 in
1931 2033 2135 2071 remotiori

425 2105 513 2143 loco
543 2117 565 2142 a
594 2106 780 2153 cooperto
810 2102 955 2140 foreste
983 2113 1121 2139 versus
1155 2099 1378 2149 predictam
1411 2110 1557 2146 aquam
1588 2096 1635 2134 de
1666 2096 1801 2142 Fosse,
1836 2095 2057 2134 turbariam
2087 2095 2136 2133 ad

427 2167 562 2205 focum
601 2178 736 2211 suum,
790 2164 1069 2203 continentem
1118 2162 1159 2199 in
1213 2159 1468 2210 longitudine
1506 2158 1804 2208 quinquaginta
1841 2157 2058 2207 perticatas
2097 2160 2135 2195 et

426 2230 469 2268 in
508 2229 725 2267 latitudine
765 2226 1065 2278 quinquaginta
1103 2224 1332 2274 perticatas,
1364 2222 1545 2272 quietam
1583 2221 1630 2259 de
1668 2223 1783 2259 vasto
1822 2223 1861 2258 et
1895 2220 2061 2269 regardo
2099 2222 2137 2258 et

427 2293 474 2331 de
511 2292 601 2330 visu
643 2289 961 2335 forestariorum,
993 2287 1290 2332 viridariorum,
1328 2285 1643 2334 regardatorum,
1675 2286 1714 2321 et
1748 2283 1795 2321 de
1834 2282 2023 2321 omnibus
2063 2295 2138 2332 que

427 2355 476 2393 ad
525 2353 768 2398 forestarios,
812 2350 1037 2395 viridarios‚
1083 2349 1146 2387 vel
1197 2347 1472 2397 regardatores
1529 2345 1591 2384 vel
1639 2346 1689 2383 ad
1738 2358 1877 2383 eorum
1929 2344 2138 2382 ministros

427 2416 631 2466 pertinent
685 2415 727 2452 in
780 2414 860 2451 hiis
916 2426 992 2463 que
1048 2412 1098 2450 ad
1147 2414 1310 2449 vastum
1366 2409 1429 2447 vel
1482 2408 1697 2457 regardum
1754 2407 1973 2456 pertinent,
2029 2406 2139 2445 salva

427 2479 544 2518 nobis
592 2481 630 2517 et
676 2476 889 2515 heredibus
937 2475 1087 2513 nostris
1134 2472 1351 2511 venatione
1399 2474 1538 2509 nostra
1585 2470 1627 2508 in
1675 2470 1854 2519 predicta
1901 2481 2014 2507 mora
2063 2481 2139 2518 que

427 2544 592 2581 vocatur
648 2537 998 2583 Taneberimose‚†
1057 2538 1096 2574 et
1153 2534 1274 2573 salvis
1331 2532 1446 2571 nobis
1502 2532 1580 2570 hiis
1637 2545 1713 2581 que
1769 2531 1818 2569 ad
1881 2530 2138 2569 venationem

428 2607 608 2643 nostram
646 2602 862 2652 pertinent,
915 2599 1018 2638 sicut
1056 2597 1215 2648 plenius
1254 2597 1296 2634 in
1336 2599 1446 2634 carta
1485 2598 1637 2640 nostra,
1674 2606 1795 2644 quam
1835 2593 1891 2631 eis
1930 2593 2022 2630 inde
2056 2592 2139 2631 fieri

428 2667 609 2705 fecimus.
690 2665 747 2702 Et
794 2663 882 2701 ideo
945 2660 1058 2700 vobis
1113 2659 1356 2697 mandamus
1410 2657 1516 2707 quod
1570 2659 1724 2695 cartam
1780 2655 1910 2705 ipsam
1964 2655 2042 2704 legi
2101 2658 2139 2693 et

427 2729 632 2767 libertates
679 2727 722 2765 in
769 2739 814 2764 ea
860 2726 1072 2763 contentas
1119 2722 1175 2761 eis
1223 2720 1350 2760 teneri
1400 2719 1571 2766 faciatis,
1621 2719 1726 2757 sicut
1780 2717 2007 2768 predictum
2064 2720 2137 2756 est.

430 2792 547 2830 Teste
585 2802 675 2839 rege
713 2791 759 2827 ut
799 2800 931 2838 supra.

536 2881 592 2917 De
629 2879 830 2928 quercubus
868 2872 1282 2913 datis.-Mandatum
1321 2873 1380 2909 est
1419 2869 1588 2920 Hugoni
1626 2869 1673 2907 de
1712 2870 1810 2918 Log’
1847 2868 1952 2919 quod
1992 2866 2137 2905 habere

429 2942 550 2981 faciat
588 2939 745 2979 custodi
782 2938 918 2988 pontis
949 2937 997 2975 de
1030 2935 1261 2974 Wichenor’
1298 2936 1377 2971 tres
1412 2945 1580 2983 quercus
1610 2931 1653 2969 in
1688 2930 1836 2969 foresta
1869 2931 1915 2968 de
1949 2929 2138 2974 Alrewas,

429 3006 478 3043 ad
517 3002 812 3052 reparationem
857 2999 1038 3050 ejusdem
1081 2997 1229 3047 pontiS.
1318 2995 1434 3033 Teste
1482 3007 1572 3044 rege
1617 2993 1725 3043 apud
1773 2991 2033 3044 Lycheffeld'‚
2074 3003 2137 3028 xv.

429 3067 492 3105 die
532 3063 794 3115 Septembris.

540 3156 616 3193 Pro
661 3154 852 3191 Walramo
906 3150 1108 3187 Teutonico
1157 3149 1201 3184 de
1248 3147 1418 3184 custodia
1463 3153 1557 3182 terre
1606 3151 1639 3182 et
1683 3145 1825 3181 heredis
1878 3142 2055 3189 Galfm‘di
2099 3142 2141 3176 de

431 3214 853 3255 Bachewm·th'.——Rex
903 3210 1100 3251 concessit
1146 3209 1353 3248 Walramo
1406 3206 1628 3246 Teutonico
1677 3204 1902 3244 custodiam
1948 3205 2050 3242 terre
2101 3204 2140 3240 et

430 3279 587 3318 heredis
626 3276 801 3317 Galfridi
838 3275 886 3313 de
924 3272 1206 3312 Bachewurth'
1246 3283 1338 3310 cum
1377 3269 1591 3317 maritagio
1629 3267 1808 3318 ejusdem
1855 3264 2025 3311 heredis,
2065 3276 2141 3314 que

455 3415 461 3418 .
732 3376 746 3391 *
766 3371 944 3404 Correoted
974 3369 1064 3401 from
1096 3369 1189 3399 ‘tria
1221 3367 1337 3398 fasta)
1603 3366 1619 3402 †
1639 3363 1694 3394 Sic
1718 3362 1753 3393 in
1778 3361 1851 3394 MS.

449 3420 464 3447 L*
503 3424 523 3448 ὲ
