2375 3587
177 356 321 401 1234.

169 423 228 462 [m.
259 419 329 460 23]

1053 224 1104 263 19
1147 218 1351 261 HENRY
1392 217 1473 258 ΠΙ.
2066 210 2117 251 19

416 426 622 466 occasione
689 424 760 462 illa
828 424 931 461 esset
999 416 1292 461 amerciandus,
1362 426 1435 451 nos
1505 409 1823 449 misericordiam
1897 406 2011 444 illam
2086 403 2121 443 ei

416 487 740 540 perdonavimus.
799 485 855 523 Et
903 483 990 521 ideo
1031 480 1144 520 vobis
1184 477 1426 517 mandamus
1465 473 1571 524 quod
1628 485 1721 511 eum
1789 469 1883 508 inde
1937 469 2119 517 quietum

417 564 500 591 esse
556 549 728 588 faciatis.
806 547 923 585 Teste
990 556 1080 593 rege
1150 540 1255 590 apud
1327 540 1522 577 Sanctum
1598 533 1819 578 Albanum,
1875 530 2000 581 xxvij.
2057 528 2120 567 die

417 611 668 653 Novembris.

524 719 602 755 Pro
646 716 829 753 Willelmo
871 715 914 750 ‹Ie
951 706 1355 749 Mastacle.-—Eodem
1405 702 1524 741 modo
1569 699 1808 739 mandatum
1862 700 1922 737 est
1972 695 2121 734 eisdem

416 794 488 832 pro
527 778 733 818 Willelmo
772 777 819 814 de
858 773 1056 813 Mastach.

531 886 605 922 Pro
636 883 806 930 Βαιῖιιζϊυ
829 882 921 930 filio
950 873 1446 916 Nieholma—Mandatum
1478 871 1537 908 est
1568 864 1795 907 vicecomiti
1827 863 1988 903 Sussex’
2020 860 2125 910 quod

418 948 466 986 de
503 945 685 986 custodia
722 942 994 982 maneriorum
1026 940 1072 977 (16
1103 935 1377 977 Chauvinton'
1414 936 1452 971 et
1489 932 1535 970 (16
1576 930 1785 973 1306116161,
1815 938 1891 975 que
1925 924 2126 963 Jordanus

419 1010 466 1048 de
507 1007 726 1049 Saukevill’
765 1005 897 1044 tenuit
936 1004 983 1041 de
1023 1002 1175 1040 honore
1214 999 1261 1036 (16
1294 996 1452 1047 Aquila,
1493 996 1532 1032 et
1572 1003 1743 1043 quorum
1783 987 1965 1027 custodia
1993 985 2128 1024 extitit

420 1073 462 1109 in
512 1084 636 1109 manu
688 1068 885 1119 Ederne,
938 1064 1143 1115 quondam
1196 1060 1331 1099 uxoris
1384 1055 1578 1097 Gileberti
1629 1054 1676 1091 de
1725 1051 1883 1101 Aquila,
1934 1061 1978 1087 eo
2023 1047 2127 1097 quod

421 1134 629 1173 servitium
668 1130 837 1182 predicti
876 1126 1046 1167 Jordani
1093 1126 1141 1163 de
1178 1122 1371 1162 maneriis
1414 1117 1602 1169 predictis
1644 1114 1900 1164 assignatum
1940 1110 2018 1148 fuit
2052 1108 2128 1158 ipsi

421 1196 591 1235 Edeline
637 1193 802 1233 nomine
845 1191 963 1236 dotis,
1004 1192 1043 1227 et
1090 1200 1165 1237 que
1213 1183 1396 1224 custodia
1433 1182 1516 1232 jam
1556 1179 1603 1217 ad
1644 1190 1716 1216 nos
1761 1187 1918 1214 reversa
1957 1168 2015 1210 est
2062 1183 2130 1219 per

421 1261 595 1297 mortem
634 1256 760 1306 ipsius
791 1254 1000 1304 Edelyne3
1044 1251 1190 1288 dilecto
1221 1250 1260 1286 et
1292 1245 1401 1284 fideli
1435 1245 1573 1282 nostro
1606 1238 1782 1279 Radulfo
1816 1237 1900 1274 filio
1930 1233 2128 1277 Nicholai‚

423 1319 642 1360 senescallo
681 1320 833 1363 nostro,
874 1315 942 1366 qui
977 1312 1100 1351 habet
1138 1312 1185 1349 de
1225 1307 1483 1348 concessione
1516 1306 1656 1342 nostra
1694 1299 1922 1340 custodiam
1961 1299 2062 1335 terre
2093 1296 2132 1331 et

424 1382 581 1422 heredis
612 1379 781 1431 predicti
819 1377 1000 1423 Jordani,
1034 1375 1197 1425 plenam
1237 1371 1429 1410 seisinam
1468 1366 1613 1405 habere
1651 1363 1790 1402 facias.
1887 1360 2004 1398 Teste
2042 1368 2132 1407 rege

425 1445 531 1495 apud
571 1444 769 1483 Sanctum
808 1440 1026 1485 Albanum,
1067 1437 1191 1487 xxvij.
1233 1435 1296 1473 die
1336 1429 1588 1471 Novembris.

534 1549 675 1587 Insula.
727 1547 805 1583 Pro
846 1545 1007 1582 Hic-ardo
1055 1542 1195 1579 sicario
1244 1538 1387 1576 ecclesie
1434 1537 1571 1573 sancte
1618 1532 1747 1568 illari&
1797 1531 1838 1566 de
1892 1525 2135 1565 Sera—Rex

427 1611 584 1651 custodi
613 1609 840 1647 insularum
879 1618 1044 1644 suarum
1083 1604 1130 1641 de
1171 1600 1336 1640 Gernes7
1368 1600 1408 1636 et
1437 1596 1610 1635 aliarum
1640 1593 1868 1631 insularum
1898 1600 2062 1627 suarum
2093 1586 2134 1623 in

428 1673 610 1723 partibus
648 1668 897 1709 Normannie
936 1667 1123 1705 salutem.
1202 1661 1347 1703 Sciatis
1388 1659 1493 1709 quod
1532 1654 1803 1696 concessimus
1839 1652 1986 1690 dilecto
2019 1648 2135 1687 nobis

430 1738 471 1774 in
512 1735 672 1774 Christo
705 1731 891 1777 Ricardo,
931 1729 1080 1768 vicario
1118 1725 1282 1766 ecclesie
1322 1724 1470 1763 Sancte
1508 1719 1635 1758 Marie
1683 1717 1729 1754 (16
1780 1716 1885 1761 Sere,
1936 1712 2041 1763 quod
2089 1711 2136 1748 de

430 1802 560 1837 cetero
607 1797 892 1846 inperpetuum
940 1791 1159 1830 reddantur
1201 1786 1353 1826 decime
1401 1784 1448 1822 de
1495 1782 1704 1830 camparto
1741 1781 1880 1816 nostro
1918 1776 1960 1813 in
1999 1774 2137 1812 eadem

431 1861 565 1900 insula
602 1859 766 1899 ecclesie
804 1855 1018 1896 antedicte.
1101 1852 1158 1892 Et
1208 1850 1297 1888 ideo
1349 1846 1461 1886 vobis
1511 1843 1755 1883 mandamus
1808 1839 1913 1890 quod
1963 1837 2138 1876 decimas

432 1923 635 1975 plenarias
673 1923 720 1960 de
758 1922 965 1969 camparto
1015 1919 1154 1955 nostro
1205 1913 1246 1950 in
1297 1910 1432 1949 insula
1475 1906 1653 1958 predicta
1705 1903 1869 1943 ecclesie
1919 1904 2139 1938 memorate

431 1987 541 2025 reddi
579 1986 626 2023 de
660 1987 790 2024 cetero
829 1980 999 2020 faciatis.
1076 1979 1194 2016 Teste
1232 1987 1323 2024 rege
1362 1971 1468 2022 apud
1508 1970 1706 2009 Sanctum
1745 1964 1964 2010 Albanum,
2007 1961 2130 2011 xxvij.

431 2049 494 2088 die
528 2046 779 2087 Novembris.

548 2154 599 2190 De
648 2153 755 2189 terris
805 2164 871 2200 que
911 2154 1068 2190 suerunt
1110 2144 1273 2183 Simonis
1321 2142 1352 2178 le
1396 2135 1721 2186 B11›·9egss.——-Rex
1756 2129 2056 2172 constabulario
2095 2128 2142 2166 de

433 2216 622 2255 Pevenes’
672 2214 858 2252 salutem.
945 2210 1048 2257 Quia
1095 2207 1303 2246 Johannes
1351 2201 1537 2240 Blundus
1585 2197 1738 2237 curiam
1779 2196 1958 2232 nostram
1998 2191 2142 2230 fefellit

435 2279 536 2317 falso
602 2276 850 2326 suggerendo
908 2273 1014 2323 quod
1075 2267 1385 2318 desponsaverat
1444 2261 1629 2306 Aliciam,
1690 2258 1855 2296 unicam
1915 2254 2041 2293 filiam
2104 2258 2142 2291 et

436 2340 624 2379 heredem
680 2338 860 2378 Simonis
909 2336 945 2373 le
997 2332 1180 2382 Burgeis‚
1232 2332 1271 2368 et
1319 2328 1377 2365 ita
1425 2323 1700 2363 fraudulenter
1738 2318 1957 2369 optinendo
1987 2317 2143 2355 litteras

437 2406 596 2442 nostras
635 2402 681 2440 de
717 2400 866 2439 seisina
900 2398 976 2436 sibi
1014 2399 1052 2435 et
1090 2393 1206 2433 uxori
1244 2404 1313 2430 sue
1351 2387 1535 2427 facienda
1576 2385 1623 2423 de
1661 2382 1852 2422 omnibus
1891 2379 2007 2418 terris
2044 2391 2143 2428 quas

438 2466 642 2515 predictus
698 2463 841 2503 Simon
894 2460 1024 2499 tenuit
1075 2458 1122 2495 de
1174 2457 1313 2494 nostra
1366 2448 1591 2489 castellaria
1639 2444 1809 2495 predicti
1860 2441 1993 2487 castri,
2052 2453 2142 2479 cum

438 2528 642 2578 predictus
684 2526 839 2570 Simon,
880 2526 924 2561 ut
962 2521 1122 2566 dicitur,
1153 2516 1356 2569 quandam
1396 2512 1519 2551 aliam
1557 2509 1685 2548 filiam
1724 2506 1891 2545 haberet
1930 2504 1976 2542 de
2014 2503 2145 2553 prima

438 2602 561 2628 uxore
600 2602 671 2627 sua
709 2590 748 2626 et
787 2586 945 2625 tertiam
976 2584 1023 2622 de
1054 2580 1224 2621 Isabella
1261 2577 1404 2616 ultima
1437 2586 1558 2612 uxore
1597 2584 1681 2616 sua⁷
1717 2582 1809 2608 611111
1849 2567 1972 2606 etiam
2006 2565 2144 2604 eadem

441 2652 615 2691 Isabella
642 2651 884 2700 inpregnata
916 2648 967 2686 sit
1001 2647 1048 2684 de
1079 2645 1169 2683 vivo
1203 2641 1362 2680 infante
1391 2638 1438 2676 de
1473 2636 1588 2685 cujus
1623 2646 1719 2672 sexu
1750 2631 1883 2670 adhuc
1914 2629 2143 2678 ignoratum

439 2714 512 2753 tibi
561 2713 805 2764 precipimus
856 2709 962 2760 quod
1018 2710 1145 2746 totam
1203 2707 1352 2743 terram
1409 2698 1632 2749 predictam
1690 2693 1823 2743 capias
1876 2692 1918 2729 in
1977 2701 2145 2727 manum

440 2780 620 2815 nostram
659 2778 697 2813 et
731 2774 840 2812 salvo
875 2770 1078 2811 custodias
1110 2768 1236 2806 donec
1266 2764 1442 2803 sciamus
1479 2759 1548 2809 qui
1586 2757 1737 2795 fuerint
1776 2753 1942 2792 heredes
1980 2750 2147 2801 predicti

443 2838 623 2879 Simonis
661 2840 700 2876 et
739 2836 848 2875 aliud
886 2834 978 2872 inde
1017 2830 1299 2882 precipiamus,
1332 2825 1441 2864 salva
1471 2826 1607 2861 tamen
1641 2818 1818 2869 predicte
1848 2815 2018 2854 Isabelle
2056 2813 2147 2852 dote

442 2914 513 2940 sua
551 2913 627 2951 que
660 2899 696 2938 61
729 2898 935 2947 assignata
973 2898 1032 2934 est
1071 2894 1118 2931 de
1156 2895 1262 2930 terra
1294 2886 1486 2939 predicta.
1563 2883 1679 2920 Teste
1715 2882 1759 2918 ut
1799 2890 1931 2927 supra.

551 3006 607 3042 De
641 3005 740 3041 tura-17
778 3004 820 3039 (Ie
873 3001 968 3049 Corf
1011 2990 1543 3047 repammm—Mandatum
1595 2988 1654 3024 est
1704 2982 1850 3022 ballivo
1904 2980 2049 3018 foreste
2102 2979 2148 3016 de

444 3066 671 3106 Blakemor’
704 3065 809 3114 quod
839 3076 908 3113 per
937 3062 1069 3101 visum
1099 3062 1138 3098 et
1168 3053 1448 3096 testimonium
1467 3047 1750 3089 viridariorum
1781 3047 1820 3082 et
1848 3041 2149 3081 forestariorum

444 3130 491 3167 de
529 3127 650 3166 ballia
689 3139 760 3164 sua
802 3129 841 3164 et
880 3137 949 3174 per
986 3121 1142 3162 talliam
1187 3119 1294 3156 inter
1341 3114 1406 3154 te²²¹³
1444 3114 1483 3150 et
1522 3110 1629 3159 ipsos
1672 3108 1764 3145 inde
1807 3105 1971 3149 factam,
2007 3101 2151 3140 habere

444 3190 566 3229 faciat
625 3187 921 3227 constabulario
977 3185 1025 3223 de
1072 3182 1167 3222 Corf
1217 3177 1482 3218 maeremium
1534 3175 1575 3212 in
1627 3171 1775 3209 foresta
1820 3166 1868 3204 de
1923 3163 2150 3202 Blakemor’

446 3253 496 3290 ad
534 3251 680 3290 turrim
717 3250 766 3288 de
805 3249 900 3288 Corf
937 3245 1202 3296 reparandam
1241 3245 1279 3280 et
1322 3240 1371 3278 ad
1410 3239 1510 3277 alias
1548 3232 1801 3286 operationes
1840 3227 1943 3276 regis
1980 3238 2078 3275 quas
2117 3225 2151 3262 ei

447 3313 626 3365 injunxit
664 3311 882 3350 faciendas.
959 3309 1076 3347 Teste
1114 3318 1205 3355 rege
1244 3306 1288 3341 ut
1327 3313 1460 3350 supra.

1178 3409 1192 3423 *
1218 3404 1272 3435 Sic
1296 3403 1331 3432 in
1357 3400 1432 3433 MS.
