2375 3587
139 326 283 374 1235.

145 394 206 433 [m.
232 389 303 431 23.]

1023 180 1078 220 20
1119 176 1326 219 HENRY
1361 175 1443 217 III.
1998 169 2080 209 211

487 398 567 434 Pro
605 397 770 444 Huyone
810 391 1208 431 natanaelem-Rex
1237 402 1306 440 per
1339 391 1492 427 cartam
1531 399 1645 425 suam
1684 383 1880 424 concessit
1917 380 2085 431 Hugoni

379 459 630 498 Talemasch’
669 458 775 508 quod
814 459 962 495 terram
1009 467 1123 494 suam
1168 453 1211 491 in
1250 451 1472 501 Benetleg‘,
1512 450 1559 487 de
1596 461 1675 498 qua
1711 460 1779 485 rex
1817 444 2000 495 exigebat
2036 442 2084 481 ab

379 535 424 561 eo
473 521 682 560 servitium
732 521 759 571 j.
814 518 971 565 militis,
1021 518 1201 556 decetero
1252 516 1418 553 teneant
1468 513 1553 562 ipse
1601 513 1639 549 et
1688 509 1851 548 heredes
1904 507 1965 546 sui
2014 518 2084 556 per

380 583 589 623 servitium
639 582 745 621 feodi
793 580 951 620 dimidii
1002 579 1160 618 militis.
1258 577 1315 615 Et
1365 574 1606 613 mandatum
1658 575 1719 611 est
1767 570 1984 609 baronibus
2036 568 2084 606 de

383 645 590 686 Scaccario
634 645 738 695 quod
787 644 863 682 hoc
910 642 969 682 ita
1012 641 1098 680 fieri
1142 644 1182 678 et
1227 637 1452 684 inrotnIari,
1493 639 1532 675 et
1570 636 1617 673 de
1659 633 1883 682 arreragiis,
1921 644 1997 682 que
2035 629 2085 669 ab

381 709 519 748 eodem
551 708 726 757 Hugone
756 706 923 755 exigunt
952 717 1022 755 per
1050 701 1413 743 summonitionem
1445 697 1643 739 Scaccarii
1672 695 1879 736 occasione
1907 693 2086 744 predicta

383 773 515 822 ipsum
555 770 772 820 Hugonem
811 767 993 818 quietum
1033 778 1119 805 esse
1157 764 1321 803 faciant.
1399 762 1517 800 Teste
1554 762 1600 799 ut
1638 771 1772 808 supra.

492 859 571 896 Pro
626 858 799 895 Get-ardo
851 851 1319 903 &heym—Mandatum
1370 852 1431 887 est
1481 845 1708 886 vicecomiti
1760 843 1933 883 Eboraci
1982 841 2087 892 quod

383 920 578 972 quamdiu
621 917 822 957 Gerardus
867 916 1038 967 Selveyn
1081 913 1204 952 fuerit
1246 924 1352 950 unus
1394 911 1677 950 coronatorum
1727 905 1832 955 regis
1872 903 2088 944 comitatus

385 982 448 1023 sui
493 982 627 1031 ipsum
674 992 756 1018 non
803 980 927 1028 ponat
974 977 1017 1015 in
1059 974 1217 1027 juratis,
1256 972 1392 1012 assisis
1434 972 1497 1011 vel
1540 967 1895 1020 recognitionibus.
1972 965 2089 1004 Teste

384 1058 476 1096 rege
513 1043 620 1094 apud
657 1042 787 1088 Coln’,
825 1040 940 1091 xxiij.
979 1039 1043 1077 die
1081 1035 1333 1077 Novembris.

495 1134 573 1171 Pro
611 1131 784 1169 Gerardo
817 1130 860 1165 de
899 1123 1395 1175 illudebas—Mandatum
1428 1123 1488 1160 est
1518 1118 1754 1172 justiciariis
1785 1117 1834 1155 ad
1864 1115 2089 1155 custodiam

387 1195 610 1234 Judeorum
641 1190 859 1241 assignatis
889 1188 994 1239 quod
1026 1187 1227 1238 loquelam
1259 1198 1335 1236 que
1373 1186 1433 1222 est
1471 1195 1607 1222 coram
1640 1180 1696 1219 eis
1730 1179 1834 1217 inter
1866 1177 2092 1217 Gerardum

388 1259 436 1297 de
483 1254 695 1301 Wildebof‚
742 1253 812 1303 qui
857 1250 1075 1301 languidus
1122 1251 1195 1295 est,
1246 1251 1292 1286 ut
1337 1245 1498 1292 dicitur,
1547 1247 1587 1282 et
1634 1241 1900 1281 Benedictum
1961 1239 2093 1277 filium

391 1318 604 1364 Samuelis,
645 1316 820 1355 ‚Judeum
854 1312 1079 1357 Bedeford’‚
1120 1311 1167 1349 de
1214 1309 1349 1348 debito
1391 1308 1497 1359 quod
1544 1306 1651 1344 idem
1690 1304 1844 1343 Judeus
1882 1301 2006 1351 exigit
2045 1300 2094 1339 ab

389 1395 447 1430 eo,
485 1382 641 1432 ponant
686 1378 730 1416 in
777 1378 1012 1427 respectum·
1050 1386 1176 1424 usque
1225 1373 1266 1410 in
1314 1384 1378 1410 xv.
1427 1370 1513 1408 dies
1561 1381 1584 1407 a
1629 1367 1692 1406 die
1742 1365 1882 1405 Sancti
1930 1363 2095 1403 Hillarii

388 1457 496 1484 anno
533 1445 609 1482 etc.
649 1454 714 1480 xx.
792 1440 910 1478 Teste
948 1440 995 1476 ut
1031 1436 1138 1486 apud
1177 1435 1303 1486 Reyn’
1343 1433 1456 1484 xxiij.
1494 1431 1557 1470 die
1597 1428 1846 1469 Novembris.

500 1533 579 1569 Pro
629 1530 759 1578 priore
793 1529 837 1564 de
876 1523 1337 1574 Suu-yc'.-Mandatum
1375 1524 1436 1559 est
1474 1517 1698 1558 vicecomiti
1739 1514 1955 1564 Suhampt’
1990 1513 2096 1563 quod

392 1592 634 1633 demandam
690 1601 813 1639 quam
870 1586 968 1625 facit
1023 1585 1147 1635 priori
1203 1583 1251 1622 de
1303 1581 1448 1622 Suwic’
1505 1580 1553 1618 de
1617 1576 1821 1629 pannagio
1888 1575 2097 1614 occasione

392 1652 653 1706 agistamenti
686 1651 831 1690 foreste
868 1648 972 1699 regis
1011 1647 1058 1685 de
1096 1646 1135 1684 la
1173 1646 1287 1692 Bere,
1329 1643 1434 1694 quod
1481 1641 1645 1693 quidem
1691 1637 1942 1690 pannagium
1989 1636 2097 1674 idem

394 1718 503 1770 prior
527 1719 566 1755 et
593 1714 887 1766 predecessores
917 1710 979 1749 sui
1008 1721 1219 1759 nunquam
1247 1707 1340 1745 dare
1370 1705 1680 1749 consueverunt,
1710 1704 1754 1739 ut
1783 1699 1944 1745 dicitur,
1974 1700 2099 1748 ponat

395 1782 438 1820 in
475 1781 702 1830 respectum
740 1786 947 1826 quousque
984 1785 1052 1810 rex
1091 1770 1201 1809 aliud
1246 1769 1338 1807 inde
1376 1766 1609 1818 preceperit,
1650 1767 1689 1803 et
1727 1762 1862 1801 averia
1900 1774 1984 1807 sua,
2025 1773 2101 1809 que

396 1856 441 1882 ea
479 1841 686 1881 occasione
724 1836 842 1887 cepit,
874 1835 911 1874 ei
949 1833 1115 1872 interim
1146 1831 1257 1871 reddi
1291 1830 1427 1870 faciat.
1486 1829 1604 1867 Teste
1637 1838 1728 1875 rege
1762 1827 1807 1863 ut
1837 1835 1959 1873 supra
1997 1822 2103 1871 apud

397 1905 587 1956 Wyham,
626 1914 717 1940 xxv.
758 1899 821 1937 die
860 1895 1112 1936 Novembris.

507 1993 585 2030 Pro
634 1989 779 2027 vicario
828 1988 870 2023 de
926 1980 1398 2033 Wyham.—Mandatum
1449 1981 1510 2017 est
1563 1974 1744 2015 Johanni
1801 1973 1848 2011 de
1900 1972 2104 2011 Colemere

398 2055 504 2107 quod
542 2052 665 2092 faciat
703 2049 850 2089 habere
887 2046 1037 2087 vicario
1076 2045 1123 2083 (16
1159 2044 1335 2094 Wyham
1383 2053 1513 2080 unum
1552 2038 1706 2078 dolium
1744 2035 1829 2075 vini
1868 2035 1915 2074 de
1954 2036 2102 2084 empto,

399 2120 447 2157 de
484 2117 590 2156 dono
628 2113 745 2164 regis.
832 2110 951 2149 Teste
988 2110 1033 2147 ut
1073 2119 1204 2157 supra.

506 2194 749 2234 Mandatum
787 2193 847 2230 est
886 2188 1057 2228 Ricardo
1096 2187 1143 2225 de
1182 2183 1429 2224 Muntfichet
1466 2180 1572 2232 quod
1615 2179 1657 2217 in
1697 2178 1845 2217 balliva
1887 2189 1960 2216 sua
1997 2178 2109 2214 extra

400 2271 566 2311 parcum
611 2255 716 2306 regis
762 2254 810 2292 de
857 2250 1079 2300 Havering'
1128 2248 1251 2287 faciat
1301 2245 1450 2284 habere
1501 2242 1650 2282 vicario
1701 2241 1748 2279 de
1800 2239 1989 2289 Wyham,
2039 2236 2108 2276 ubi

400 2319 651 2362 commodius
700 2317 749 2356 ad
800 2327 900 2365 opus
949 2324 1068 2352 suum
1117 2310 1203 2349 fieri
1252 2308 1414 2359 poterit,
1453 2305 1630 2357 quinque
1677 2302 1820 2341 robora
1871 2301 1920 2339 ad
1972 2300 2107 2339 focum

402 2396 536 2429 suum,
576 2381 623 2420 de
661 2379 766 2419 dono
804 2375 921 2426 regis.
1007 2374 1126 2412 Teste
1163 2375 1209 2410 ut
1248 2382 1381 2420 supra.

512 2471 570 2508 De
607 2467 727 2505 clamis
766 2460 1180 2502 datis.-Mandatum
1226 2459 1285 2496 est
1324 2456 1362 2495 J.
1402 2455 1451 2493 de
1489 2451 1646 2499 NeviH’,
1689 2449 1912 2503 justiciario
1950 2449 2110 2494 foreste,

404 2533 510 2586 quod
556 2529 701 2569 habere
748 2526 870 2566 faciat
919 2523 1096 2563 Gerardo
1143 2521 1190 2559 de
1239 2517 1459 2558 Furnivall⁷
1499 2516 1599 2555 duas
1637 2515 1777 2553 damas
1824 2513 1866 2550 in
1914 2511 2112 2550 forinseco

405 2596 524 2636 bosco
561 2593 609 2631 de
640 2586 887 2641 Geytinton’,
923 2586 970 2624 de
1009 2586 1114 2624 dono
1153 2582 1271 2633 regis.
1348 2580 1466 2619 Teste
1505 2590 1595 2628 rege
1634 2576 1741 2626 apud
1776 2574 1965 2625 Wyham,
2001 2572 2111 2622 xxvj.

407 2658 471 2698 die
509 2652 759 2696 Novembris.

514 2734 756 2774 Mandatum
793 2732 854 2769 est
891 2728 1020 2767 eidem
1056 2725 1162 2776 quod
1200 2722 1323 2761 faciat
1362 2720 1508 2759 habere
1542 2716 1722 2757 Johanni
1760 2716 1807 2754 de
1846 2715 1982 2764 Burgo
2017 2712 2115 2750 duas

409 2801 548 2839 damas
584 2797 627 2834 in
665 2794 863 2833 forinseco
901 2790 1020 2829 bosco
1057 2789 1105 2826 de
1144 2786 1279 2837 Clyve,
1320 2784 1367 2822 de
1406 2783 1511 2821 dono
1549 2780 1667 2830 regis.
1753 2779 1870 2817 Teste
1903 2779 1949 2814 ut
1983 2787 2116 2824 supra.

519 2887 598 2923 Pro
627 2884 792 2921 domibus
830 2879 1052 2918 monialium
1090 2878 1133 2913 in
1162 2875 1342 2912 comitatu
1371 2867 1795 2909 Linon—Mandatum
1825 2866 1885 2902 est
1913 2861 2118 2901 Willelmo

412 2947 573 2988 Britoni
610 2947 649 2983 et
678 2944 833 2993 Rogero
871 2941 919 2979 de
948 2940 1086 2978 Essex’
1116 2936 1221 2987 quod
1258 2932 1465 2974 occasione
1503 2929 1686 2969 mandati
1724 2926 1828 2977 regis
1856 2924 1962 2975 quod
1999 2935 2119 2973 penes

414 3023 481 3050 eos
518 3007 669 3046 habent
717 3005 765 3043 de
811 3002 983 3053 petendo
1030 2998 1180 3038 auxilio
1228 2996 1278 3034 ad
1326 3006 1426 3044 opus
1474 2992 1578 3042 regis
1626 3003 1649 3029 a
1695 2989 1791 3029 viris
1839 2984 2035 3035 religiosis
2077 2983 2120 3021 in

414 3071 611 3113 comitatu
667 3066 782 3105 Linc’
840 3065 887 3103 de
951 3060 1139 3102 domibus
1203 3056 1401 3107 religiosis
1461 3052 1710 3103 subscriptis,
1767 3048 1926 3088 nullum
1982 3047 2122 3096 petant

416 3133 626 3177 auxilium,
664 3127 849 3168 videlicet
867 3125 982 3164 2—de
1028 3124 1149 3161 domo
1203 3118 1342 3160 Sancti
1392 3115 1603 3155 Michaelis
1653 3116 1765 3153 extra
1819 3109 2035 3153 Stanford’‚
2074 3107 2123 3144 de

416 3198 535 3236 domo
572 3194 620 3232 de
658 3189 908 3234 Lekeburne‚
948 3187 996 3225 de
1028 3185 1148 3223 domo
1185 3183 1233 3221 de
1273 3179 1514 3224 Grenefend,
1554 3177 1601 3215 de
1638 3176 1757 3214 domo
1794 3173 1842 3211 (16
1889 3173 2035 3216 Cotun,
2075 3169 2123 3206 de

416 3260 537 3298 domo
585 3252 726 3295 Sancti
772 3247 974 3289 Leonardi
1020 3249 1133 3286 extra
1180 3242 1408 3293 Grimesby.
1497 3238 1696 3278 Dominus
1739 3237 1876 3274 autem
1922 3245 1990 3270 rex
2036 3231 2125 3269 vult

418 3322 558 3360 domos
606 3314 805 3367 predictas
851 3312 899 3350 de
945 3309 1124 3360 predicto
1171 3306 1321 3346 auxilio
1358 3316 1444 3343 esse
1480 3301 1651 3352 quietas.
1737 3297 1853 3336 Teste
1890 3306 1980 3344 rege
2019 3291 2123 3343 apud

420 3381 590 3425 Writel’‚
630 3377 754 3427 xxvij.
795 3375 858 3413 die
896 3370 1150 3413 Novembris.
