2375 3587
1196 221 1380 266 GLosE
1421 223 1624 267 ROLLS.

672 418 731 454 De
773 420 867 456 vinis
908 421 1061 456 rech-atis
1100 422 1148 455 ad
1195 434 1286 467 opus
1340 420 1565 467 reaia—De
1603 419 1707 457 vinis
1752 419 1912 469 quidem
1963 417 2146 464 reckatis‚
2186 431 2261 468 que

565 493 694 529 nuper
750 484 947 518 venerunt
996 481 1191 526 London',
1261 481 1365 520 sicut
1436 481 1518 530 regi
1574 481 1681 519 idem
1738 481 1946 519 Johannes
2003 480 2259 530 significavit,

561 542 723 581 retineri
758 543 879 581 faciat
917 544 965 581 ad
1000 556 1098 592 opus
1138 544 1240 592 regis
1280 558 1316 581 x.
1366 543 1474 582 dolia
1518 543 1602 582 vini
1655 544 1840 592 ponenda
1888 543 1930 580 in
1971 542 2117 582 celario
2158 542 2260 591 regis

559 605 664 654 apud
704 606 1123 643 westmonasterium„
1200 606 1288 643 Non
1327 606 1414 644 vult
1453 605 1574 643 etiam
1614 618 1682 644 rex
1720 606 1769 643 ad
1812 618 1973 655 presens
2022 605 2127 654 quod
2165 604 2260 642 vina

558 667 692 716 aliqua
729 667 948 705 mittantur
985 680 1108 716 usque
1147 667 1339 705 Windles’
1379 680 1451 705 nec
1490 681 1613 717 usque
1652 667 1860 717 Kenyton’,
1893 680 1965 705 nec
1995 667 2129 716 aliqua
2167 666 2260 705 vina

559 732 763 777 ponantur
801 729 907 777 apud
947 729 1106 766 Turrim
1140 729 1337 767 London'.
1403 729 1520 767 Teste
1560 733 1605 767 ut
1644 742 1775 778 supra.

668 842 721 877 De
764 848 928 877 attractu
978 849 1010 877 et
1053 843 1265 889 provisione
1312 843 1360 877 ad
1404 849 1552 889 partam
1602 843 1718 878 castri
1770 843 1960 878 H'i'mom'e
1996 843 2259 889 Jhciencliffi-

558 902 641 940 Rex
675 902 899 940 vicecomiti
941 903 1057 940 Suht'
1097 902 1282 940 salutem.
1361 903 1472 941 Scias
1511 903 1615 953 quod
1645 903 1831 941 volumus
1861 903 1965 952 quod
1993 902 2260 952 quadraginta

557 968 596 1002 et
636 977 715 1002 una
752 964 863 1010 libre,
903 964 972 1014 xij.
1013 965 1129 1003 solidi
1168 968 1207 1002 et
1247 965 1330 1014 viij.
1369 965 1521 1003 denarii
1559 979 1658 1015 quos
1697 965 1879 1014 recepisti
1919 978 1941 1002 a
1978 964 2259 1003 collectoribus

557 1026 696 1064 auxilii
728 1027 854 1064 nostri
885 1026 998 1064 nobis
1025 1027 1200 1065 concessi
1231 1027 1271 1064 in
1302 1027 1497 1065 comitatu
1528 1031 1597 1065 tuo
1632 1028 1876 1077 deputentur
1907 1027 1955 1065 ad
1984 1027 2257 1076 operationem

556 1092 668 1137 porte
709 1091 843 1126 nostre
882 1089 929 1126 de
967 1092 1098 1127 castro
1137 1092 1274 1127 nostro
1313 1089 1533 1135 Wintonie⁷
1573 1093 1610 1127 et
1649 1089 1754 1138 quod
1807 1089 1898 1126 inde
1948 1089 2018 1126 fiat
2061 1090 2258 1126 attractus

557 1154 596 1188 et
649 1151 821 1200 provisio
874 1164 942 1199 per
993 1151 1206 1189 consilium
1264 1151 1449 1200 lxlagistri
1503 1152 1603 1201 Elye
1661 1152 1707 1189 de
1755 1151 1933 1189 Derham
1972 1154 2011 1189 et
2050 1150 2179 1188 visum
2220 1154 2258 1188 et

557 1213 836 1250 testimonium
885 1213 1069 1251 Nicholai
1121 1213 1328 1262 Kniping'.
1402 1213 1456 1250 Et
1509 1213 1597 1251 ideo
1648 1213 1719 1251 tibi
1771 1213 1966 1262 precipias
2018 1213 2100 1263 (sie)
2153 1212 2255 1261 quod

555 1275 738 1312 denarios
776 1274 972 1323 predictos
1011 1275 1059 1312 ad
1098 1275 1173 1313 hoc
1212 1275 1384 1312 retineas
1423 1279 1461 1312 et
1506 1288 1574 1323 per
1612 1275 1826 1313 consilium
1866 1274 2040 1323 predicte
2080 1274 2180 1324 Elye
2218 1277 2258 1312 et

555 1337 686 1375 visum
725 1337 909 1375 Nicholai
948 1340 1166 1375 attractum
1205 1341 1243 1375 et
1282 1337 1552 1386 provisionem
1592 1337 1676 1375 fieri
1726 1337 1848 1375 facias
1897 1337 1945 1374 ad
1983 1336 2256 1386 operationem

555 1400 787 1448 predictam,
823 1399 924 1437 sicut
963 1399 1200 1448 predictum.
1289 1400 1404 1437 Teste
1440 1412 1528 1448 rege
1563 1403 1607 1437 ut
1645 1413 1779 1449 supra.

662 1479 717 1516 Et
762 1479 1000 1516 mandatum
1054 1482 1113 1517 est
1163 1479 1339 1528 predicto
1384 1479 1580 1526 Magistro
1628 1479 1728 1529 lsslye
1777 1479 1881 1528 quod
1930 1477 2058 1516 modis
2114 1476 2257 1527 quibus

554 1542 699 1590 poterit
731 1542 779 1579 ad
814 1542 887 1579 hoc
919 1542 1132 1580 consulens
1162 1555 1244 1579 csse
1276 1542 1370 1579 x‘elit
1400 1542 1447 1578 ad
1478 1541 1750 1590 operat-ionem
1782 1540 2001 1589 predictam
2033 1539 2255 1578 faciendam

555 1617 635 1641 una
672 1617 763 1642 cum
804 1604 997 1643 Nicholao
1037 1604 1240 1653 Kipping*⁷
1273 1617 1391 1653 quem
1423 1617 1489 1641 rex
1519 1603 1705 1642 similiter
1738 1603 1786 1641 ad
1816 1603 1891 1642 hoc
1920 1602 2006 1641 vult
2037 1602 2255 1640 intendere.

556 1666 673 1704 Teste
712 1670 756 1705 ut
795 1680 927 1716 supra.

661 1745 716 1784 Et
764 1746 1003 1783 mandatum
1051 1749 1111 1783 est
1159 1745 1336 1795 predicto
1394 1745 1587 1784 Nicholao
1643 1744 1747 1795 quod
1804 1743 1977 1793 predicte
2034 1742 2256 1792 operationi

554 1807 771 1857 diligenter
807 1807 1004 1846 intendat.
1063 1808 1179 1846 Teste
1218 1811 1262 1845 ut
1300 1821 1433 1856 supra.

664 1923 717 1958 De
762 1923 977 1969 prisanilms
1024 1923 1219 1958 variandis
1267 1923 1315 1957 ad
1361 1922 1527 1968 vrsi'cwlam
1578 1923 1619 1957 (le
1664 1920 2142 1968 Ncuqat’.——Mandatum
2196 1922 2255 1957 est

553 1984 686 2022 abbati
726 1984 772 2021 de
812 1983 1017 2021 waltham
1066 1984 1166 2032 quod
1218 1983 1449 2020 Johannem
1500 1982 1729 2027 Chanterel,
1779 1982 2030 2020 willelmum
2080 1980 2253 2019 Stockan

553 2050 591 2084 et
639 2046 909 2095 Reginaldum
959 2045 1235 2093 Thurghover,
1288 2047 1454 2083 rettatos
1502 2045 1549 2082 de
1598 2044 1810 2083 latrocinio
1858 2047 1897 2082 et
1944 2047 2072 2082 morte
2119 2043 2254 2081 Avicie

552 2121 627 2157 que
675 2108 752 2145 fuit
800 2120 898 2145 uxor
947 2106 1119 2144 Galfridi
1167 2106 1341 2151 Edwin',
1392 2110 1430 2144 et
1487 2119 1586 2155 quos
1641 2106 1794 2144 detinet
1851 2105 1892 2143 in
1950 2105 2113 2155 prisona
2169 2117 2254 2150 sua,

552 2170 757 2208 occasione
796 2168 992 2207 libertatis
1031 2182 1112 2214 sue,
1153 2169 1264 2207 salvo
1303 2168 1444 2207 cariari
1484 2181 1607 2218 usque
1639 2168 1824 2206 London'
1857 2171 1895 2206 et
1932 2167 2088 2207 custodi
2126 2166 2255 2216 gaiole

554 2232 655 2281 regis
695 2232 741 2269 de
781 2232 949 2280 Neugat'
990 2230 1148 2268 liberari
1188 2230 1323 2271 faciat,
1365 2230 1427 2268 cui
1468 2243 1534 2268 rex
1571 2230 1780 2268 mandavit
1824 2230 1927 2279 quod
1980 2242 2045 2268 eos
2090 2228 2255 2278 recipiat

552 2294 592 2331 in
633 2294 793 2343 prisona
833 2295 935 2342 regis
974 2292 1270 2331 custodiendos.
1329 2293 1446 2331 Teste
1486 2296 1529 2330 ut
1568 2306 1701 2342 supra.

658 2375 710 2410 Et
748 2373 985 2410 mandatum
1024 2375 1084 2410 est
1123 2372 1279 2410 custodi
1320 2372 1448 2421 gaiole
1488 2371 1663 2421 predicte
1702 2371 1807 2421 quod
1839 2371 2018 2421 prisones
2054 2371 2255 2420 predictos

552 2435 717 2484 recipiat
767 2441 805 2473 et
857 2435 966 2473 salvo
1014 2434 1214 2473 custodire
1263 2434 1383 2473 faciat
1430 2434 1555 2472 donec
1605 2447 1671 2472 rex
1719 2434 1827 2472 aliud
1877 2433 1968 2472 inde
2016 2433 2262 2483 preceperit.

553 2497 669 2535 Teste
708 2502 752 2535 ut
791 2510 923 2546 supra.

661 2603 869 2649 llybcrnz'a.
935 2602 1013 2637 Pro
1070 2602 1261 2637 homnibus
1317 2602 1358 2637 (Ie
1419 2601 1811 2638 Raliscwlan.-Rex
1867 2599 2063 2638 concessit
2121 2598 2256 2649 probis

551 2662 784 2702 hominibus
830 2662 912 2700 suis
956 2662 1003 2699 de
1041 2662 1282 2700 Ealiscadan
1330 2662 1435 2711 quod
1485 2675 1507 2699 a
1555 2662 1656 2700 festo
1706 2661 1844 2700 Sancti
1890 2661 2102 2699 Michaelis
2146 2674 2253 2700 anno

552 2730 625 2764 etc.
649 2739 713 2763 xx.
735 2737 859 2774 usque
879 2724 921 2761 in
952 2736 1079 2761 unum
1100 2736 1253 2762 annum
1276 2727 1439 2762 teneant
1460 2724 1686 2762 manerium
1708 2723 1811 2773 regis
1832 2723 1879 2761 de
1900 2723 2140 2762 Baliscadan
2159 2736 2251 2761 cum

552 2787 805 2836 pertinentiis
826 2786 874 2824 ad
894 2786 1066 2831 firmam,
1090 2785 1193 2824 sicut
1214 2786 1323 2834 prius
1344 2785 1444 2823 illud
1474 2788 1718 2830 tenuerunt:
1753 2788 1791 2823 et
1820 2785 1924 2835 quod
1945 2785 1993 2822 ad
2024 2785 2250 2823 instaurum

551 2850 731 2900 ejusdem
787 2848 958 2886 manerii
1014 2847 1260 2885 reddendum
1319 2861 1443 2897 usque
1501 2848 1549 2885 ad
1606 2848 1829 2897 predictum
1888 2846 2107 2885 terminum
2170 2860 2251 2885 non

551 2910 857 2959 distringantur.
918 2908 972 2946 Et
1013 2908 1253 2946 mandatum
1284 2913 1343 2946 est
1374 2908 1429 2945 M.
1461 2908 1545 2946 filio
1575 2908 1750 2955 Geroldi‚
1781 2907 2002 2958 justiciario
2032 2907 2253 2958 Hybernie,

551 2972 655 3022 quod
684 2972 791 3021 ipsos
822 2970 1009 3009 homines
1040 2971 1144 3019 regis
1182 2970 1404 3019 predictum
1439 2971 1664 3008 manerium
1698 2983 1790 3008 cum
1824 2969 2079 3018 pertinentiis
2119 2972 2251 3007 tenere

551 3035 600 3072 ad
634 3034 794 3071 firmam
832 3036 870 3070 et
908 3033 954 3070 de
994 3032 1172 3081 predicto
1212 3032 1394 3071 instauro
1432 3045 1570 3081 pacem
1608 3031 1753 3071 habere
1792 3031 2001 3081 permittat
2040 3044 2164 3080 usque
2202 3031 2251 3068 ad

551 3096 775 3146 predictum
806 3094 1039 3140 terminum,
1072 3094 1175 3133 sicut
1204 3095 1430 3144 predictum
1469 3098 1542 3135 est.
1599 3094 1715 3133 Teste
1753 3106 1844 3143 rege
1883 3093 1988 3142 apud
2027 3093 2253 3145 Merewell',

552 3158 647 3208 xxiij
688 3157 753 3195 die
790 3156 900 3195 Maii.

661 3264 716 3300 De
766 3262 947 3299 tradendo
998 3262 1037 3297 in
1087 3261 1422 3307 ballivum—Quia
1467 3273 1533 3299 rex
1581 3259 1780 3298 intellexit
1829 3271 1898 3308 per
1947 3258 2251 3308 inquisitionem

552 3325 704 3378 factam,
744 3374 746 3377 ι
757 3336 827 3372 per
883 3325 1115 3374 preceptum
1156 3323 1277 3375 ‘regis
1333 3322 1446 3382 quod!
1496 3321 1692 3375 Radulfus
1748 3321 1796 3359 de
1865 3320 2012 3370 Thorp’
2079 3320 2253 3370 appellat

553 3387 729 3425 Alanum
777 3385 908 3424 filium
935 3384 1074 3422 -Alani
1122 3384 1169 3422 de
1216 3384 1426 3430 Bukford’‚
1467 3388 1630 3433 captum
1678 3387 1718 3422 et
1764 3383 1974 3421 detentum
2013 3381 2053 3420 in
2094 3382 2254 3431 prisona
