2375 3587
203 358 346 404 1236.

208 425 266 463 [m⁴
290 422 355 462 13]

1090 233 1145 274 20
1186 229 1391 273 HENRY
1432 231 1514 272 ΙΠ.
2069 230 2149 270 261

554 429 632 464 Pro
663 436 774 476 ponte
811 430 855 465 (le
892 431 1024 467 &tanes
1061 428 1583 476 rvpmanaeln.*Mandatum
1620 431 1681 464 est
1713 425 1936 475 Reginaldo
1968 424 2016 462 de
2051 424 2152 462 Albo

445 490 701 536 Monasterio,
742 491 899 529 custodi
946 491 1094 529 foreste
1141 491 1188 528 de
1236 490 1429 535 Windes‘,
1469 489 1574 538 quod
1622 488 1743 526 faciat
1790 487 1935 526 habere
1978 486 2152 524 Radulfo

444 552 479 589 le
518 552 684 597 Punter,
726 553 882 590 custodi
930 552 1068 602 pontis
1117 553 1164 590 de
1215 553 1372 596 Stanes,
1421 551 1625 600 quandam
1674 563 1864 599 quercum
1913 549 1954 587 in
2003 549 2151 586 foresta

443 613 621 663 predicta
659 614 707 652 ad
746 614 1020 663 operationem
1059 614 1196 664 pontis
1235 614 1418 662 predicti.
1506 613 1621 650 Teste
1661 614 1705 648 ut
1744 625 1877 661 supra.

547 727 677 763 ζΤιαῖρί.
728 728 782 763 J’e
806 735 950 764 extenta
972 726 1471 775 ¹facienda.—Mandatum
1500 726 1560 762 est
1586 723 1820 774 justiciariis
1845 723 1893 761 ad
1926 722 2150 761 custodiam

444 786 664 825 Judeorum
716 788 932 837 assignatis
983 789 1088 837 quod
1141 801 1209 837 per
1257 790 1557 826 sacramentum
1606 785 1820 835 proborum
1873 787 1911 822 et
1959 783 2148 833 legalium

442 849 655 887 hominum
733 850 894 888 extendi
960 850 1111 888 faciant
1178 853 1325 887 terram
1393 848 1607 897 Reginaldi
1675 848 1721 885 de
1788 846 2011 891 Cornhull’,
2075 858 2150 894 que

441 915 501 949 est
540 912 703 950 vadium
745 912 875 950 Joscei
916 912 1148 957 Presbiteri,
1190 912 1304 950 Isaac
1343 911 1417 949 filii
1456 911 1556 961 ejus,
1598 910 1731 947 Aaron
1779 908 1941 953 Blandi,
1982 907 2152 957 Elyonis

442 973 578 1011 fratris
627 974 754 1023 ipsius
801 974 949 1019 Aaron,
1002 977 1041 1012 et
1090 974 1240 1012 Leonis
1289 972 1448 1023 nepotis
1496 972 1677 1023 ejusdem
1734 973 1880 1015 Aaron,
1930 970 2151 1007 Judeorum

441 1036 641 1081 London’,
677 1036 863 1075 videlicet
901 1040 1100 1086 quantum
1139 1037 1270 1075 valeat
1305 1049 1373 1085 per
1406 1047 1562 1073 annum
1594 1034 1632 1071 in
1669 1033 1883 1071 dominicis
1917 1031 2150 1077 redditibus,

442 1098 632 1143 serviciis,
691 1098 904 1147 vilenagiis
961 1101 999 1136 et
1056 1098 1245 1136 omnibus
1302 1098 1391 1135 aliis
1456 1096 1629 1135 exitibus
1698 1099 1813 1133 terre.
1906 1095 1974 1139 Et,
2048 1093 2153 1131 facta

441 1159 673 1197 extensione
709 1161 900 1209 predicta,
923 1160 1052 1198 eidem
1088 1160 1312 1208 Reginaldo
1345 1158 1626 1197 rationabilem
1662 1158 1783 1195 finem
1818 1160 1856 1194 et
1896 1154 2153 1194 rationabiles

442 1221 634 1260 terminos
674 1221 820 1260 habere
854 1223 1006 1260 faciant
1046 1222 1093 1259 ad
1133 1221 1267 1260 debita
1306 1222 1346 1259 111
1387 1220 1533 1270 quibus
1572 1219 1761 1269 predictis
1807 1218 1945 1256 Judeis
1993 1220 2152 1255 tenetur

442 1284 642 1322 reddenda
681 1285 902 1323 secundum
942 1285 1117 1323 valorem
1157 1284 1333 1334 predicte
1366 1287 1468 1322 terre
1505 1286 1544 1320 et
1575 1282 1847 1332 quantitatem
1883 1280 2152 1330 predictorum

441 1346 683 1393 debitorum,
723 1347 780 1384 ita
818 1347 923 1396 quod
964 1347 1127 1385 interim
1167 1350 1323 1385 cessent
1363 1359 1493 1383 usuro.
1555 1345 1671 1383 Teste
1711 1346 1755 1382 ut
1795 1356 1927 1392 supra.

554 1461 628 1496 pm
666 1461 793 1496 abbate
837 1459 1536 1497 ll'est'nonas-terion,cll—Mandatum
1576 1460 1636 1495 est
1674 1455 1854 1494 -Johanni
1900 1455 1947 1492 de
1993 1454 2149 1500 Nevill’,

441 1521 664 1570 justiciario
704 1522 863 1567 foreste,
913 1523 1018 1570 quod
1066 1535 1147 1559 non
1197 1521 1408 1570 permittat
1456 1520 1562 1569 quod
1610 1517 1809 1557 forestarii
1859 1517 1919 1554 sui
1969 1520 2113 1554 vexent
2128 1517 2152 1542 θ

442 1583 502 1621 vel
551 1583 806 1622 occasionent
853 1583 1041 1622 abbatem
1090 1583 1565 1621 Westmonasteriensem
1614 1581 1675 1619 vel
1723 1579 1908 1618 homines
1964 1592 2056 1617 suos
2110 1579 2150 1616 in

443 1645 558 1684 feodo
606 1659 678 1683 suo
725 1659 795 1694 pro
844 1649 951 1683 secta
999 1646 1225 1684 swaimnot'
1275 1649 1313 1683 et
1363 1658 1434 1694 pro
1483 1643 1783 1692 expeltamento
1830 1654 1992 1686 canum,
2046 1641 2151 1678 unde

442 1708 547 1745 idem
586 1707 708 1746 abbas
747 1708 1019 1758 quietanciam
1058 1707 1180 1746 habet
1219 1721 1288 1757 per
1325 1711 1478 1746 cartam
1518 1705 1635 1755 regis.
1712 1705 1829 1742 Teste
1867 1707 1912 1742 ut
1950 1716 2082 1751 supra.

553 1795 637 1833 Rex
685 1795 883 1833 concessit
930 1794 1065 1834 abbati
1113 1798 1153 1833 et
1213 1794 1425 1833 monachis
1481 1789 1988 1831 Westmonasteriensibus
2048 1791 2153 1840 quod

444 1857 519 1907 ipsi
568 1860 606 1895 et
654 1857 840 1896 homines
888 1857 949 1896 sui
999 1857 1122 1896 libere
1171 1861 1210 1896 et
1267 1857 1512 1895 sufficienter
1569 1855 1655 1894 sine
1711 1853 1890 1904 qualibet
1946 1853 2154 1891 occasione

445 1919 681 1970 chiminagii
720 1922 780 1959 vel
819 1920 987 1959 alterius
1026 1920 1309 1970 impedimenti
1359 1919 1522 1969 capiant
1569 1918 1617 1955 de
1660 1915 1846 1956 omnibus
1894 1914 2022 1954 boscis
2070 1915 2154 1954 suis

446 1983 493 2021 ad
552 1996 648 2021 usus
705 1995 797 2021 suos
854 1983 1051 2033 proprios,
1110 1983 1273 2033 quando
1330 1982 1545 2027 voluerint,
1604 1993 1677 2019 nec
1741 1982 1902 2029 propter
1970 1978 2045 2016 hoc
2112 1979 2153 2016 in

446 2045 697 2084 forisfactum
736 2045 784 2083 de
822 2048 934 2083 vasto
982 2045 1042 2085 vel
1091 2045 1364 2084 misericordia
1411 2047 1626 2094 ponantur.
1702 2042 1758 2080 Et
1805 2041 2046 2079 mandatum
2095 2045 2154 2079 est

446 2107 575 2146 eidem
626 2106 803 2145 Johanni
855 2107 961 2156 quod
1013 2107 1212 2157 predictos
1265 2106 1452 2145 abbatem
1501 2108 1540 2144 et
1597 2103 1816 2142 monachos
1873 2105 1912 2141 et
1969 2102 2154 2141 homines

446 2183 539 2208 suos
573 2169 616 2207 in
647 2168 795 2208 balliva
823 2182 895 2207 sua
927 2182 1008 2207 non
1044 2169 1270 2219 impediant
1308 2170 1390 2220 (sic)
1432 2181 1505 2206 1100
1545 2166 1729 2216 impediri
1766 2165 1977 2215 permittat
2014 2167 2155 2203 contra

447 2232 745 2270 concessionem
799 2232 902 2280 regis
955 2231 1178 2281 predictam
1229 2232 1327 2281 quin
1382 2231 1549 2280 predicti
1603 2227 1729 2266 abbas
1787 2231 1825 2266 et
1876 2226 2067 2265 monachi
2116 2230 2155 2265 et

447 2295 632 2333 homines
689 2295 751 2332 sui
808 2295 853 2332 de
910 2295 1154 2332 tenementis
1225 2307 1300 2344 que
1353 2294 1399 2331 de
1450 2293 1547 2342 ipsis
1601 2292 1741 2329 tenent
1807 2288 1929 2327 libere
1987 2291 2156 2326 utantur

447 2356 631 2395 libertate
672 2356 864 2405 predicta.
943 2357 1061 2394 Teste
1101 2360 1145 2395 ut
1185 2369 1317 2405 supra.

555 2436 639 2474 Rex
694 2448 763 2484 per
819 2438 973 2474 cartam
1023 2448 1137 2473 suam
1190 2434 1448 2474 confirmavit
1497 2432 1638 2471 abbati
1681 2434 1719 2470 et
1768 2429 1978 2469 monachis
2027 2431 2153 2468 West-

447 2496 835 2536 monasteriensibus
891 2497 1089 2547 quasdam
1156 2496 1363 2536 libertates
1423 2499 1461 2534 et
1527 2493 1778 2545 quietancias
1843 2492 1953 2542 prius
2020 2492 2076 2530 eis
2132 2505 2155 2530 a

448 2559 792 2610 predecessoribus
832 2559 934 2609 regis
974 2559 1132 2609 regibus
1181 2559 1325 2609 Anglie
1377 2571 1597 2603 concessas,
1650 2554 1795 2606 quibus
1845 2567 1911 2592 rex
1959 2554 2154 2604 quasdam

448 2623 653 2662 libertates
692 2626 730 2661 et
776 2622 1026 2673 quietancias
1078 2622 1226 2660 eisdem
1269 2621 1404 2660 abbati
1455 2624 1493 2659 et
1548 2618 1759 2657 monachis
1803 2617 1850 2655 de
1900 2616 2155 2655 concessione

449 2686 551 2735 regis
590 2686 637 2724 de
677 2698 780 2723 novo
819 2685 934 2723 duxit
975 2685 1191 2730 addendas,
1233 2685 1337 2723 sicut
1364 2684 1404 2721 in
1435 2687 1544 2722 carta
1578 2681 1681 2731 regis
1721 2679 1880 2730 plenius
1910 2678 2154 2717 continetur.

449 2749 505 2786 Et
543 2748 781 2786 mandatum
816 2751 876 2785 est
915 2747 1150 2797 justiciariis
1198 2745 1487 2785 itinerantitms
1536 2745 1575 2782 in
1625 2743 1822 2782 comitatu
1871 2741 2012 2779 Glouc’
2052 2742 2156 2790 quod

449 2815 601 2849 cartam
640 2810 752 2848 illam
792 2823 927 2848 coram
957 2810 1012 2848 eis
1046 2810 1124 2858 legi
1153 2813 1191 2847 et
1221 2809 1428 2847 libertates
1459 2811 1498 2846 et
1527 2806 1772 2857 quietantias
1802 2805 1843 2842 in
1873 2817 1919 2842 ea
1947 2806 2157 2842 contentas

450 2873 506 2911 eis
545 2872 671 2911 teneri
711 2872 874 2918 faciant,
915 2872 1018 2910 sicut
1057 2872 1283 2921 predictum
1320 2874 1392 2910 est.
1470 2870 1586 2908 Teste
1626 2872 1670 2906 ut
1708 2880 1841 2916 supra.

558 2952 713 2990 Eodem
752 2952 870 2990 modo
909 2952 1149 2990 mandatum
1188 2954 1248 2989 est
1295 2949 1528 3001 justiciariis
1577 2945 1863 2986 itinerantibus
1912 2945 1958 2982 ad
2009 2944 2156 2994 placita

452 3015 599 3053 foresta
640 3015 723 3065 (sic)
765 3013 804 3051 in
846 3014 1042 3052 comitatu
1082 3014 1239 3052 Norht’.
1317 3013 1434 3050 Teste
1474 3014 1518 3048 ut
1558 3023 1690 3059 supra.

560 3128 602 3164 H
605 3128 773 3176 ybernz’a.
834 3127 913 3162 Pro
943 3127 1111 3164 Ricardo
1141 3128 1184 3163 de
1215 3124 1503 3174 [froya—Rex
1535 3122 1590 3160 M.
1622 3121 1705 3159 filio
1736 3118 1912 3163 Geroldi,
1934 3116 2156 3167 justiciario

453 3202 525 3227 suo
555 3188 762 3233 Hibernie,
795 3187 981 3225 salutem.
1040 3188 1213 3238 Rogavit
1253 3200 1324 3225 nos
1354 3186 1523 3224 dilectus
1553 3188 1592 3222 et
1640 3181 1769 3220 fidelis
1799 3183 1933 3218 noster
1963 3179 2156 3217 Ricardus

452 3251 500 3289 de
547 3250 683 3300 Burgo
729 3249 834 3300 quod
882 3262 975 3288 cum
1022 3263 1193 3299 magnas
1241 3252 1280 3287 et
1327 3260 1514 3287 onerosas
1562 3245 1699 3283 fecerit
1746 3254 1952 3292 expensas,
1993 3243 2076 3277 tam
2115 3240 2157 3277 in

455 3312 654 3351 Connatia
690 3324 813 3361 quam
852 3310 946 3361 alibi
987 3311 1027 3349 in
1067 3311 1264 3350 Hibernia
1298 3324 1368 3361 pro
1403 3308 1530 3353 nobis,
1567 3306 1739 3357 gratiam
1778 3304 1812 3341 ei
1852 3303 2073 3341 faceremus
2112 3301 2159 3339 de

1115 3412 1128 3426 ⁸
1140 3409 1273 3440 Vexent
1291 3409 1427 3443 vexent,
1446 3405 1517 3438 MS.
