2375 3587
216 371 270 416 12
279 370 306 416 3
315 371 356 416 6.

214 438 272 476 sm.
292 436 358 475 ia]

1091 244 1146 288 20
1187 245 1393 288 HENRY
1435 241 1517 288 ΠΙ.
2081 243 2162 284 245

568 441 640 477 Pro
681 442 730 478 E.
772 443 959 479 comitissa
1001 442 1551 481 Sao-›visa‹›·2·<·.-Mandatum
1591 444 1651 480 est
1690 440 1868 480 Johanni
1907 440 1953 477 de
1992 439 2158 477 Plesset’

453 502 559 552 quod
597 503 644 540 de
683 503 804 541 fustis
842 517 918 553 que
962 517 1028 542 rex
1071 505 1181 543 dedit
1220 507 1265 543 E.
1304 504 1505 543 comitisse
1546 503 1803 548 δέω-1181111119,
1850 504 1888 540 in
1932 502 2080 540 foresta
2113 502 2161 539 de

455 564 623 613 Ghipeh'
663 566 873 614 permittat
912 566 1040 616 ipsam
1079 567 1184 616 quod
1224 580 1366 617 rogum
1406 566 1608 616 quendam
1648 565 1733 603 fieri
1773 565 1894 604 faciat
1941 564 1982 601 in
2021 564 2159 601 eadem

453 626 600 665 foresta
639 627 686 665 de
724 628 887 667 licentia
926 629 1043 678 regis.
1131 629 1247 667 Teste
1286 632 1330 667 ut
1369 641 1502 678 supra.

560 750 638 786 Pro
693 752 821 787 abbate
872 759 903 787 et
962 752 1150 788 monachis
1208 748 1682 787 Wesmnonasteria—Rex
1736 746 1963 785 vicecomiti
2016 747 2157 785 Essex’

451 811 637 849 salutem.
716 814 817 850 Cum
852 825 921 862 per
955 815 1107 850 cartam
1142 815 1322 850 nostram
1358 810 1673 850 concesserimus
1706 809 1841 848 abbati
1875 812 1913 847 et
1947 809 2158 847 monachis

452 873 801 912 Westmonasterii
839 874 944 923 quod
982 874 1158 912 habeant
1197 873 1343 913 catalla
1381 873 1646 922 fugitivorum
1685 875 1723 910 et
1762 871 2073 919 dampnatorum
2112 871 2159 908 de

450 934 576 973 feodis
624 935 706 974 suis
754 938 793 974 et
840 936 945 985 quod
997 948 1036 973 se
1084 935 1124 972 in
1174 935 1365 973 seisinam
1413 947 1560 984 ponere
1613 933 1768 983 possint
1820 933 1867 970 de
1920 932 2035 970 feodo
2088 946 2158 970 suo

449 997 555 1047 quod
598 1000 782 1036 tenentes
829 1011 965 1036 eorum
1010 997 1293 1042 forisfecerint,
1334 997 1438 1035 sicut
1476 996 1635 1045 plenius
1683 995 1913 1034 continetur
1960 994 2001 1031 in
2050 997 2159 1032 carta

450 1062 589 1097 nostra
625 1073 747 1109 quam
786 1059 842 1098 eis
880 1060 972 1098 inde
1011 1059 1096 1097 fieri
1140 1059 1332 1103 fecimus;
1377 1058 1449 1097 tibi
1490 1058 1732 1107 precipimus
1770 1056 1875 1106 quod
1918 1056 1964 1094 de
2003 1056 2160 1094 catallis

449 1134 524 1171 que
558 1121 722 1160 fuerunt
754 1122 916 1160 Ricardi
949 1122 996 1160 de
1027 1121 1157 1160 Orkel'
1189 1124 1228 1159 et
1262 1121 1345 1159 Ade
1375 1120 1449 1158 filii
1485 1120 1638 1158 Decani
1672 1132 1800 1168 nuper
1829 1119 2156 1168 dampnatorum,

450 1186 495 1222 ut
542 1184 701 1229 dicitur,
742 1187 780 1222 et
827 1184 895 1234 qui
944 1186 1160 1222 tenuerunt
1208 1183 1255 1221 de
1302 1182 1489 1232 predictis
1543 1181 1686 1220 abbate
1738 1184 1777 1219 et
1827 1180 2053 1225 monachis,
2103 1181 2158 1219 eis

449 1246 611 1295 plenam
652 1246 843 1284 seisinam
878 1246 1023 1284 habere
1062 1246 1198 1291 facias,
1235 1245 1474 1294 permittens
1513 1257 1578 1282 eos
1618 1244 1702 1282 sine
1739 1243 1975 1281 difficultate
2014 1256 2158 1292 ponere

451 1321 491 1347 se
530 1308 571 1346 in
612 1309 801 1347 seisinam
840 1308 945 1347 feodi
985 1308 1045 1346 sui
1084 1308 1191 1358 quod
1239 1308 1285 1345 de
1324 1307 1421 1357 ipsis
1470 1305 1612 1345 abbate
1659 1309 1698 1344 et
1742 1305 1952 1344 monachis
1991 1305 2158 1355 predicti

450 1370 660 1420 dampnati
709 1373 937 1417 tenuerunt,
986 1373 1024 1408 et
1077 1370 1118 1408 in
1171 1369 1250 1408 hiis
1302 1372 1340 1407 et
1393 1369 1433 1406 in
1483 1368 1573 1406 aliis
1620 1370 1760 1406 contra
1808 1366 2012 1405 libertates
2059 1380 2159 1417 quas

450 1432 601 1471 habent
662 1446 730 1483 per
781 1436 934 1471 cartam
991 1435 1173 1471 nostram
1226 1431 1461 1470 nullatenus
1517 1443 1583 1469 eos
1633 1442 1774 1468 vexare
1827 1441 2046 1478 presumas,
2100 1433 2158 1468 set

449 1493 654 1533 libertates
692 1498 729 1533 et
768 1494 1016 1544 quietancias
1055 1494 1097 1531 in
1138 1496 1248 1532 carta
1293 1496 1431 1531 nostra
1469 1492 1628 1542 plenius
1677 1494 1888 1530 contentas
1936 1490 2157 1529 secundum

449 1560 629 1595 tenorem
678 1560 785 1595 carte
833 1560 969 1595 nostre
1016 1556 1071 1594 eis
1120 1555 1246 1594 teneri
1294 1555 1430 1594 facias.
1517 1554 1633 1592 Teste
1681 1566 1770 1602 rege
1814 1553 1920 1602 apud
1960 1552 2156 1600 Wudest’,

450 1619 559 1670 xxvj.
600 1620 662 1657 die
702 1619 925 1657 Februarii.

554 1742 610 1778 De
648 1742 848 1790 quercubus
886 1739 1302 1777 ‹latis—Mandatum
1342 1740 1402 1776 est
1441 1736 1621 1776 Johanni
1660 1736 1707 1774 de
1747 1735 1891 1774 Nevssl’
1933 1738 2006 1774 etc.
2051 1736 2155 1786 quod

449 1802 595 1841 habere
644 1803 764 1841 faciat
813 1801 948 1840 abbati
998 1805 1036 1840 et
1084 1801 1294 1840 monachis
1342 1801 1389 1838 de
1430 1800 1587 1838 Thama
1625 1812 1717 1836 xxx.
1752 1797 1893 1837 robora
1931 1798 1973 1835 in
2008 1798 2158 1836 foresta

448 1865 496 1903 de
535 1865 717 1903 Brehull’
759 1865 807 1902 ad
846 1864 1048 1914 quendam
1088 1877 1230 1914 rogum
1273 1862 1503 1902 faciendum
1548 1861 1597 1899 ad
1637 1859 1831 1899 fabricam
1885 1860 2051 1899 cancelli
2096 1861 2156 1898 sui

449 1928 495 1965 de
550 1928 706 1965 Thalna
743 1927 850 1977 quod
897 1929 1145 1976 prostratum
1191 1928 1264 1972 est,
1304 1926 1350 1963 de
1402 1925 1506 1963 dono
1555 1923 1672 1973 regis.
1746 1923 1863 1961 Teste
1912 1935 2003 1972 rege
2051 1923 2156 1972 apud

450 1990 694 2036 Wodestok’‚
736 1990 859 2040 xxvij.
900 1989 962 2027 die
1001 1988 1223 2027 Februarii.

561 2113 633 2149 Pro
674 2113 829 2149 Roberto
868 2112 909 2147 de
953 2108 1407 2158 Pa1·eZgs.—lllandatum
1446 2111 1505 2146 est
1542 2106 1768 2145 vicecomiti
1817 2105 1915 2145 Suff‘
1955 2106 2061 2155 quod
2108 2107 2155 2145 de

450 2177 593 2223 quarta
631 2176 743 2223 parte
790 2173 894 2211 feodi
942 2172 1063 2210 unius
1111 2171 1254 2209 militis
1297 2183 1417 2220 quam
1467 2169 1662 2207 Ricardus
1709 2168 1755 2206 de
1804 2170 1975 2206 Luvetot
2023 2169 2156 2207 tenuit

447 2236 494 2274 de
542 2236 658 2274 feodo
706 2236 752 2274 de
801 2234 965 2272 Brokes'
1005 2237 1044 2272 et
1087 2234 1133 2271 de
1182 2245 1327 2271 novem
1376 2231 1559 2270 solidatis
1607 2230 1788 2269 redditus
1833 2243 1932 2280 quas
1979 2231 2155 2280 percepit

448 2311 517 2348 per
568 2311 722 2337 annum
775 2298 822 2336 de
871 2296 1039 2335 militari
1090 2296 1204 2333 feodo
1255 2294 1451 2332 Willelmi
1504 2294 1553 2331 de
1605 2291 1776 2342 Ambely
1828 2295 1866 2329 et
1914 2293 1961 2330 de
2010 2305 2154 2330 novem

448 2361 629 2399 solidatis
696 2359 876 2398 redditus
929 2371 1029 2408 quas
1082 2357 1230 2406 recepit
1283 2369 1351 2406 per
1400 2368 1555 2393 annum
1607 2355 1654 2392 de
1706 2354 1821 2392 feodo
1883 2354 2051 2392 militari
2112 2355 2154 2393 in

448 2423 658 2468 Burstall'‚
703 2422 807 2461 sicut
847 2434 914 2459 rex
953 2420 1104 2469 accepit
1152 2432 1221 2468 per
1277 2417 1585 2468 inquisitionem
1629 2416 1722 2454 inde
1766 2416 1918 2454 factam
1961 2429 2030 2465 per
2069 2429 2152 2465 pre-

447 2490 609 2536 ceptum
648 2485 765 2534 regis,
806 2484 969 2534 plenam
1009 2482 1201 2521 seisinam
1249 2480 1395 2519 habere
1434 2479 1555 2518 faciat
1594 2478 1769 2517 Roberto
1803 2478 1851 2516 de
1890 2478 2050 2529 Pavely,
2091 2479 2152 2517 cui

390 2560 400 2595 g
449 2561 516 2586 rex
542 2547 674 2586 dedit
722 2546 947 2585 custodiam
1004 2548 1107 2583 terre
1157 2547 1195 2581 et
1243 2542 1400 2581 heredis
1457 2541 1626 2591 predicti
1685 2540 1860 2579 Ricardi.
1948 2541 2064 2579 Teste
2111 2545 2155 2580 ut

449 2624 583 2661 supra.

555 2716 609 2752 De
668 2714 947 2761 operationibus
1002 2712 1105 2758 apud
1162 2706 1842 2747 II'estmmasta-[mn.—Mandatu1n
1904 2709 1963 2744 est
2024 2706 2154 2745 Odoni

446 2776 649 2816 aurifabro
698 2775 803 2825 quod
850 2773 1024 2823 reparari
1072 2772 1194 2811 faciat
1244 2771 1391 2822 kayum
1440 2770 1544 2819 regis
1592 2769 1697 2819 apud
1746 2769 2151 2807 Westmonasterium

446 2839 550 2889 quod
587 2851 714 2887 nuper
752 2836 1006 2875 confractum
1047 2838 1106 2872 est
1145 2847 1213 2883 per
1252 2832 1561 2871 inundationem
1600 2843 1821 2880 aquarum;
1872 2829 1993 2868 faciat
2028 2830 2150 2868 etiam

447 2901 533 2939 fieri
571 2900 743 2939 oriolum
777 2898 882 2948 quod
913 2901 972 2936 est
1006 2897 1113 2935 inter
1144 2908 1289 2934 novam
1324 2907 1525 2933 cameram
1565 2893 1669 2943 regis
1708 2895 1747 2930 et
1786 2895 1983 2941 receptam
2016 2905 2152 2930 versus

448 2963 683 3007 Tamifflam,
725 2960 828 2999 sicut
863 2973 931 2998 rex
968 2959 1002 2997 ei
1042 2957 1232 3007 precepit,
1273 2970 1366 2995 cum
1405 2958 1508 2995 esset
1547 2955 1653 3005 apud
1688 2954 1833 2992 Lond‘.
1910 2954 2151 2992 Mandatum

446 3028 506 3064 est
545 3023 792 3063 thesaurario
837 3021 940 3072 regis
985 3021 1090 3070 quod
1138 3019 1321 3058 denarios
1369 3019 1404 3057 ei
1447 3017 1592 3056 habere
1641 3016 1764 3055 faciat
1804 3016 1852 3054 ad
1900 3028 1999 3065 opus
2051 3016 2151 3053 illud

447 3087 691 3127 faciendum.
768 3085 885 3123 Teste
924 3096 1014 3132 rege
1053 3086 1097 3120 ut
1137 3095 1271 3131 supra.

557 3165 798 3204 Mandatum
830 3166 889 3201 est
923 3162 1090 3211 Hugoni
1116 3161 1164 3199 de
1195 3159 1448 3198 Patheshull'
1478 3158 1584 3207 quod
1612 3156 1844 3196 custodibus
1874 3155 2152 3205 operationum

448 3228 550 3277 regis
589 3223 938 3265 Westmonasterii
982 3223 1167 3261 denarios
1205 3220 1348 3259 habere
1387 3220 1509 3258 faciat
1556 3219 1606 3257 ad
1653 3219 1902 3268 operationes
1941 3217 2152 3266 predictas.

449 3291 505 3329 Et
561 3289 604 3327 in
661 3289 836 3326 adventu
889 3286 993 3335 regis
1050 3285 1099 3322 ad
1156 3287 1289 3333 partes
1338 3283 1539 3328 London·‚
1594 3295 1686 3320 cum
1736 3280 1896 3319 sciverit
1949 3292 2150 3317 summam

449 3351 719 3394 denariorum,
780 3349 897 3386 breve
949 3347 1054 3396 quod
1112 3345 1318 3384 ‘liberate’
1371 3347 1538 3383 vocatur
1585 3345 1620 3381 ei
1676 3343 1767 3381 inde
1820 3341 1965 3379 habere
2018 3341 2150 3379 faciet.

454 3415 571 3453 Teste
610 3418 654 3451 ut
689 3425 822 3461 supra.
