2375 3587
181 317 326 365 1235.

170 385 230 424 [m.
267 384 333 423 10.]

1059 188 1111 229 19
1153 185 1360 227 HENRY
1400 186 1482 227 ΙΙΙ.
2072 188 2124 229 97

418 388 710 426 nocumentum
749 387 928 438 ejusdem
968 387 1126 433 foreste,
1167 387 1216 425 ad
1255 386 1432 436 copulas,
1466 398 1620 435 pannas
1650 389 1689 425 et
1724 387 1886 436 laqueos
1919 385 1967 423 ad
1996 398 2118 435 quan-

417 449 510 488 dam
558 448 883 488 elemosinariam
933 449 1160 488 faciendam
1212 449 1255 486 in
1306 451 1437 487 castro
1487 447 1708 494 Wintonie,
1757 448 1814 486 ita
1863 447 1969 498 quod
2018 447 2123 486 inter

416 510 545 560 ipsam
584 513 623 549 et
661 511 791 557 illum,
831 525 951 563 quem
996 510 1196 562 predictus
1237 510 1360 548 frater
1409 510 1458 548 G.
1502 510 1588 548 1000
1636 522 1708 548 suo
1756 509 2021 558 assignaverit
2069 510 2119 547 ad

415 573 680 612 maeremium
732 574 833 612 illud
882 573 1220 626 prosternendum
1268 575 1308 610 et
1360 572 1650 621 recipiendum,
1710 571 1781 610 fiat
1838 571 1952 609 tallia
2008 571 2119 609 testi-

414 634 602 673 monialis
634 638 833 685 quantum
871 637 919 675 de
957 637 1106 675 foresta
1144 634 1214 672 illa
1252 633 1380 673 eidem
1419 633 1661 671 liberaverit.
1734 633 1850 672 Teste
1881 645 1971 681 rege
2013 632 2119 682 apud

417 696 626 744 Mereton',
658 697 716 748 iij.
757 698 820 736 die
858 699 986 737 Junii.

524 811 602 847 Pro
656 812 841 848 W‘illelmo
890 813 1041 849 scissore
1096 809 1350 858 ‘reaia—Rex
1406 807 1643 857 perdonavit
1702 807 1908 846 Willelmo
1961 807 2119 845 scissori

414 885 542 910 unum
584 872 796 922 pelliceum
844 874 1014 922 grisium
1062 875 1100 911 et
1148 884 1276 910 unum
1326 870 1576 920 spervarium
1624 872 1663 908 et
1710 870 1906 919 quasdam
1951 870 2120 915 forfices,

415 946 491 984 que
529 935 612 984 regi
650 934 869 973 reddidisse
902 934 1040 973 debuit
1076 934 1126 973 ad
1159 933 1415 972 Scaccarium
1450 933 1497 970 de
1527 932 1700 970 termino
1741 931 1879 969 Sancti
1910 931 2120 969 Michaelis

414 1009 523 1034 anno
560 998 635 1035 etc.
675 996 786 1046 xviij.
822 997 870 1035 de
901 1009 1040 1035 annuo
1077 995 1250 1041 redditu,
1292 1007 1338 1033 00
1386 994 1494 1044 (111οᾶ
1541 993 1648 1031 idem
1697 992 1928 1031 Willelmus
1976 996 2118 1042 captus

414 1057 492 1096 fuit
530 1060 568 1096 et
611 1058 902 1108 imprisonatus
939 1071 1011 1108 pro
1050 1057 1216 1097 servicio
1255 1056 1373 1106 regis.
1434 1056 1489 1093 Et
1530 1055 1772 1093 mandatum
1812 1057 1872 1092 est
1906 1053 2123 1092 baronibus

415 1119 463 1157 de
500 1118 707 1158 Scaccario
746 1120 851 1169 quod
890 1119 1026 1169 ipsum
1066 1117 1320 1157 Willelmum
1369 1117 1417 1154 de
1464 1116 1643 1166 predicto
1691 1115 1870 1164 pelliceo,
1922 1115 2124 1164 spervario

415 1183 454 1219 et
493 1180 699 1220 forficibus
727 1180 910 1230 quietum
944 1193 1029 1220 esse
1064 1180 1230 1219 faciant.
1291 1178 1409 1217 Teste
1440 1191 1531 1228 rege
1565 1178 1671 1228 apud
1705 1177 2124 1223 Westmonasterium,

415 1243 487 1294 iiij.
528 1243 592 1282 die
630 1243 759 1282 Junii.

529 1364 606 1400 Pro
654 1364 703 1401 G.
758 1364 1000 1408 illm-escallo²
1047 1364 1178 1399 comice
1237 1359 1689 1398 Penbr'.—Mandatum
1731 1361 1791 1397 est
1826 1357 2125 1397 constabulario

419 1425 560 1464 Sancti
599 1425 790 1463 Briavelli
828 1425 933 1475 quod
968 1424 1114 1463 habere
1154 1423 1276 1462 faciat
1316 1422 1361 1461 G.
1405 1422 1656 1468 Marescallo‚
1697 1421 1836 1460 comiti
1876 1420 2035 1466 Penbr'‚
2087 1434 2124 1458 v.

417 1500 552 1526 cervos
592 1487 632 1525 in
671 1487 819 1526 foresta
856 1487 903 1525 de
941 1487 1059 1532 Den',
1100 1486 1148 1524 de
1186 1486 1291 1524 dono
1341 1485 1458 1534 regis.
1537 1484 1655 1522 Teste
1699 1496 1789 1533 rege
1837 1484 1944 1532 apud
1994 1482 2121 1521 West-

420 1548 730 1595 monasterium,
770 1562 807 1587 v.
843 1548 905 1587 die
945 1548 1074 1586 Junii.

524 1671 603 1708 Pro
653 1672 839 1718 fratribus
884 1670 1184 1718 predicatoribus
1234 1666 1517 1705 huzda-Rex
1563 1665 1767 1705 Gileberto
1811 1666 1858 1704 de
1901 1665 2128 1714 Everesleg'

416 1732 602 1771 salutem.
678 1731 930 1782 Precipimus
970 1730 1043 1769 tibi
1081 1730 1187 1780 quod
1232 1728 1354 1768 libere
1401 1732 1439 1767 et
1488 1728 1574 1767 sine
1621 1727 1899 1778 inpedimento
1946 1727 2128 1777 chymini

418 1795 630 1844 permittas
677 1794 821 1833 fratres
860 1794 907 1832 de
945 1793 1087 1833 ordine
1126 1792 1428 1842 predicatorum
1469 1790 1812 1830 commorantium
1852 1790 1981 1828 Lond‘
2022 1790 2127 1839 quod

419 1857 566 1895 kariari
612 1856 764 1895 faciant
811 1859 851 1895 et
898 1855 991 1894 duci
1039 1854 1307 1893 maeremium
1354 1854 1456 1891 illud
1502 1866 1572 1903 per
1615 1852 1796 1890 bailliam
1844 1855 1972 1898 tuam,
2022 1851 2127 1901 quod

418 1919 589 1958 dilectus
617 1921 657 1958 et
687 1918 817 1957 fidelis
841 1920 978 1957 noster
1008 1916 1239 1956 Gilebertus
1269 1915 1544 1961 Marescallus,
1576 1927 1709 1953 comes
1739 1913 1899 1961 Penbr’,
1932 1914 1988 1952 eis
2018 1913 2128 1951 dedit

418 1982 460 2019 in
492 1981 610 2020 bosco
640 1994 711 2020 suo
746 1981 794 2019 de
829 1980 1103 2031 Rutherwyc'.
1182 1979 1300 2017 Teste
1338 1991 1428 2028 rege
1462 1980 1536 2016 etc.
1569 1977 1675 2027 apud
1707 1976 2125 2021 Westmonasterium‚

418 2056 455 2082 v.
492 2043 555 2082 die
593 2043 721 2089 Junii,
763 2056 870 2081 anno
909 2045 984 2081 etc.

525 2157 582 2193 De
608 2157 800 2193 ‘roboribus
827 2153 1083 2193 ‹latcs.—Rex
1112 2152 1410 2192 constabulario
1441 2152 1586 2202 Wynd’
1619 2151 1805 2190 salutem.
1880 2150 2128 2199 Precipimus

418 2217 491 2257 tibi
537 2218 643 2268 quod
690 2216 835 2255 habere
882 2217 1007 2255 facias
1055 2215 1248 2254 fratribus
1295 2214 1521 2254 minoribus
1568 2214 1615 2252 de
1663 2213 1848 2251 London’
1897 2212 2126 2261 quindecim

418 2279 559 2318 robora
596 2280 638 2317 in
677 2279 825 2317 foresta
864 2281 1002 2316 nostra
1041 2278 1089 2316 de
1128 2277 1423 2328 Wyndeshour'
1465 2277 1514 2314 ad
1563 2276 1698 2314 focum
1746 2287 1878 2320 suum,
1927 2275 1974 2312 de
2022 2274 2127 2312 dono

419 2345 571 2380 nostro.
648 2342 765 2380 Teste
803 2343 848 2379 ut
888 2353 1023 2390 supra.

528 2464 607 2500 Pro
680 2463 807 2498 abbate
880 2463 922 2498 de
998 2459 1452 2498 0011εέ.-Μο11(10111111
1527 2460 1587 2496 est
1660 2457 1789 2495 eidem
1864 2456 1970 2506 quod
2044 2455 2129 2493 sine

420 2524 697 2574 inpedimento
757 2523 969 2572 permittat
1016 2521 1204 2561 abbatem
1250 2521 1298 2559 de
1346 2520 1495 2560 Certes’
1545 2522 1796 2570 prosternere
1843 2522 1882 2556 et
1934 2517 2128 2556 abducere

420 2585 684 2625 maeremium
730 2585 837 2635 quod
883 2598 952 2622 rex
1000 2584 1034 2622 ei
1082 2583 1192 2622 dedit
1240 2584 1282 2622 in
1330 2582 1454 2621 ballia
1508 2595 1592 2629 sua,
1631 2594 1714 2620 non
1753 2580 1940 2619 obstante
1990 2591 2129 2617 mense

420 2648 622 2698 prohibito
660 2651 824 2697 propter
863 2647 1152 2685 feonationem.
1240 2646 1358 2684 Teste
1398 2647 1444 2683 ut
1482 2657 1616 2694 supra.

528 2735 613 2773 Rex
646 2734 822 2772 baillivis
857 2733 1056 2772 Otteford’
1097 2733 1284 2771 salutem.
1346 2732 1492 2771 Sciatis
1542 2731 1646 2781 quod
1695 2728 2007 2779 perdonavimus
2046 2727 2129 2765 Ade

419 2797 504 2835 filio
542 2796 737 2836 Willelmi
777 2798 926 2834 sectam
964 2808 1040 2845 que
1079 2795 1128 2833 ad
1180 2807 1253 2833 nos
1303 2795 1478 2844 pertinet
1525 2798 1564 2832 et
1612 2793 1661 2831 ad
1711 2804 1899 2831 coronam
1946 2793 2127 2828 nostram

420 2860 468 2897 de
502 2861 630 2897 morte
666 2858 820 2896 Thome
879 2858 927 2895 de
972 2856 1251 2903 Muncketon’,
1302 2869 1422 2906 quem
1472 2869 1541 2905 per
1589 2854 1862 2893 infortunium
1912 2851 2127 2896 interfecit,

421 2921 524 2959 sicut
580 2933 649 2969 per
704 2919 1012 2968 inquisitionem
1069 2918 1161 2956 inde
1201 2919 1350 2957 factam
1402 2917 1692 2956 intelleximus.
1763 2915 1818 2953 Et
1876 2914 1963 2951 ideo
2016 2912 2128 2951 vobis

421 2982 663 3021 mandamus
708 2981 813 3030 quod
869 2981 1094 3030 predictum
1135 2980 1264 3017 Adam
1312 2993 1334 3017 a
1383 2980 1545 3029 prisona
1583 2981 1722 3017 nostra
1760 2976 1936 3014 liberetis
1975 2978 2012 3012 et
2051 2987 2128 3022 quo

422 3043 593 3082 voluerit
642 3042 750 3080 abire
796 3041 1056 3091 permittatis.
1130 3041 1249 3080 Teste
1295 3054 1384 3091 rege
1425 3044 1500 3080 etc.
1551 3040 1657 3090 apud
1706 3036 2127 3081 Westmonasterium,

424 3118 461 3144 v.
501 3105 565 3144 die
603 3104 731 3143 Junii.

532 3226 589 3263 De
627 3227 828 3270 anstai-cis,
859 3225 1155 3272 yiovfalcomfbns
1185 3232 1218 3262 et
1246 3225 1465 3274 salronibus
1494 3223 1694 3271 yentilz‘bus
1725 3219 1928 3256 retinendis
1962 3218 2011 3253 ad
2041 3230 2129 3265 opus

420 3289 570 3337 10910.-
587 3286 673 3325 Rex
710 3285 937 3324 vicecomiti
975 3285 1106 3324 Nortf'
1147 3286 1333 3324 salutem.
1404 3283 1650 3333 Precipimus
1699 3280 1773 3319 tibi
1820 3279 1925 3329 quod
1964 3276 2130 3315 arestari

422 3349 546 3388 facias
615 3360 755 3386 omnes
825 3350 1046 3391 austurcOS,
1123 3348 1400 3397 gyrofalcones
1464 3349 1503 3384 et
1578 3344 1754 3382 falcones
1829 3340 2010 3389 gentiles,
2061 3339 2129 3387 qui

474 3435 583 3473 18690
1971 3441 1981 3450 ·-
2013 3426 2042 3457 G
