2375 3587
182 355 324 401 1236.

174 423 232 461 [ni.
264 421 334 459 10.]

190 1194 249 1232 [m.
279 1193 326 1231 9.]

1016 229 1023 231 ⁴
1071 221 1125 260 20
1172 220 1377 260 HENRY
1422 221 1502 261 III.
2047 222 2127 262 281

530 418 586 454 De
620 418 740 453 damis
775 416 1187 453 datia—Mandatum
1227 420 1287 454 est
1318 416 1491 454 Ricardo
1525 417 1572 454 de
1604 417 1816 455 Wrotham
1848 417 1953 466 quod
1988 415 2135 454 habere

421 479 545 516 faciat
588 480 694 516 Luce
732 478 779 515 de
819 478 1007 516 Drumar'
1044 480 1125 516 tres
1159 478 1300 515 damos
1340 478 1381 514 in
1421 478 1570 515 foresta
1605 478 1652 515 de
1690 478 1908 516 Shilewud’
1946 479 1993 515 de
2028 478 2134 516 dono

423 540 541 589 regis.
619 541 737 578 Teste
776 553 866 589 rege
904 540 1011 589 apud
1053 539 1307 585 Shireburn'‚
1348 540 1476 590 xxiiij.
1518 540 1580 577 die
1619 540 1747 578 Junii.

531 654 586 689 De
635 655 755 689 damis
804 652 1221 689 datz‘s.—Ma11datum
1270 656 1331 689 est
1375 651 1529 689 Thome
1578 652 1624 689 de
1675 652 1893 690 Saunford’
1938 653 2043 701 quod
2092 653 2132 689 in

421 715 569 753 foresta
607 715 653 752 de
688 715 860 752 Braden’
898 713 1043 751 habere
1082 714 1205 752 faciat
1245 713 1411 762 Hugoni
1451 714 1604 763 Paynel
1645 717 1723 752 tres
1762 714 1904 752 damos
1943 714 1989 752 de
2028 715 2134 753 dono

422 777 538 827 regis.
617 777 735 815 Teste
776 780 819 814 ut
858 789 994 826 supra.

531 890 587 925 De
620 897 727 925 carta
765 890 921 936 leglenda
955 896 987 925 et
1021 887 1344 925 cenanda—Rex
1378 886 1576 925 concessit
1610 887 1734 937 priori
1769 887 1817 925 de
1847 887 2134 925 Bradenestok’

421 951 616 1001 quasdam
665 949 870 988 libertates
918 953 1110 988 contenta
1151 950 1232 1000 (sic)
1274 949 1316 986 in
1356 953 1467 987 carta
1505 949 1624 998 regis.
1703 950 1758 987 Et
1796 949 2036 987 mandatum
2075 952 2135 987 est

423 1012 640 1051 baronibus
679 1012 726 1049 de
763 1012 971 1050 Scaccario
1005 1012 1109 1062 quod
1149 1014 1304 1049 cartam
1340 1011 1563 1060 predictam
1603 1011 1681 1060 legi
1721 1014 1760 1049 et
1800 1011 1927 1049 teneri
1968 1011 2136 1050 faciant.

424 1074 541 1112 Teste
582 1077 626 1112 ut
667 1087 801 1123 supra.

531 1192 608 1227 Pro
650 1191 798 1227 osberto
837 1189 1329 1238 (Jiffard'.-—Mandatum
1369 1191 1429 1227 est
1469 1188 1644 1227 Roberto
1683 1189 1729 1227 de
1764 1189 1951 1235 Aundel',
1988 1189 2137 1227 ballivo

423 1252 469 1290 de
510 1252 747 1301 (liningen,
787 1252 892 1301 quod
941 1265 1020 1290 non
1086 1251 1273 1290 obstante
1336 1252 1529 1289 mandato
1578 1251 1683 1301 regis
1721 1252 1827 1300 quod
1876 1252 1910 1289 ei
1950 1252 2045 1290 fecit
2089 1252 2136 1289 de

422 1314 636 1352 dominicis
676 1314 780 1363 regis
820 1315 860 1351 in
900 1314 1083 1352 manerio
1122 1314 1169 1352 de
1209 1314 1431 1363 Gillingeh'
1471 1314 1676 1363 capiendis
1724 1315 1766 1351 in
1814 1327 1982 1352 manum
2031 1314 2137 1363 regis

423 1377 583 1426 plenam
616 1377 808 1415 seisinam
839 1376 988 1415 habere
1028 1377 1150 1415 faciat
1191 1376 1360 1415 Osberto
1397 1376 1565 1415 Giffard'
1598 1377 1644 1414 de
1677 1376 1803 1414 tribus
1836 1376 2002 1425 virgatis
2035 1380 2136 1414 terre

423 1453 513 1478 cum
559 1439 814 1489 pertinentiis
852 1439 892 1476 in
934 1439 1132 1489 Gillingh'
1174 1453 1273 1489 quas
1313 1439 1529 1478 Gervasius
1569 1439 1775 1477 Bailleben
1813 1439 1880 1488 qui
1921 1439 2026 1488 fugit
2065 1451 2136 1488 pro

423 1502 635 1540 latrocinio
675 1502 806 1540 tenuit
845 1502 891 1539 de
931 1515 1021 1551 rege
1059 1502 1101 1539 in
1142 1502 1271 1551 capite
1312 1505 1350 1540 et
1388 1514 1486 1551 quas
1534 1515 1601 1539 rex
1648 1501 1757 1539 dedit
1804 1501 1933 1539 eidem
1969 1500 2137 1539 Osberto

424 1577 493 1613 per
526 1568 678 1602 cartam
718 1577 832 1602 suam
872 1577 993 1614 quam
1041 1564 1133 1602 inde
1181 1563 1301 1602 habet
1349 1567 1388 1601 et
1437 1577 1536 1614 quas
1584 1563 1625 1600 in
1665 1576 1833 1601 manum
1883 1563 1985 1613 regis
2033 1563 2138 1612 cepit

424 1626 630 1664 occasione
679 1626 847 1675 predicti
899 1626 1097 1663 mandati.
1171 1626 1288 1664 Teste
1334 1638 1424 1674 rege
1469 1625 1575 1674 apud
1626 1625 1880 1671 Middelton’,
1918 1624 2032 1675 xxiij.
2075 1625 2138 1662 die

425 1688 551 1734 Junii,
591 1701 726 1727 coram
764 1688 890 1727 electo
929 1688 1160 1727 Valentino.

534 1803 664 1839 Judm'.
723 1802 778 1838 De
811 1809 956 1838 iumenta
982 1799 1418 1849 facienda.—Michael
1458 1799 1652 1838 Parleben
1688 1799 1810 1837 habet
1844 1799 2001 1838 litteras
2036 1801 2139 1850 regis

426 1864 473 1901 de
511 1863 698 1902 domibus
736 1866 774 1901 et
813 1862 1033 1901 redditibus
1073 1862 1155 1900 suis
1195 1862 1236 1899 in
1278 1861 1536 1911 Cantebrigia
1575 1862 1642 1912 qui
1683 1866 1778 1900 sunt
1809 1862 1974 1900 vadium
2007 1863 2139 1902 Joscei

426 1925 653 1976 Presbyteri
705 1928 744 1963 et
791 1925 925 1963 Aaron
979 1925 1140 1971 Blund',
1196 1925 1421 1963 Judeorum
1460 1925 1659 1971 London’,
1700 1924 1964 1963 extendendis
2015 1928 2053 1963 et
2092 1926 2139 1964 de

427 1988 611 2026 habendo
649 1987 879 2025 rationabili
917 1987 996 2025 fine
1035 1991 1073 2025 et
1124 1986 1434 2025 rationabilibus
1473 1987 1670 2025 terminis.
1750 1986 1868 2024 Teste
1905 2000 1995 2036 rege
2034 1987 2140 2037 apud

428 2051 630 2097 Dunden’,
674 2051 781 2101 xxvj.
817 2050 879 2088 die
919 2050 1047 2088 Junii.

539 2174 592 2210 ])e
623 2174 811 2209 roboribus
841 2171 1259 2209 ‹l‹·ete's.—Ma11datuin
1295 2176 1354 2209 est
1389 2171 1566 2210 Henrico
1593 2172 1640 2209 de
1674 2171 1783 2217 Dun,
1816 2170 1964 2210 ballivo
1994 2172 2140 2211 foreste

428 2235 475 2273 de
514 2234 693 2280 Pancet',
730 2234 836 2283 quod
874 2234 1070 2283 magistro
1110 2233 1287 2271 Henrico
1328 2234 1482 2272 Tessun
1528 2230 1651 2272 faciat
1697 2233 1842 2271 habere
1881 2233 1960 2271 duo
2000 2234 2142 2273 robora

429 2297 478 2335 ad
512 2297 646 2335 focum
686 2309 806 2334 suum
851 2296 893 2333 in
944 2296 1093 2334 foresta
1143 2296 1190 2333 de
1238 2296 1401 2334 Pancet’
1443 2296 1489 2333 de
1542 2296 1648 2334 dono
1699 2295 1814 2345 regis.
1892 2296 2008 2334 Teste
2051 2309 2141 2346 rege

430 2359 535 2409 apud
575 2358 771 2404 Bristoll’‚
811 2358 951 2408 xxviij.
991 2357 1054 2396 die
1093 2357 1221 2396 Junii.

540 2480 619 2516 Pro
671 2481 798 2516 abbate
850 2481 891 2515 ‹le
944 2480 1073 2515 Monte
1124 2479 1261 2515 sancto
1316 2477 1832 2528 Miclzaelz'.s.-—Mandatum
1879 2481 1940 2516 est
1986 2478 2142 2517 custodi

432 2541 657 2579 insularum
695 2541 742 2579 de
777 2541 914 2579 Geres'
951 2544 989 2578 et
1028 2541 1075 2578 de
1116 2540 1280 2578 Gesner*
1325 2541 1430 2589 quod
1470 2540 1556 2577 sine
1604 2539 1895 2589 impedimento
1933 2541 2144 2589 permittat

433 2603 619 2642 abbatem
658 2604 705 2641 de
746 2603 885 2641 Monte
924 2603 1063 2641 Sancti
1095 2602 1304 2640 Michaelis
1335 2605 1470 2640 tenere
1509 2615 1642 2640 maras
1672 2606 1711 2640 et
1741 2602 1842 2640 alias
1872 2602 2143 2651 possessiones

434 2680 526 2704 suas
565 2666 606 2703 in
644 2665 789 2703 insulis
829 2665 1019 2714 predictis
1068 2665 1172 2702 sicut
1224 2678 1289 2702 eas
1340 2664 1472 2702 tenuit
1522 2663 1770 2713 temporibus
1818 2664 2142 2713 predecessorum

434 2728 549 2777 regis,
586 2741 725 2777 regum
765 2727 923 2776 Anglie,
965 2731 1003 2765 et
1038 2726 1286 2776 temporibus
1321 2726 1494 2764 aliorum
1530 2725 1773 2764 ballivorum
1809 2726 1912 2775 regis
1946 2726 2015 2776 qui
2050 2730 2144 2765 ante

432 2790 565 2839 ipsum
595 2790 801 2827 custodem
831 2790 996 2827 fuerunt
1026 2789 1067 2826 in
1098 2789 1243 2827 insulis
1273 2788 1461 2838 predictis
1492 2801 1560 2838 per
1589 2791 1821 2838 preceptum
1852 2788 1968 2837 regis.
2029 2789 2144 2827 Teste

432 2865 523 2902 rege
564 2854 608 2890 ut
642 2865 776 2901 supra.

472 3010 474 3012 Ι
544 2965 599 3000 De
646 2965 766 3000 damis
814 2963 1229 3001 datia—Mandatum
1277 2965 1337 3001 est
1385 2962 1566 3000 <iohanni
1615 2962 1663 3000 de
1711 2962 1871 3007 Nevill’,
1922 2962 2146 3012 justiciario

436 3027 594 3070 forestey
645 3025 751 3075 quod
802 3025 844 3062 in
894 3025 1045 3063 foresta
1095 3026 1141 3063 de
1189 3024 1393 3074 Rokingh'
1446 3024 1591 3062 habere
1637 3024 1759 3063 faciat
1810 3025 1924 3062 uxori
1980 3023 2145 3062 Roberti

436 3088 507 3126 filii
548 3086 773 3125 Baldewini
814 3087 860 3125 de
900 3088 1000 3125 Veer
1035 3090 1115 3125 tres
1153 3087 1294 3125 damos
1332 3087 1378 3124 de
1417 3087 1522 3124 dono
1556 3086 1674 3135 regis.
1733 3088 1849 3124 Teste
1889 3088 1933 3124 ut
1973 3099 2105 3136 supra.

547 3213 624 3248 I'ro
673 3212 882 3248 hominibus
931 3212 973 3246 cle
1022 3210 1597 3258 Gillffnqeham.-Mandatum
1647 3211 1707 3247 est
1756 3208 1912 3246 ballivis
1967 3209 2049 3259 (sic)
2100 3208 2148 3247 de

439 3272 714 3322 Gillingeham
772 3272 878 3321 quod
933 3271 1018 3309 sine
1073 3271 1363 3321 impedimento
1423 3272 1632 3321 permittat
1694 3270 1879 3308 homines
1940 3269 2044 3318 regis
2099 3271 2146 3309 de

441 3334 717 3384 Gillingeham
762 3333 927 3372 habere.
956 3333 1130 3372 liberum
1169 3333 1397 3382 ingressum
1448 3336 1488 3371 et
1536 3345 1741 3382 egressum
1792 3331 1841 3369 ad
1889 3332 2020 3369 averia
2077 3345 2149 3370 sua

440 3397 619 3446 fuganda
668 3409 793 3445 usque
840 3395 889 3433 ad
936 3408 1083 3444 aquam
1127 3395 1173 3432 de
1222 3396 1375 3446 Lyden'
1418 3395 1467 3432 ad
1511 3407 1556 3432 ea
1601 3393 1750 3432 ibidem
1794 3393 2043 3442 adaquanda,
2094 3394 2150 3432 ita

418 3481 427 3499 1
468 3482 482 3503 4.
