2375 3587
244 192 328 235 418

307 315 451 364 1237.

309 380 454 423 ωι1ᾶ]

1201 193 1388 238 GLOSE
1431 193 1636 237 ROLLs.

543 403 635 429 eum
675 391 717 429 in
756 392 939 431 baillium
977 393 1164 443 predictis
1202 392 1289 442 xij.7
1329 392 1433 430 sicut
1463 391 1687 440 predictum
1716 393 1789 438 est,
1829 394 1868 430 et
1897 403 1989 430 eum
2018 404 2041 429 a
2078 391 2241 442 prisona

544 454 646 503 regis
684 454 898 501 deliberet;
947 461 985 493 et
1023 456 1127 505 quod
1165 454 1311 492 habeat
1348 453 1403 491 ibi
1441 453 1608 491 nomina
1655 453 1925 502 predictorum
1972 453 2042 505 xij.
2082 456 2121 492 et
2167 454 2242 493 hoc

544 515 673 554 breve.
757 517 873 556 Teste
911 530 1000 566 rege
1037 517 1143 566 apud
1182 515 1458 562 Cantuariam,
1498 515 1608 566 xviij.
1649 515 1712 553 die
1749 514 1971 554 Februarii.

652 623 730 658 Pro
769 623 925 659 Habere«)
960 619 1440 658 Lemnier.—Consimiles
1478 619 1633 657 litteras
1670 617 1792 656 habet
1825 618 2023 657 Robertus
2055 621 2243 658 Lemmer

545 683 613 732 qui
661 683 702 721 in
750 684 945 722 comitatu
994 681 1166 720 Eboraci
1213 681 1440 731 appellatur
1485 681 1532 719 de
1580 683 1709 719 morte
1748 681 1902 719 Thome
1949 681 2023 719 filii
2062 681 2242 720 Walteri.

547 745 662 783 Teste
700 758 790 794 rege
830 748 873 782 ut
912 757 1044 793 supra.

652 851 731 886 Pro
772 850 959 896 *stephano
1007 849 1088 888 tilio
1126 846 1429 885 [amima-Rex
1477 848 1585 885 dedit
1634 850 1861 897 respectum
1907 846 2113 895 Stephano
2160 845 2245 884 filio

547 911 702 949 Andree
740 911 787 948 de
825 910 950 948 Lond'
989 910 1036 948 de
1072 909 1219 948 debitis
1262 922 1337 958 que
1385 909 1500 947 debet
1539 910 1671 948 Aaron
1712 908 1885 954 Blundo,
1926 908 2014 946 Joie
2052 921 2128 958 que
2166 908 2245 946 fuit

547 986 645 1010 uxor
685 972 844 1010 Abi-ane
891 972 964 1009 filii
997 971 1121 1017 Duce,
1162 971 1311 1010 Jacobo
1343 971 1522 1021 Crespin‚
1557 971 1706 1010 Jacobo
1737 971 1821 1009 filio
1851 970 2006 1020 Florye,
2039 973 2077 1008 et
2115 970 2242 1008 eidem

546 1035 677 1072 Florie
734 1034 902 1071 Lithum
959 1034 1006 1071 de
1058 1032 1313 1078 Milkestret',
1367 1037 1405 1072 et
1457 1034 1638 1072 Peitevin
1691 1033 1774 1072 filio
1826 1032 2049 1078 Benedicti,
2104 1032 2245 1071 Judeis

547 1097 689 1142 Lond’,
726 1109 850 1145 usque
889 1096 930 1133 in
970 1108 1098 1133 unum
1138 1108 1318 1133 mensem
1358 1109 1381 1133 a
1413 1095 1475 1133 die
1510 1096 1662 1134 Pasche
1701 1108 1807 1133 anno
1846 1094 1958 1144 regni
1998 1094 2101 1143 regis
2138 1095 2241 1144 xxj.;

546 1159 601 1196 ita
657 1159 760 1207 quod
818 1158 980 1196 interim
1038 1170 1119 1195 non
1177 1160 1340 1195 currant
1396 1170 1516 1195 usure
1572 1158 1790 1196 eorundem
1848 1156 2086 1195 debitorum.
2188 1156 2244 1195 Et

545 1221 784 1258 mandatum
832 1223 891 1258 est
939 1220 1172 1269 justiciariis
1224 1220 1272 1257 ad
1321 1220 1546 1258 custodiam
1599 1220 1820 1258 Judeorum
1873 1218 2088 1268 assignatis
2139 1219 2245 1269 quod

546 1284 601 1321 sic
639 1283 724 1321 fieri
763 1286 801 1321 et
841 1282 1054 1321 inrotulari
1092 1282 1255 1320 faciant.
1343 1282 1459 1320 Teste
1498 1296 1588 1331 rege
1628 1285 1672 1320 ut
1711 1295 1845 1331 supra.

653 1388 729 1423 I’ro
798 1387 1075 1424 cmzstabzdario
1155 1385 1411 1434 hestia—Rex
1486 1384 1785 1423 constabulario
1858 1384 1983 1430 Roffe,
2055 1384 2243 1422 salutem.

546 1449 796 1498 Precipiinus
845 1448 917 1486 tibi
965 1448 1072 1497 quod
1117 1448 1164 1485 de
1217 1447 1360 1485 wardis
1403 1447 1689 1496 *spectantibus
1737 1447 1785 1484 ad
1835 1449 2011 1484 castrum
2060 1448 2245 1484 nostrum

547 1511 659 1548 Roffe
690 1511 794 1548 unde
834 1510 1069 1560 respondere
1099 1509 1217 1547 debes
1256 1509 1304 1546 ad
1346 1509 1577 1548 Saccarium
1613 1512 1811 1554 nostrum,
1848 1509 2022 1546 retineas
2060 1508 2109 1546 ad
2146 1521 2246 1557 opus

546 1576 661 1611 tuum
702 1586 772 1622 pro
811 1573 992 1611 custodia
1029 1572 1208 1622 ejusdem
1247 1571 1367 1609 castri
1420 1572 1501 1622 xvj.
1542 1571 1677 1617 libras,
1726 1574 1765 1609 et
1812 1571 1860 1609 de
1906 1570 2055 1608 eisdem
2103 1570 2246 1609 wardis

546 1635 691 1673 habere
731 1635 852 1673 facias
890 1635 1098 1684 capellano
1145 1636 1281 1671 nostro
1335 1632 1550 1671 celebranti
1598 1634 1734 1672 divina
1782 1633 1823 1671 in
1871 1633 2022 1682 capella
2067 1633 2246 1682 ejusdem

547 1698 666 1737 castri
706 1698 732 1736 l.
773 1698 947 1744 solidos3
978 1700 1017 1736 et
1046 1699 1304 1746 computatur
1333 1696 1400 1734 tad
1442 1696 1710 1735 Scaccarium.
1771 1697 1889 1734 Teste
1919 1708 2008 1745 rege
2038 1698 2082 1733 ut
2112 1708 2244 1745 supra.

656 1805 734 1840 Pro
791 1805 918 1840 abbate
967 1805 1009 1839 de
1065 1804 1102 1840 la
1160 1801 1441 1840 blnda—Rex
1496 1800 1712 1838 baronibus
1771 1800 1854 1838 suis
1910 1800 1957 1838 de
2025 1800 2246 1846 Scaccario,

549 1866 736 1904 salutem.
791 1865 1034 1903 Mandamus
1085 1863 1197 1902 vobis
1243 1862 1346 1912 quod
1399 1875 1533 1900 coram
1586 1862 1699 1900 vobis
1751 1861 1828 1911 legi
1881 1861 2039 1900 faciatis
2095 1864 2247 1900 cartam

550 1927 705 1966 abbatis
743 1928 790 1966 de
828 1927 955 1965 Forde
993 1927 1041 1964 de
1079 1924 1334 1964 libertatibus
1371 1937 1471 1974 quas
1509 1924 1606 1962 dicit
1645 1937 1686 1962 se
1725 1923 1870 1961 habere
1908 1924 1956 1961 de
1994 1924 2248 1962 concessione

548 1990 800 2039 quorundam
844 1989 1165 2038 predecessorum
1214 1990 1445 2025 nostrorum
1496 1998 1636 2035 regum
1676 1985 1832 2034 Anglie‚
1873 1987 1912 2023 et
1954 1984 2159 2023 libertates
2206 1986 2247 2023 in

549 2053 685 2090 eadem
738 2054 846 2090 carta
893 2054 1104 2089 contentas
1155 2062 1230 2099 que
1283 2049 1317 2087 ei
1370 2047 1517 2086 debent
1569 2051 1607 2085 et
1654 2047 1934 2086 consueverint
1985 2047 2145 2086 allocari
2198 2048 2247 2086 ad

551 2115 804 2153 §caccarium
836 2117 1034 2158 nostrum,
1067 2112 1195 2150 eidem
1246 2110 1380 2149 abbati
1427 2110 1553 2148 teneri
1604 2113 1642 2147 et
1687 2109 1850 2147 allocari
1901 2109 2071 2148 faciatis.
2131 2109 2248 2148 Teste

552 2190 641 2226 rege
680 2177 784 2226 apud
824 2176 985 2220 Dovor‘,
1022 2174 1119 2224 xxij.
1161 2174 1222 2211 die
1262 2172 1483 2211 Februarii.

657 2281 713 2317 De
746 2281 1015 2328 perdonatione
1048 2280 1137 2326 fugle
1169 2291 1239 2326 pro
1284 2284 1397 2313 marte
1444 2275 1763 2313 hominia—Rex
1809 2274 2034 2313 vicecomiti
2082 2274 2249 2322 Oxonie,

551 2343 736 2380 salutem.
797 2341 909 2380 Scias
944 2340 1049 2390 quod
1096 2342 1295 2389 quantum
1338 2339 1379 2376 in
1430 2337 1547 2375 nobis
1598 2340 1659 2375 est
1704 2336 2013 2386 perdonavimus
2047 2336 2249 2375 Willelmo

551 2405 692 2450 Motte,
732 2403 897 2452 Hugoni
934 2403 980 2440 de
1018 2402 1222 2448 Meriton‚'
1263 2404 1301 2439 et
1350 2400 1528 2438 Waltero
1568 2399 1682 2445 Seth,
1732 2399 1871 2448 fugam
1910 2411 2031 2448 quain
2071 2398 2251 2437 fecerunt

552 2479 622 2515 pro
661 2468 788 2503 morte
829 2463 994 2502 Roberti
1033 2464 1185 2512 Patage
1224 2465 1263 2500 et
1302 2462 1406 2499 unde
1458 2460 1649 2510 appellati
1701 2461 1866 2497 fuerunt
1918 2473 1987 2509 per
2038 2459 2250 2497 Widonem

552 2529 714 2576 Par-age.
765 2526 1083 2564 Perdonavimus
1112 2525 1234 2563 etiam
1259 2524 1406 2562 eisdem
1437 2526 1586 2561 sectam
1617 2525 1799 2560 nostram
1820 2534 1941 2571 quam
1971 2534 2016 2558 ea
2045 2521 2250 2560 occasione

552 2603 643 2638 erga
673 2591 780 2638 ipsos
809 2588 1047 2629 habuimus:
1079 2588 1136 2625 ita
1165 2591 1301 2625 tamen
1331 2586 1436 2635 quod
1467 2584 1638 2633 accipias
1668 2583 1717 2621 ab
1746 2584 1802 2621 eis
1831 2583 2087 2621 securitatem
2116 2584 2251 2621 standi

550 2655 657 2690 recto
695 2652 727 2689 si
765 2651 853 2700 quis
891 2664 984 2700 erga
1021 2650 1128 2699 ipsos
1166 2649 1258 2687 inde
1296 2647 1405 2697 loqui
1443 2647 1627 2685 voluerit.
1687 2646 1742 2684 Et
1780 2645 1868 2683 ideo
1901 2645 1975 2683 tibi
2009 2645 2250 2694 precipimus

551 2714 656 2763 quod
702 2713 899 2762 predictos
947 2712 1211 2756 Willelmum,
1247 2710 1464 2758 Hugonem
1512 2711 1551 2747 et
1600 2707 1822 2746 Walterum
1868 2707 1910 2744 in
1949 2707 2143 2745 comitatu
2182 2711 2251 2746 tuo

552 2788 598 2813 ea
644 2775 848 2812 occasione
896 2773 1133 2822 interrogari
1180 2772 1243 2810 vel
1290 2770 1462 2819 utlagari
1510 2783 1591 2808 non
1642 2769 1777 2807 facias.
1855 2769 1971 2806 Teste
2018 2781 2107 2817 rege
2145 2770 2251 2818 apud

554 2837 715 2881 Dovor’,
755 2836 849 2885 xxij.
888 2836 949 2873 die
988 2834 1208 2873 Februarii.
1285 2833 1360 2871 Per
1396 2832 1647 2870 Willelmum
1687 2831 1734 2868 de
1773 2830 1956 2879 Ralegh’.

658 2941 735 2976 Pro
786 2941 990 2979 &adesi-ido
1037 2940 1079 2975 de
1128 2936 1471 2985 &somergem—Rex
1514 2935 1685 2972 reddidit
1724 2934 1942 2972 Godefrido
1980 2933 2026 2970 de
2066 2933 2250 2983 Gamag‘,

552 3002 636 3040 filio
681 3005 719 3038 et
766 3001 899 3038 heredi
948 2999 1141 3037 Willelmi
1188 2999 1235 3036 de
1285 2998 1470 3045 Gamag’,
1514 2997 1636 3034 talem
1677 2996 1865 3033 seisinam
1904 2996 1950 3033 de
1988 2995 2167 3032 manerio
2205 2996 2251 3034 de

554 3063 768 3104 Stotesdon
813 3076 903 3100 cum
952 3061 1207 3111 pertinentiis
1254 3060 1412 3109 qualem
1461 3059 1663 3108 predictus
1701 3058 1944 3103 willelmus,
1993 3060 2107 3106 pater
2152 3058 2251 3107 ejus,

552 3128 644 3165 inde
693 3125 835 3163 habuit
882 3125 944 3161 die
990 3136 1068 3172 quo
1115 3122 1227 3169 obiit,
1279 3122 1388 3160 salvo
1436 3121 1517 3170 regi
1575 3121 1661 3170 jure
1717 3133 1789 3157 suo
1841 3120 1874 3157 si
1925 3123 2063 3168 postea
2114 3132 2251 3158 versus

552 3203 644 3229 euni
681 3188 772 3226 inde
806 3186 913 3235 loqui
952 3186 1136 3223 voluerit.
1212 3187 1266 3222 Et
1305 3184 1543 3221 mandatum
1578 3187 1637 3220 est
1673 3181 1898 3219 vicecomiti
1943 3180 2102 3229 Salopie
2147 3183 2251 3230 quod

551 3252 679 3291 eidem
727 3247 941 3287 Godefrido
987 3247 1033 3284 de
1077 3247 1254 3295 predicto
1298 3245 1479 3283 manerio
1518 3256 1609 3282 cum
1646 3242 1899 3291 pertinentiis
1938 3242 2023 3279 sine
2060 3241 2251 3281 dilatione

551 3315 713 3364 plenam
747 3311 940 3348 seisuram
973 3308 1117 3345 habere
1150 3308 1284 3354 faciat,
1317 3307 1419 3346 sicut
1453 3305 1677 3355 predictum
1715 3307 1789 3343 e‘st.
1865 3304 1980 3342 Teste
2019 3315 2109 3353 rege
2145 3305 2251 3354 apud

551 3376 712 3419 Dovor',
750 3371 862 3421 xxiij.
904 3370 965 3410 die
999 3369 1218 3412 Februarii,
