2375 3587
158 341 299 388 1237.

166 409 224 445 [m.
243 407 288 446 2.]

1036 221 1087 258 21
1132 219 1339 259 HENRY
1381 220 1461 259 ΠΙ.
2020 220 2101 260 497

508 413 584 449 Pro
616 414 819 451 Fratribus
855 417 1069 452 Minoribus
1105 415 1427 452 moretoil—Rex
1461 415 1605 463 majori
1633 418 1672 453 et
1704 413 1838 463 probis
1868 412 2102 451 hominibus

395 472 568 512 Eboraci
608 478 683 513 etc.
761 477 863 523 Quia
901 480 1168 524 protestatum
1220 480 1279 515 est
1329 490 1463 515 coram
1515 476 1630 514 nobis
1673 477 1777 526 quod
1830 489 1909 514 non
1949 478 2008 513 est
2053 475 2102 512 ad

392 540 685 574 nocumentum
707 538 867 576 civtatis
898 541 1032 576 nostre
1060 538 1233 576 Eboraci
1267 539 1297 576 si
1333 539 1600 577 concedamus
1630 537 1839 576 Fratribus
1874 536 2101 574 Minoribus

392 598 498 646 apud
555 598 785 637 Eboracum
843 600 1176 638 conversantibus
1243 601 1454 639 duodecim
1513 600 1631 649 pedes
1693 600 1734 637 in
1792 599 2008 637 latitudine
2063 601 2101 636 et

392 659 659 709 quadraginta
711 662 829 710 pedes
886 662 927 699 in
985 662 1239 711 longitudine
1295 663 1342 700 de
1399 662 1561 711 puplica
1613 664 1739 699 strata
1791 664 1940 705 nostra,
1980 673 2101 709 prope

391 721 531 759 domos
572 722 748 770 ipsorum
788 724 959 761 fratrum
999 737 1046 761 ex
1086 728 1197 772 parte
1236 724 1434 768 orientali,
1477 724 1517 760 in
1563 726 1828 771 augmentum
1878 722 2100 759 mansionis

391 784 608 820 eorundem
653 784 861 825 'fr-atrum:
921 785 1031 823 vobis
1083 786 1326 823 mandamus
1379 786 1485 834 quod
1542 786 1589 823 de
1644 784 1833 834 predictis
1890 784 2099 821 duodecim

391 844 557 893 pedibus
606 845 645 883 in
694 847 910 885 latitudine
949 850 988 885 et
1027 848 1295 896 quadraginta
1333 847 1500 896 pedibus
1548 847 1590 884 in
1638 846 1891 895 longitudine
1938 845 2099 893 plenam

390 906 582 945 seisinain
615 908 773 946 faciatis
811 909 1003 947 fratribus
1034 909 1223 958 predictis
1253 909 1293 946 in
1324 912 1590 958 augmentum
1626 921 1695 946 sue
1730 907 1967 951 mansionis,
1998 906 2102 944 sicut

390 969 616 1017 predictum
655 974 727 1010 est.
807 971 922 1009 Tests
961 984 1051 1020 rege
1090 972 1195 1021 apud
1237 971 1482 1017 Eboracum,
1524 984 1616 1008 xxv.
1656 970 1719 1007 die
1760 968 2021 1018 Septembris.

504 1092 556 1128 De
593 1093 795 1140 quercubus
835 1092 1248 1129 dsttis.—Mandatum
1293 1101 1352 1129 est
1401 1091 1536 1129 Avicie
1584 1091 1632 1128 de
1681 1089 1949 1129 Columbariis
1996 1088 2101 1138 quod

390 1153 430 1190 in
471 1153 619 1191 foresta
657 1153 760 1202 regis
799 1154 846 1191 de
886 1154 987 1191 Cett’
1029 1153 1173 1192 habere
1212 1154 1334 1191 faciat
1373 1153 1570 1202 Magistro
1609 1152 1796 1197 Hervico,
1837 1164 2004 1201 persone
2054 1151 2101 1187 de

392 1215 520 1260 Anne,
552 1215 730 1265 quinque
772 1228 940 1264 quercus
989 1215 1067 1252 nisi
1101 1215 1278 1265 quinque
1311 1214 1452 1253 robora
1487 1213 1673 1252 habuerit
1706 1227 1774 1263 per
1808 1213 1909 1251 alias
1946 1213 2100 1250 litteras

392 1280 551 1316 nostras
590 1291 717 1327 nuper
755 1278 847 1316 inde
887 1277 959 1316 tibi
999 1278 1180 1316 directas.
1257 1278 1373 1315 Teste
1412 1280 1457 1315 ut
1496 1290 1629 1326 supra.

500 1399 555 1434 De
622 1405 721 1435 terra
792 1399 972 1435 Nicleai
1038 1400 1080 1435 <Ie
1150 1399 1367 1435 Faremlaem'
1435 1396 1977 1434 e.e·tendenda.-Mandatum
2041 1398 2101 1433 est

389 1460 622 1510 justiciariis
659 1461 708 1498 ad
746 1461 971 1499 custodiam
1007 1461 1229 1498 Judeorum
1270 1460 1487 1508 assignatis
1525 1459 1629 1509 quod
1668 1462 1795 1497 terras
1832 1458 2015 1497 Nicholai
2053 1458 2100 1495 de

392 1523 615 1560 Ferendon'
656 1523 816 1561 extendi
863 1523 1014 1561 faciant
1061 1525 1259 1572 quantum
1309 1522 1469 1560 valeant
1517 1522 1558 1558 in
1598 1521 1824 1567 dominicis,
1864 1520 2098 1566 redditibus,

392 1585 603 1633 vilenagiis
663 1589 701 1623 et
758 1585 947 1623 omnibus
999 1585 1087 1622 aliis
1140 1584 1314 1623 exitibus
1368 1587 1482 1628 terre,
1552 1587 1590 1621 et
1647 1583 1868 1621 secundum
1924 1583 2099 1620 valorem

391 1647 609 1684 earundem
676 1650 875 1685 terrarum
932 1651 970 1685 et
1027 1648 1300 1696 quantitatem
1358 1645 1482 1683 debiti
1538 1646 1643 1695 quod
1700 1645 1815 1683 debet
1873 1645 2006 1682 Aaron
2063 1648 2102 1682 et

392 1709 596 1755 Deudone,
639 1710 778 1747 Judeis
818 1709 1005 1755 Eboraci,
1042 1709 1324 1747 rationabilem
1368 1708 1522 1757 [finem]
1554 1711 1592 1745 et
1615 1707 1874 1745 rationabiles
1908 1707 2102 1745 terminos

393 1772 427 1810 ei
466 1771 611 1810 habere
649 1772 814 1810 faciant.
881 1773 997 1810 Teste
1037 1785 1125 1821 rege
1162 1772 1268 1821 apud
1307 1770 1551 1815 Eboracum,
1593 1771 1701 1820 xxvj.
1739 1770 1801 1807 die
1841 1769 2099 1819 Septembris.

503 1903 580 1939 ΡΜ
634 1904 760 1950 priore
815 1910 847 1938 et
903 1908 1079 1938 cami-enta
1139 1903 1180 1937 de
1239 1899 1695 1936 lern'.——Mandatum
1752 1900 1811 1936 est
1878 1897 1998 1935 Petro
2054 1898 2101 1935 de

394 1964 610 2002 Bedinton'
646 1964 751 2013 quod
781 1963 925 2001 habere
956 1964 1077 2001 faciat
1110 1962 1232 2012 priori
1267 1965 1306 1999 et
1338 1961 1556 1999 conventui
1588 1961 1634 1998 de
1664 1960 1814 1998 Thorn’
1850 1960 1897 1997 de
1928 1959 2101 1998 exitibus

393 2026 550 2064 abbatie
602 2026 649 2064 de
703 2026 852 2064 Thorn’
892 2039 967 2076 que
1020 2031 1080 2063 est
1132 2025 1172 2062 in
1224 2024 1406 2062 custodia
1460 2037 1532 2061 sua
1570 2022 1811 2061 rationabile
1858 2023 2101 2075 estoverium

393 2103 510 2127 suum
559 2091 599 2127 in
648 2089 757 2127 victu
805 2092 843 2126 et
891 2088 1040 2126 vestitu
1088 2087 1309 2125 secundum
1358 2086 1464 2136 quod
1527 2085 1673 2123 habere
1721 2089 2016 2122 consueverunt
2062 2088 2102 2123 et

394 2152 595 2201 stipendia
634 2152 880 2189 servientum
920 2163 1085 2188 suorum
1125 2148 1359 2199 acquietari.
1439 2148 1557 2185 Teste
1598 2150 1642 2185 ut
1681 2160 1814 2195 supra.

508 2273 559 2308 De
596 2285 695 2310 cerm
729 2270 1129 2309 «lata—Mandatum
1164 2271 1224 2306 est
1255 2268 1409 2305 Thome
1448 2267 1495 2304 de
1534 2266 1717 2304 Muleton
1757 2266 1861 2315 quod
1892 2265 1934 2302 in
1956 2265 2104 2303 foresta

394 2335 562 2373 Carleol’
604 2334 726 2372 faciat
765 2332 909 2370 habere
949 2332 1126 2370 Henrico
1164 2332 1211 2368 de
1260 2330 1500 2375 Bernevass’,
1550 2329 1756 2378 capellano
1807 2328 1923 2376 regis,
1974 2341 2101 2365 unum

392 2410 566 2441 cervum,
606 2396 653 2434 de
691 2396 795 2433 dono
834 2395 949 2444 regis.
1007 2394 1123 2432 Teste
1162 2399 1207 2431 ut
1246 2405 1378 2441 supra.

502 2528 581 2563 Pro
608 2527 734 2573 priore
769 2523 1071 2561 Lanc'.—Prior
1099 2523 1146 2560 de
1181 2524 1301 2560 Lanc'
1332 2534 1399 2570 per
1428 2520 1596 2558 assisam
1626 2519 1768 2557 ultime
1797 2519 2106 2568 presentationis

391 2592 552 2639 captam
617 2600 751 2626 coram
806 2586 1041 2637 justiciariis
1107 2585 1156 2622 ad
1223 2585 1296 2622 hoc
1363 2583 1579 2632 assignatis
1656 2582 1904 2631 recuperavit
1968 2595 2105 2619 versus

393 2653 596 2701 Rogerum
645 2650 796 2688 Gernet
852 2652 890 2686 et
943 2648 1155 2686 Warinum
1214 2647 1261 2684 de
1319 2646 1514 2683 Waletou‘
1572 2645 1763 2682 seisinam
1829 2644 2103 2682 advocationis

393 2714 621 2753 medietatis
685 2712 833 2761 capelle
899 2712 946 2749 de
1030 2710 1279 2753 Eccleston'3
1370 2712 1409 2745 et
1489 2707 1727 2745 mandatum
1797 2709 1857 2744 est
1919 2706 2103 2755 episcopo

394 2775 655 2816 Coventrensi
693 2778 731 2813 et
770 2773 1065 2812 Lichefeldensi
1104 2773 1209 2821 quod
1248 2772 1297 2809 ad
1332 2770 1671 2820 presentationem
1711 2768 1837 2817 ipsius
1874 2768 2016 2817 prioris
2054 2769 2101 2805 ad

393 2840 613 2889 predictam
654 2837 909 2875 medietatem
949 2835 1099 2885 capelle
1137 2835 1322 2872 idoneam
1373 2845 1585 2882 personam
1625 2832 1829 2869 admittat.
1903 2831 2019 2868 Teste
2060 2834 2102 2867 ut

391 2915 524 2951 supra.

503 3007 578 3043 Pro
614 3006 805 3041 heredibus
834 3004 978 3040 comitis
1019 3001 1314 3039 vestrm—Rex
1341 3013 1410 3049 per
1439 3012 1649 3038 assensum
1670 2998 1861 3036 heredum
1884 2997 2098 3044 Johannis,

393 3068 595 3118 quondam
651 3066 811 3104 comitis
859 3064 1010 3102 Cestrie
1057 3066 1095 3101 et
1135 3063 1276 3107 Hunt‘,
1336 3061 1540 3100 commisit
1589 3061 1651 3098 W.
1692 3060 1830 3098 comiti
1868 3059 2098 3105 Albemarl',

393 3144 532 3170 omnes
582 3133 705 3167 terras
744 3141 842 3177 quas
876 3127 1007 3164 dictus
1052 3138 1184 3163 comes
1237 3125 1388 3163 Cestrie
1428 3123 1558 3161 tenuit
1597 3123 1645 3160 de
1684 3135 1772 3171 rege
1815 3122 1856 3158 in
1889 3122 2017 3170 capite
2056 3121 2096 3158 in

392 3193 586 3234 comitatu
626 3191 863 3239 Norhampt'
903 3188 1184 3227 custodiendas
1215 3200 1421 3237 quousque
1455 3186 1526 3224 fiat
1560 3185 1665 3223 inter
1697 3185 1892 3234 predictos
1937 3184 2099 3221 heredes

393 3255 557 3306 partitio
596 3257 791 3291 terrarum
830 3264 906 3301 que
944 3263 1010 3288 eos
1055 3249 1292 3287 hereditarie
1335 3248 1578 3296 contingunt
1614 3248 1661 3284 de
1706 3246 1882 3295 predicto
1925 3246 2095 3290 comite;

393 3319 448 3357 Et
495 3316 729 3355 mandatam
768 3317 828 3351 est
865 3312 1091 3351 vicecomiti
1141 3311 1378 3360 Norhampt'
1416 3310 1520 3359 quod
1572 3310 1618 3347 de
1667 3308 1854 3357 predictis
1901 3307 2017 3345 terris
2056 3309 2096 3344 in

392 3380 513 3419 hallia
551 3392 623 3417 sua
660 3377 789 3415 eidem
827 3375 964 3414 comiti
1004 3375 1089 3413 sine
1126 3373 1319 3412 dilatione
1357 3373 1519 3423 plenam
1558 3371 1748 3409 seisinam
1788 3369 1931 3408 habere
1962 3369 2096 3415 faciat,

448 3468 552 3501 18690
1945 3457 1964 3489 2
1990 3458 2007 3489 Ι
