2375 3587
199 196 281 241 ²276

262 322 403 368 1236.

249 387 310 427 [m.
339 386 372 418 11
394 389 405 427 ]

253 1634 312 1672 [m.
342 1632 411 1670 10.]

1127 197 1312 240 CLOSE
1356 197 1560 241 ROLLS.

495 395 721 441 dominicis,
763 395 994 440 redditibus,
1038 394 1230 439 serviciis,
1270 393 1495 442 villenagiis
1543 396 1581 431 et
1629 394 1817 432 omnibus
1865 395 1954 433 aliis
2001 395 2188 442 exitibus,

495 460 546 501 et,
598 457 704 495 facta
756 457 989 495 extensione
1041 456 1228 505 predicta,
1281 455 1409 492 eidem
1463 455 1590 493 Azoni
1642 456 1924 494 rationabilem
1975 457 2100 495 finem
2152 461 2191 496 et

440 518 443 519 ⁷
494 517 752 555 rationabiles
782 517 975 556 terminos
1005 516 1149 554 habere
1180 515 1332 553 faciant
1363 515 1412 552 ad
1443 514 1577 553 debita
1607 515 1649 553 in
1679 516 1824 566 quibus
1854 519 2014 555 tenetur
2045 518 2188 565 David,

494 578 622 617 Judeo
664 579 829 625 Oxonie‚
870 582 908 617 et
951 577 1170 616 Deuleben’
1212 577 1295 615 filio
1338 576 1498 623 Ursell’‚
1539 577 1669 615 Judeo
1708 577 1928 624 wintonie,
1970 580 2189 618 secundum

494 642 670 680 valorem
700 642 969 691 predictarum
996 641 1208 678 domorum
1236 642 1274 677 et
1301 642 1498 677 terrarum
1525 641 1564 677 et
1588 639 1892 690 quantititatem
1919 641 2188 690 predictorum

495 703 735 748 debitorum,
776 704 833 741 ita
871 702 977 752 quod
1015 701 1180 739 interim
1215 704 1376 739 'cessent
1415 713 1549 739 usure.
1627 701 1744 740 Teste
1782 715 1871 751 rege
1908 707 1953 741 ut
1990 716 2119 753 supra.

605 801 680 837 Pro
736 801 862 835 abbate
919 799 1053 835 Sancti
1110 798 1321 842 Edmzmdi,
1380 798 1422 832 de
1476 804 1640 844 respectu
1695 797 2009 845 loquela—Quia
2071 798 2192 837 abbas

498 861 637 900 Sancti
672 860 879 898 Edmundi
911 872 978 908 per
1010 861 1242 907 preceptum
1275 858 1378 907 regis
1409 858 1451 895 in
1486 858 1662 896 crastino
1692 858 1784 896 festi
1821 858 1960 898 Sancti
1991 860 2193 899 Johannis

497 923 680 972 Baptiste
710 922 889 959 intendet
918 920 1159 970 quibusdam
1190 920 1363 969 negotiis
1392 920 1495 969 regis
1525 919 1778 969 inpartibus
1807 921 1891 958 suis
1923 922 2191 971 expediendis,

496 998 572 1033 que
624 998 689 1022 rex
739 985 773 1021 ei
826 983 1019 1032 injunxit,
1076 982 1132 1020 ita
1184 982 1289 1031 quod
1339 995 1383 1019 eo
1422 982 1485 1019 die
1523 995 1657 1020 coram
1696 982 1929 1032 justiciariis
1968 984 2015 1022 de
2053 984 2192 1023 Banco

495 1059 723 1095 comparere
769 1058 849 1082 non
889 1047 1032 1094 potest,
1067 1044 1306 1081 mandatum
1338 1046 1397 1081 est
1429 1043 1617 1093 predictis
1646 1043 1880 1094 justiciariis
1914 1046 2020 1094 quod
2052 1059 2192 1085 omnes

496 1108 673 1157 loquelas
711 1107 842 1156 ispum
884 1106 1041 1155 prefato
1079 1106 1141 1143 die
1181 1108 1394 1155 tangentes
1433 1118 1566 1143 coram
1616 1106 1673 1143 eis
1723 1109 1875 1154 ponant
1922 1107 1963 1143 in
2011 1111 2192 1157 respectu

496 1171 536 1206 in
576 1170 713 1207 eodem
752 1172 859 1206 statu
899 1181 978 1217 quo
1016 1172 1134 1206 erunt
1173 1168 1222 1205 ad
1267 1168 1373 1205 diem
1410 1167 1541 1212 illum,
1582 1180 1706 1217 usque
1754 1168 1794 1204 in
1842 1168 2002 1207 octabas
2052 1169 2191 1209 Sancti

498 1232 705 1270 Michaelis
739 1244 846 1269 anno
884 1234 959 1269 etc.
1001 1244 1065 1268 xx.
1125 1230 1242 1268 Teste
1281 1243 1372 1279 rege
1410 1237 1460 1268 ut
1494 1242 1628 1279 supra.
1874 1244 1875 1247 ¹

610 1341 661 1376 De
710 1340 830 1375 damis
875 1337 1287 1375 datis—Mandatum
1338 1339 1398 1375 est
1451 1336 1632 1375 Johanni
1684 1337 1732 1374 de
1770 1337 1929 1383 Nevill’,
1968 1339 2192 1388 justiciario

498 1402 655 1443 foreste,
691 1401 795 1450 quod
830 1400 870 1437 in
906 1400 1056 1438 foresta
1090 1400 1136 1437 de
1169 1399 1350 1437 Brehull'
1384 1397 1527 1436 habere
1557 1398 1678 1436 faciat
1711 1398 1950 1437 Walerando
1975 1400 2193 1440 Teutonico

497 1464 597 1502 duos
646 1464 785 1501 damos
837 1462 884 1500 de
933 1462 1037 1500 dono
1082 1462 1198 1511 regis.
1259 1461 1375 1499 Teste
1420 1473 1510 1509 rege
1557 1460 1663 1509 apud
1703 1460 1979 1510 Wyntoniam‚
2020 1462 2090 1513 xij.
2130 1463 2193 1501 die

499 1526 625 1564 Junii.

611 1632 684 1667 Pro
713 1632 837 1679 priore
866 1631 909 1665 de
937 1627 1313 1676 Mer-lebery'.-—Rex
1344 1626 1527 1664 Galfrido
1556 1626 1740 1665 Esturmi
1764 1627 1948 1665 salutem.
2008 1628 2193 1668 Ostendit

497 1693 612 1731 nobis
664 1692 770 1741 prior
820 1691 966 1729 Sancte
1015 1692 1237 1739 Margarete
1288 1690 1335 1726 de
1386 1688 1617 1738 Merleberg'
1671 1689 1789 1738 quod,
1842 1702 1933 1727 cum
1972 1690 2056 1739 ipse
2094 1692 2193 1731 duos

498 1756 681 1794 homines
721 1767 812 1792 suos
850 1753 1026 1792 misisset
1060 1753 1109 1790 ad
1142 1752 1306 1790 boscum
1339 1754 1523 1789 nostrum
1562 1751 1610 1789 de
1650 1751 1849 1790 Savernac
1883 1764 1954 1800 pro
1988 1753 2193 1792 claustura

497 1819 609 1868 spine
661 1818 709 1855 ad
766 1818 890 1866 bayas
938 1829 1029 1854 suas
1080 1814 1336 1859 claudendas,
1391 1817 1435 1852 tu
1491 1814 1666 1863 prefatos
1720 1814 1906 1852 homines
1959 1816 2099 1864 cepisti
2154 1820 2192 1855 et

495 1879 772 1930 imprisonasti
820 1882 858 1917 et
903 1878 1033 1916 adhuc
1070 1877 1224 1915 detines
1263 1876 1562 1925 imprisonatos.
1621 1876 1676 1914 Et
1715 1876 1803 1914 ideo
1841 1876 1913 1914 tibi
1952 1878 2193 1927 precipimus

495 1943 612 1993 quod,
645 1942 677 1979 si
715 1941 770 1979 ita
809 1943 881 1985 est,
917 1943 1012 1978 tunc
1044 1940 1218 1988 prefatos
1252 1938 1437 1976 homines
1471 1938 1556 1976 sine
1589 1937 1782 1976 dilatione
1813 1937 2024 1977 deliberari
2054 1940 2191 1979 facias.

497 2006 613 2043 Teste
651 2017 740 2053 rege
778 2003 882 2052 apud
921 2002 1188 2047 Wintoniam‚
1230 2000 1313 2051 xiij.
1354 2000 1417 2038 die
1456 2000 1583 2038 Junii.

603 2101 694 2137 Pro.
732 2100 787 2135 ῙΓ.
838 2098 1077 2135 Κανίεοίενηειῖ
1122 2099 1301 2145 episcopo,
1342 2097 1385 2132 «Ie
1430 2095 1867 2133 ‹la»1is.—Mandatum
1914 2099 1974 2133 est
2021 2096 2193 2136 Ricardo

493 2163 540 2200 de
571 2161 814 2199 Muntfichet
850 2159 955 2209 quod
988 2159 1196 2208 permittat
1229 2158 1289 2196 W.
1324 2157 1626 2195 Karleolensem
1657 2157 1904 2206 episcopum,
1940 2170 2078 2207 capere
2112 2162 2191 2198 tres

493 2226 631 2263 damos
669 2224 718 2261 ad
757 2236 855 2272 opus
894 2235 1012 2260 suum
1053 2222 1093 2259 in
1134 2220 1280 2259 balliva
1318 2233 1389 2258 sua
1427 2220 1474 2258 de
1507 2220 1612 2258 dono
1646 2219 1762 2269 regis.
1822 2220 1938 2258 Teste
1968 2234 2058 2270 rege
2087 2223 2192 2271 apud

494 2286 761 2330 lVintoniam,
802 2285 902 2334 xiiij.
943 2284 1006 2322 die
1044 2283 1170 2321 Junii.

601 2365 755 2403 Eodem
803 2363 922 2402 modo
967 2363 1208 2401 mandatum
1257 2364 1317 2399 est
1366 2360 1524 2399 ballivis
1579 2360 1627 2398 de
1683 2360 1867 2411 Odyham
1924 2373 1995 2410 pro
2051 2361 2190 2400 eodem

493 2428 677 2477 episcopo
716 2426 762 2464 de
802 2424 930 2464 tribus
969 2425 1108 2462 damis.
1187 2423 1304 2461 Teste
1343 2435 1433 2471 rege
1472 2425 1517 2459 ut
1557 2434 1689 2471 supra.

603 2523 728 2560 Surr‘.
772 2522 1004 2558 ProssPetro
1046 2519 1418 2557 Baldewim'.—Rex
1457 2518 1603 2556 dilecto
1649 2520 1688 2555 et
1735 2517 1844 2555 fideli
1892 2530 1964 2556 suo
2012 2518 2193 2557 Johanni

493 2585 541 2623 de
581 2584 794 2623 Gatesden’
834 2583 1018 2621 salutem.
1096 2581 1284 2619 Ostendit
1323 2579 1438 2618 nobis
1485 2580 1628 2618 Petrus
1676 2579 1900 2617 Baldewini
1949 2580 2053 2629 quod
2101 2594 2192 2620 cum

493 2647 577 2696 ipse
615 2659 637 2683 a
675 2644 856 2684 Gilberto
894 2644 941 2682 de
979 2643 1211 2688 Abbernun,
1254 2643 1350 2680 dum
1393 2642 1556 2687 viveret,
1596 2641 1741 2690 viginti
1788 2644 1826 2679 et
1873 2641 2048 2691 quinque
2086 2643 2193 2682 fusta

494 2708 656 2746 emisset
689 2707 731 2744 in
772 2707 886 2744 bosco
924 2718 995 2743 suo
1034 2706 1080 2743 de
1129 2704 1284 2750 Stokes‚
1328 2704 1385 2741 ita
1431 2703 1535 2753 quod
1582 2703 1741 2751 signata
1787 2706 1920 2741 essent
1967 2704 2076 2742 fusta
2122 2705 2193 2743 illa

494 2770 543 2808 ad
573 2768 921 2819 prosternendum,
957 2770 995 2805 et
1028 2767 1106 2804 duo
1139 2767 1231 2804 inde
1264 2768 1398 2804 essent
1425 2767 1638 2814 prostrata,
1659 2777 1729 2802 vos
1759 2768 1972 2815 postquam
2001 2764 2191 2805 ballivam

494 2831 607 2880 illam
658 2829 863 2879 recepistis
912 2829 1021 2866 {usta
1072 2828 1141 2866 illa
1188 2827 1386 2877 prosterni
1435 2830 1474 2864 et
1521 2825 1665 2865 abduci
1712 2827 1945 2875 permittere
1990 2827 2191 2867 noluistis.

496 2893 551 2931 Et
607 2892 694 2930 ideo
749 2891 860 2930 vobis
917 2890 1158 2928 mandamus
1214 2889 1332 2939 quod,
1391 2888 1585 2938 inquisita
1641 2901 1759 2937 super
1814 2888 1889 2926 hoc
1958 2888 2193 2938 diligentius

495 2954 674 2999 veritate,
715 2953 747 2990 si
786 2952 1021 2990 inveneritis
1060 2952 1118 2990 ita
1155 2965 1253 2997 esse,
1294 2954 1391 2989 tunc
1428 2950 1629 2999 prefatum
1668 2949 1833 2988 Petrum
1872 2949 1983 2988 {usta
2015 2951 2193 2999 predicta

495 3019 744 3065 prosternere
791 3017 828 3051 et
876 3013 1069 3052 abducere
1117 3014 1203 3051 sine
1250 3012 1540 3062 impedimento
1595 3011 1854 3060 permittatis.
1931 3010 2047 3050 Teste
2102 3025 2193 3063 rege

496 3078 601 3127 apud
639 3076 905 3121 Wintoniam,
946 3075 1045 3126 xiiij.
1086 3075 1149 3113 die
1187 3075 1314 3113 Junii.
1355 3094 1357 3096 v

550 3164 561 3173 x
606 3185 661 3220 De
697 3184 817 3219 dantis
855 3184 954 3219 [latis
986 3184 1042 3219 W.
1078 3185 1120 3220 de
1150 3181 1619 3220 Kirkeh’.-Mandatum
1650 3181 1710 3217 est
1739 3179 1917 3217 Johanni
1952 3179 1999 3217 de
2030 3180 2189 3227 Nevill',

496 3244 717 3296 justiciario
763 3244 922 3290 foreste,
972 3244 1076 3293 quod
1123 3243 1163 3281 in
1211 3244 1359 3281 foresta
1405 3243 1452 3280 de
1508 3240 1688 3279 Brehull’
1747 3239 1892 3277 habere
1948 3240 2070 3279 faciat
2127 3242 2189 3280 W.

497 3307 646 3347 decano
695 3306 834 3345 Sancti
883 3305 1064 3351 Martini,
1104 3305 1248 3351 Lond’,
1288 3305 1388 3343 duos
1434 3304 1574 3342 damos
1636 3302 1683 3340 de
1730 3302 1835 3340 dono
1881 3301 1998 3351 regis.
2075 3303 2191 3342 Teste

499 3372 544 3406 ut
583 3380 713 3416 supra.
967 3383 971 3386 <
1043 3384 1050 3386 ν
1858 3372 1861 3374 ’
