2375 3587
192 320 338 369 1235.

195 388 254 428 [m.
269 388 334 428 ia]

184 2468 246 2507 [m.
272 2467 338 2507 18.]

1065 196 1115 237 19
1159 193 1365 236 HENRY
1406 194 1487 236 HI.
2076 202 2129 244 47

536 389 614 427 Pro
659 391 860 428 Mar-timo
898 392 1010 429 Marc
1057 393 1098 429 de
1146 392 1444 441 Armaza—Rex
1484 391 1642 431 ballivis
1687 393 1733 431 de
1773 393 1902 432 Lenn'
1944 395 2130 434 salutem.

429 451 530 499 Quia
566 454 834 501 protestatum
874 456 933 491 est
971 466 1105 492 coram
1145 454 1260 493 nobis
1305 455 1409 503 quod
1458 455 1687 493 'Martinus‘'
1734 456 1843 494 Marc
1888 457 1934 495 de
1980 458 2134 506 Argent

425 516 623 551 mercator
660 517 720 552 est
758 514 805 552 de
836 517 941 553 terra
975 515 1135 553 comitis
1171 515 1320 553 Pontif’
1354 521 1392 553 et
1427 528 1597 553 manens
1632 517 1738 565 apud
1773 516 1983 565 Abbeviss',
2020 519 2132 557 vobis

425 575 667 624 precipimus
718 576 824 625 quod
869 589 1009 615 omnes
1057 590 1117 615 res
1165 580 1204 615 et
1252 577 1398 616 catalla
1446 578 1639 627 ejusdem,
1681 591 1757 627 que
1801 592 1928 628 nuper
1967 581 2132 618 arestari

426 637 578 675 fecistis
622 637 829 676 occasione
868 639 1051 676 mandati
1086 639 1215 677 nostri
1253 640 1358 688 quod
1401 639 1513 677 vobis
1552 639 1721 677 fecimus
1760 640 1807 678 (le
1846 642 2134 680 mercatoribus

429 700 476 737 de
516 702 714 748 potestate
754 700 857 749 regis
897 700 1066 738 Francie
1105 703 1144 739 et
1182 714 1320 739 eorum
1357 700 1474 739 rebus
1522 705 1560 739 et
1609 702 1767 739 catallis
1814 704 2050 750 arestandis,
2099 705 2132 742 ei

429 761 539 799 reddi
593 761 751 800 faciatis
801 765 840 800 et
886 763 1058 801 eundem
1111 763 1158 800 de
1211 762 1328 801 rebus
1381 767 1420 801 et
1468 763 1627 802 catallis
1681 764 1763 802 suis
1820 766 2008 814 predictis
2065 779 2135 815 pro

429 823 638 862 voluntate
677 837 749 862 sua
786 824 996 874 disponere
1034 825 1294 874 permittatis.
1371 826 1487 864 Teste

532 962 611 998 Pro
643 963 831 999 Gileberto
860 962 1306 1000 Bassam—Mandatum
1336 965 1395 1000 est
1425 962 1723 1002 constabulario
1751 964 1870 1003 castri
1901 965 2133 1005 Divisarum

425 1023 545 1072 quod,
600 1023 633 1061 si
684 1023 911 1062 Gilebertus
956 1024 1099 1062 Basset
1146 1037 1228 1062 non
1276 1023 1463 1063 habuerit
1507 1025 1549 1062 in
1591 1025 1739 1064 foresta
1781 1027 1827 1064 de
1867 1027 2132 1067 Melkesham’

427 1099 491 1123 xv.
532 1098 714 1135 quercus,
757 1086 804 1124 de
842 1085 988 1135 quibus
1026 1089 1260 1136 preceptum
1300 1086 1457 1133 habuit,
1499 1090 1596 1126 tunc
1635 1088 1721 1127 loco
1760 1101 1899 1127 eorum
1940 1090 2061 1129 faciat
2100 1092 2135 1129 ei

426 1147 572 1185 habere
619 1161 681 1186 xv.
728 1161 895 1198 quercus
951 1148 992 1186 in
1050 1148 1198 1187 foresta
1254 1149 1301 1187 de
1359 1149 1612 1199 Chipeham’.
1708 1150 1825 1190 Teste
1882 1165 1971 1201 rege
2029 1154 2133 1203 apud

427 1210 585 1257 Dovor’,
627 1209 712 1260 viij.
753 1210 816 1249 die
855 1210 1077 1249 Februarii.

534 1341 612 1377 Pro
642 1342 840 1378 barom'hus
874 1342 916 1377 de
949 1341 1120 1390 Quinque
1145 1341 1345 1387 Portubus,
1375 1344 1416 1379 de
1442 1343 1872 1390 perdonatione—Rex
1898 1345 2135 1393 perdonavit

425 1400 642 1440 baronibus
684 1402 766 1440 suis
809 1403 856 1440 (le
896 1402 1081 1452 Quinque
1125 1402 1327 1441 Portubus
1370 1404 1696 1451 amercfflmenta,
1728 1405 1777 1443 ad
1809 1418 1884 1455 que
1927 1407 2135 1445 ainerciati

423 1463 587 1502 fuerunt
618 1465 659 1502 in
703 1465 834 1513 priino
864 1464 1007 1503 itinere
1047 1465 1364 1515 justiciariorum
1408 1471 1497 1516 post
1533 1480 1718 1516 guerram
1750 1480 1883 1506 coram
1913 1469 2133 1508 venerabili

423 1530 535 1575 patre
575 1527 622 1564 B.
660 1527 864 1576 quondam
908 1527 1085 1565 Rofl'ensi
1129 1527 1314 1577 episcopo
1357 1531 1395 1566 et
1435 1528 1553 1567 sociis
1596 1529 1679 1567 suis
1715 1531 1821 1578 apud
1853 1531 2131 1579 Bernmndes',

423 1592 462 1627 et
491 1602 566 1638 que
597 1589 912 1627 amerciamenta
944 1588 993 1627 ab
1022 1589 1078 1627 eis
1118 1590 1336 1639 exiguntur
1384 1603 1452 1639 per
1503 1591 1864 1630 summonitionem
1922 1593 2132 1632 Scaccarii.

424 1650 479 1688 Et
507 1651 747 1688 mandatum
777 1653 837 1689 est
877 1650 1094 1690 baronibus
1138 1652 1184 1689 de
1231 1652 1438 1691 Scaccario
1478 1653 1582 1702 quod
1627 1654 1674 1691 de
1715 1655 1903 1703 predictis
1943 1656 2132 1695 amercia-

422 1713 570 1753 mentis
612 1713 719 1763 ipsos
759 1714 915 1764 quietos
959 1726 1043 1752 esse
1087 1714 1252 1753 faciant.
1331 1715 1447 1753 Teste
1492 1728 1581 1765 rege
1625 1716 1730 1765 apud
1774 1717 1936 1764 Dovor',
1975 1718 2028 1757 ix.
2070 1719 2133 1758 die

425 1774 648 1814 Februarii.

534 1897 614 1933 Pro
662 1897 819 1934 Hubert«)
867 1899 909 1933 de
957 1897 1282 1946 Queney.—-Quia
1331 1910 1397 1936 rex
1445 1898 1644 1937 intellexit
1701 1912 1771 1949 per
1826 1900 2133 1950 inquisitionem

423 1958 573 1997 factam
610 1972 678 2008 per
720 1962 954 2008 preceptum
995 1959 1100 2009 regis
1144 1960 1249 2009 quod
1286 1960 1486 1999 Robertus
1516 1961 1563 1999 de
1594 1961 1770 2012 Qroency,
1804 1962 1912 2001 filius
1945 1964 2056 2003 Saeri
2086 1965 2133 2002 de

424 2022 586 2071 Quency
633 2021 793 2060 comitis
842 2021 1061 2067 VVintonie,
1112 2022 1189 2060 fuit
1246 2023 1287 2060 in
1346 2023 1493 2061 seisina
1563 2024 1735 2062 manerii
1782 2025 1829 2062 de
1878 2026 1991 2064 Coln’
2041 2039 2133 2065 cum

423 2084 677 2132 pertinentiis
707 2085 753 2122 de
783 2085 888 2122 dono
929 2084 1096 2133 predicti
1147 2084 1257 2124 Saeri
1301 2086 1427 2135 patris
1457 2086 1531 2132 sui,
1564 2090 1602 2125 et
1631 2088 1737 2136 quod
1768 2088 1955 2126 similiter
1985 2089 2062 2128 fuit
2092 2090 2133 2127 in

424 2145 571 2183 seisina
619 2146 789 2184 manerii
836 2146 883 2183 de
931 2146 1038 2183 War'
1086 2147 1133 2184 de
1181 2147 1286 2185 dono
1334 2148 1477 2185 matris
1526 2161 1594 2186 sue
1651 2149 1692 2186 in
1736 2149 1819 2187 vita
1865 2151 2008 2189 matris
2065 2164 2134 2189 sue

423 2208 623 2256 predicte2
673 2208 912 2246 mandatum
960 2211 1020 2246 est
1068 2208 1240 2247 Ricardo
1280 2209 1326 2247 de
1370 2209 1408 2247 la
1452 2210 1551 2247 Lad'
1594 2213 1632 2248 et
1677 2210 1759 2248 Ade
1799 2211 1883 2250 filio
1924 2213 2131 2260 willelmi,

424 2269 692 2308 escaetoribus
740 2270 857 2319 regis,
908 2270 1013 2319 quod
1061 2270 1190 2308 eidem
1238 2271 1414 2309 Roberto
1461 2272 1508 2309 de
1565 2273 1755 2321 predictis
1803 2274 1994 2313 maneriis
2042 2288 2133 2314 cuin

424 2332 680 2381 pertinentiis
718 2332 879 2381 plenam
919 2332 1110 2370 seisinam
1150 2332 1296 2371 habere
1336 2333 1499 2380 faciant,
1537 2334 1646 2372 salvo
1683 2335 1769 2385 jure
1808 2336 2035 2387 cujuslibet.

530 2463 587 2498 De
623 2463 717 2499 vinis
751 2463 1314 2500 deliberamulsa—Mandatum
1347 2466 1407 2501 est
1443 2462 1601 2501 ballivis
1641 2464 1856 2514 Subampt’
1896 2467 2000 2516 quod
2038 2468 2133 2506 vina

424 2523 633 2561 Edmundi
680 2525 727 2562 de
775 2524 963 2562 Nonettis
1002 2527 1041 2562 et
1081 2525 1253 2562 Galfridi
1300 2525 1347 2562 de
1397 2526 1547 2564 Sancto
1594 2526 1836 2574 Phileberto,
1877 2528 1945 2578 qui
1984 2529 2134 2569 habent

422 2585 578 2623 litteras
625 2585 729 2635 regis
777 2586 824 2623 de
872 2586 1086 2631 conductu,
1127 2599 1202 2636 que
1249 2586 1468 2625 discarcata
1516 2591 1610 2626 sunt
1659 2591 1697 2626 et
1745 2592 1918 2628 arestata
1956 2591 1997 2628 in
2037 2592 2133 2630 villa

425 2660 497 2685 sua
552 2648 759 2685 occasione
814 2648 991 2697 precepti
1048 2648 1151 2697 regis
1207 2649 1313 2698 quod
1369 2649 1424 2687 eis
1482 2649 1576 2687 fecit
1639 2650 1686 2688 de
1740 2652 2029 2691 mercatoribus
2085 2654 2132 2691 de

424 2712 622 2759 potestate
650 2711 753 2759 regis
786 2710 955 2748 Francie
986 2713 1024 2748 et
1058 2711 1321 2749 mercandisis
1353 2711 1435 2749 suis
1469 2712 1706 2759 arestandis,
1730 2713 1786 2752 eis
1821 2714 1907 2752 sine
1941 2715 2134 2754 dilatione

423 2771 633 2810 deliberari
672 2772 838 2810 faciant.
917 2773 1035 2811 Teste
1074 2785 1165 2822 rege
1203 2773 1310 2822 apud
1348 2773 1510 2820 Dovor’‚
1552 2774 1605 2811 ix.
1646 2774 1709 2813 die
1749 2774 1970 2815 Februarii.

532 2903 611 2939 Pro
660 2902 835 2938 Hermone
882 2903 926 2937 da
975 2902 1404 2950 (Ji-crea]1«ee›·.—Hanio
1451 2902 1498 2940 de
1546 2902 1793 2952 Crevequoer
1854 2905 1977 2943 finem
2040 2906 2133 2945 fecit

425 2976 517 3001 cum
572 2963 736 3001 domino
789 2976 879 3012 rege
932 2976 1003 3013 pro
1055 2962 1240 3001 habenda
1291 2965 1474 3002 custodia
1526 2968 1628 3003 terre
1680 2969 1718 3004 et
1770 2967 1927 3005 heredis
1979 2968 2131 3007 Thome

422 3025 469 3063 de
524 3025 724 3071 Camvill’,
782 3025 850 3074 qui
907 3026 954 3063 de
1011 3038 1100 3074 rege
1157 3026 1288 3063 tenuit
1344 3027 1385 3063 in
1444 3027 1585 3075 capite.
1662 3028 1718 3065 Et
1775 3030 2014 3067 mandatum
2071 3038 2130 3069 est

424 3088 627 3126 Willehno
666 3089 868 3136 Lungesp'
908 3088 1014 3137 quod
1052 3088 1100 3126 de
1138 3091 1243 3126 terra
1281 3101 1373 3126 cuin
1412 3089 1681 3138 pertinentiis,
1721 3104 1796 3140 que
1835 3091 1912 3128 fuit
1950 3093 2129 3141 ejusdem

423 3149 577 3187 Thome
614 3149 654 3186 in
697 3149 926 3187 Godindon'
969 3152 1008 3187 et
1042 3162 1118 3198 que
1158 3153 1217 3187 est
1256 3150 1297 3186 in
1336 3163 1461 3187 manu
1510 3164 1593 3196 sua,
1638 3151 1768 3189 eidem
1817 3152 1996 3190 Hamoni
2045 3153 2129 3191 sine

421 3210 613 3249 dilatione
646 3211 807 3260 plenam
840 3210 1030 3249 seisinain
1062 3211 1207 3249 habere
1242 3212 1375 3249 faciat.
1436 3212 1552 3250 Teste
1587 3225 1677 3262 rege
1708 3213 1813 3262 apud
1852 3215 2127 3262 Cantuariam,

423 3286 460 3310 x.
501 3272 564 3310 die
602 3272 824 3311 Februarii.

594 3371 607 3384 *
631 3369 826 3407 ‘Martino‚⁷
861 3369 1075 3406 ‘Martinus,’
1106 3381 1161 3402 are
1193 3370 1398 3402 substituted
1428 3371 1481 3403 for
1516 3370 1714 3409 ‘WalterQ'
1747 3370 1964 3404 ‘walterus'
