2375 3587
217 327 362 373 1236.

215 392 279 428 sm.
302 391 366 432 17]

1095 195 1149 234 20
1191 193 1398 233 HENRY
1437 195 1518 235 ΠΙ.
2078 197 2160 236 243

564 395 617 431 Et
657 393 896 431 mandatum
935 397 995 431 est
1033 393 1161 431 eidem
1201 393 1381 431 Hamoni
1420 393 1525 442 quod
1564 393 1613 430 ad
1651 394 1811 441 catalla,
1849 394 1966 431 blada
2004 396 2043 432 et
2080 393 2159 431 alia

455 469 531 505 que
569 456 774 504 pradictus
813 455 1024 505 episcopus
1062 454 1205 493 habuit
1244 455 1283 492 in
1323 458 1425 493 terre
1464 455 1653 503 predicta,
1690 469 1858 493 manum
1900 469 1980 494 non
2021 455 2159 493 mittat

456 522 531 557 etc.
610 518 725 556 Teste
765 520 809 556 ut
848 530 982 567 supra.

566 631 619 667 De
651 632 852 679 quercubus
892 629 1305 667 ‹latz‘s.—Mandatuin
1337 631 1396 667 est
1436 629 1615 667 Johanni
1654 629 1701 666 (le
1741 629 1900 675 Nevill’,
1936 629 2158 679 justiciario

455 693 613 739 foreste,
654 692 759 742 quod
798 691 839 728 in
888 691 1005 729 bosco
1053 691 1156 739 regis
1205 692 1251 728 de
1300 691 1557 740 Kingeswud‘
1605 691 1726 728 faciat
1773 691 1917 729 habere
1965 691 2160 740 Magistro

457 755 610 792 Thome
657 754 704 791 de
744 753 1010 804 Wymundh',
1058 753 1200 791 clerico
1247 755 1298 790 H.
1342 753 1388 790 de
1437 753 1707 799 Patheshulr,
1755 753 1993 790 thesaurarii
2042 753 2158 800 regis,

454 820 534 855 tres
591 828 759 865 quercus
816 815 865 853 ad
922 815 1199 861 maeremium,
1258 815 1305 853 de
1362 815 1466 853 dono
1523 815 1638 864 regis.
1725 815 1839 853 Teste
1898 828 1985 863 rege
2051 815 2155 863 apud

456 878 705 929 Merleberg',
748 878 828 916 xix.
869 878 932 916 die
971 877 1192 916 Februarii.

562 992 619 1028 De
645 992 767 1038 justis
805 989 1218 1028 ‹lat1·.<·.-2Mandatum
1266 992 1326 1027 est
1372 989 1500 1027 eidem
1546 988 1727 1027 Johanni
1775 989 1893 1038 quod,
1935 989 1967 1026 si
2016 989 2157 1026 fratres

452 1053 717 1103 predicatores
750 1052 920 1090 Eboraci
952 1052 1133 1090 nondum
1168 1050 1385 1089 habuerint
1415 1050 1559 1099 viginti
1599 1050 1707 1088 fusta
1745 1063 1820 1100 que
1855 1063 1922 1088 rex
1956 1050 2012 1088 eis
2050 1050 2159 1088 dedit

453 1116 494 1153 in
534 1116 681 1154 foresta
720 1116 767 1153 de
807 1115 948 1153 Gautr’
985 1127 1053 1163 per
1091 1113 1207 1152 breve
1255 1113 1360 1162 regis
1407 1113 1500 1151 inde
1547 1112 1744 1151 directum
1780 1113 1936 1151 custodi
1977 1113 2157 1162 ejusdem

453 1179 611 1224 foreste,
648 1181 746 1216 tunc
784 1177 963 1227 predicta
993 1176 1137 1226 viginti
1178 1176 1287 1214 fusta
1325 1176 1381 1214 eis
1420 1175 1505 1213 sine
1544 1175 1737 1214 dilatione
1767 1175 1889 1214 faciat
1924 1175 2068 1213 habere
2108 1176 2157 1214 ad

451 1241 592 1280 domos
631 1253 722 1279 suas
761 1240 868 1289 apud
902 1238 1130 1278 Eboracum
1166 1238 1422 1288 reparandas.
1498 1238 1615 1276 Teste
1648 1251 1738 1287 rege
1777 1241 1821 1276 ut
1860 1251 1993 1287 supra.

563 1365 618 1401 De
653 1363 840 1400 roboribus
873 1359 1287 1397 dat1·s.—1x1andatum
1320 1361 1381 1397 est
1414 1358 1543 1396 eidem
1583 1358 1763 1396 Johanni
1794 1357 1898 1407 quod
1937 1357 1978 1394 in
2010 1358 2158 1396 foresta

452 1428 499 1465 de
538 1425 763 1475 Chipeham
803 1423 924 1461 faciat
963 1421 1108 1460 habere
1147 1421 1236 1467 Ele,
1276 1420 1478 1459 comitisse
1520 1419 1777 1466 Sari-isburie,
1813 1419 1891 1457 duo
1931 1419 2071 1458 robora
2108 1420 2158 1458 ad

451 1488 653 1539 quendam
688 1497 831 1535 rogum
870 1484 1115 1528 faciendum,
1156 1483 1203 1520 de
1241 1483 1346 1521 dono
1386 1482 1502 1531 regis.
1575 1482 1692 1519 Teste
1730 1485 1775 1519 ut
1814 1494 1947 1530 supra.

563 1611 637 1646 Pro
675 1607 894 1645 Alerandro
933 1606 975 1640 de
1012 1602 1455 1640 Mares.—-lllandatuin
1494 1604 1553 1640 est
1591 1601 1815 1640 vicecomiti
1864 1601 2014 1639 Kancie
2051 1602 2156 1650 quod

452 1673 485 1711 si
524 1669 750 1709 Alexander
787 1667 835 1705 de
870 1666 1002 1704 Mares
1032 1665 1231 1703 invenerit
1260 1664 1295 1702 ei
1330 1676 1488 1702 securos
1518 1667 1557 1701 et
1588 1663 1719 1701 salvos
1750 1663 1902 1712 plegios
1933 1663 1979 1701 de
2014 1664 2157 1701 stando

450 1737 558 1773 recto
602 1732 633 1770 si
681 1731 770 1781 quis
808 1741 946 1767 versus
992 1740 1085 1765 eum
1134 1727 1244 1776 loqui
1292 1726 1463 1764 voluerit
1501 1726 1548 1763 de
1586 1738 1681 1774 pace
1720 1725 1823 1774 regis
1866 1725 2010 1771 fracta,
2051 1726 2156 1764 unde

450 1800 622 1835 rettatus
660 1794 738 1831 fuit
774 1804 909 1831 coram
949 1790 1126 1828 Martino
1165 1790 1212 1827 de
1251 1789 1504 1826 Patheshull’
1545 1792 1583 1826 et
1633 1788 1750 1826 sociis
1790 1787 1888 1834 suis,
1922 1787 2156 1837 justiciariis

451 1859 554 1909 regis
601 1861 698 1896 tunc
747 1852 1034 1894 itinerantibus
1086 1852 1127 1889 in
1176 1851 1372 1890 comitatu
1426 1851 1615 1900 predicto,
1656 1854 1754 1889 tunc
1797 1850 1831 1888 ei
1880 1861 2017 1899 pacem
2062 1850 2154 1888 iude

450 1921 595 1960 habere
632 1917 856 1969 permittat.
916 1915 1033 1953 Teste
1072 1917 1116 1952 ut
1155 1926 1289 1963 supra.

561 2036 651 2072 Rex.
711 2033 764 2068 De
784 2032 922 2068 Aaron·
947 2031 989 2065 «le
1009 2030 1183 2066 Elam-aea
1215 2029 1392 2064 residente
1421 2028 1470 2063 ad
1504 2025 1905 2064 scaccarium—Rex
1935 2024 2158 2074 assignavit

452 2098 585 2136 Aaron
638 2094 685 2132 de
737 2091 931 2137 libor-aco,
981 2090 1172 2135 Judeum,
1223 2089 1272 2126 ad
1321 2088 1578 2126 residendum
1624 2087 1673 2125 ad
1730 2086 1986 2125 Scaccarium
2054 2086 2157 2135 regis

452 2158 674 2197 Judeorum
713 2154 762 2192 ad
802 2153 964 2202 negotia
1002 2152 1106 2201 regis
1146 2164 1227 2188 una
1269 2163 1363 2188 cum
1401 2149 1637 2200 justiciariis
1685 2149 1789 2197 regis
1837 2148 1886 2186 ad
1931 2148 2157 2186 custodiam

451 2221 670 2260 Judeorum
719 2214 935 2265 assignatis
980 2214 1130 2252 ibidem
1181 2212 1375 2250 facienda.
1455 2212 1508 2249 Et
1562 2211 1801 2249 mandatum
1853 2213 1912 2248 est
1967 2210 2157 2259 predictis

449 2280 683 2333 justiciariis
720 2277 825 2328 quod
864 2277 998 2326 ipsum
1037 2276 1171 2313 Aaron
1210 2274 1259 2312 ad
1298 2274 1373 2312 hoc
1412 2273 1632 2311 admittant
1672 2275 1710 2309 et
1751 2271 1914 2319 negotia
1956 2271 2059 2320 regis
2108 2271 2156 2309 ad

451 2346 644 2383 honorem
691 2344 730 2380 et
777 2340 990 2379 comodum
1032 2339 1114 2388 (sic)
1156 2337 1259 2386 regis
1297 2336 1344 2374 de
1381 2335 1549 2374 consilio
1598 2347 1670 2373 suo
1713 2334 1878 2372 faciant.
1958 2334 2073 2372 Teste
2112 2336 2157 2372 ut

453 2419 587 2457 supra.

564 2520 619 2556 De
654 2518 776 2567 fias-tis
825 2513 1239 2552 ‹latia—Mandatum
1289 2513 1348 2549 est
1394 2510 1574 2549 Johanni
1624 2509 1671 2547 de
1725 2508 1885 2555 Nevill',
1935 2508 2158 2558 justiciario

454 2583 612 2627 foreste,
651 2579 757 2629 quod
787 2578 827 2615 in
859 2577 1009 2615 foresta
1046 2576 1094 2613 de
1131 2575 1333 2613 Savernac
1368 2573 1489 2611 faciat
1527 2571 1671 2628 habere
1706 2571 1902 2619 magistro
1933 2570 2158 2619 Hospitalis

456 2644 596 2685 Sancti
635 2641 837 2681 Johannis
876 2640 923 2677 de
968 2637 1202 2686 Mei-leberg'
1244 2637 1380 2675 decem
1420 2635 1528 2673 fusta
1566 2634 1615 2672 ad
1655 2633 1933 2679 maeremium,
1970 2633 2016 2670 de
2055 2633 2159 2670 dono

453 2707 571 2757 regis.
641 2704 758 2742 Teste
798 2706 842 2741 ut
881 2714 1014 2750 supra.

569 2820 643 2856 Pro
681 2816 858 2853 Johanow
902 2815 945 2849 de
998 2811 1349 2850 ]‹„'sl1722t‹›12’.-Rex
1401 2809 1627 2848 vicecomiti
1678 2806 1923 2846 Norhumbr'
1972 2806 2157 2845 salutem.

458 2881 561 2929 Quia
612 2876 822 2927 inquisitio
875 2887 995 2925 quam
1046 2873 1177 2912 fecisti
1226 2886 1296 2922 per
1347 2874 1578 2921 preceptum
1632 2872 1818 2908 nostrum
1871 2868 1918 2906 de
1965 2871 2071 2906 terra
2121 2871 2161 2905 et

457 2942 602 2982 herede
641 2939 769 2988 Alyne
816 2937 863 2974 de
903 2936 1230 2986 Wyhttingham’
1271 2934 1518 2972 insufficiens
1558 2933 1649 2977 fuit,
1686 2944 1732 2970 eo
1770 2930 1875 2980 quod
1914 2930 1955 2967 in
1993 2942 2039 2967 ea
2078 2942 2159 2967 non

459 3002 741 3044 continebatur
777 2999 884 3048 quod
923 2998 1132 3035 Johannes
1162 2998 1209 3035 de
1249 2996 1415 3041 Eshnt’,
1446 2996 1494 3033 de
1531 3007 1609 3044 quo
1638 2993 1753 3032 nobis
1786 2991 2025 3041 significasti
2054 2991 2159 3040 quod

457 3069 542 3106 erat
585 3061 848 3114 propinquior
885 3060 1000 3098 heres
1047 3059 1200 3108 prefate
1250 3059 1390 3109 Alyne‚
1440 3060 1544 3096 esset
1591 3056 1699 3094 filius
1748 3054 1901 3104 prefate
1945 3052 2061 3090 Aline
2112 3053 2160 3091 de

459 3130 545 3168 viro
572 3139 643 3166 suo
672 3125 926 3173 desponsato,
957 3122 1061 3159 sicut
1092 3134 1131 3159 se
1160 3121 1282 3166 facit3
1322 3120 1409 3159 ideo
1439 3119 1512 3158 tibi
1542 3118 1786 3168 precipimus
1816 3115 1934 3165 quod,
1965 3115 2161 3153 revocatis

463 3192 505 3229 in
558 3186 760 3239 presentia
816 3188 886 3222 tua
942 3182 1139 3232 legalibus
1195 3181 1429 3221 hominibus
1484 3194 1553 3231 per
1603 3192 1701 3229 quos
1757 3178 1863 3216 facta
1918 3176 1996 3214 fuit
2052 3176 2160 3225 prior

462 3250 685 3302 inquisitio,
736 3248 769 3286 si
816 3245 890 3284 tibi
936 3245 1163 3284 constiterit
1214 3257 1283 3294 per
1331 3244 1490 3282 eosdem
1540 3242 1644 3292 quod
1701 3239 1903 3289 predictus
1952 3237 2161 3276 Johannes

461 3314 569 3352 filius
617 3311 669 3349 sit
715 3308 869 3359 prefate
907 3307 1038 3352 Aline,
1078 3306 1181 3345 sicut
1219 3306 1442 3355 predictum
1486 3308 1558 3349 est,
1599 3307 1696 3341 tunc
1734 3301 1781 3338 de
1820 3302 1904 3337 tota
1943 3301 2047 3336 terra
2084 3311 2160 3348 que

459 3375 537 3416 fuit
586 3373 713 3427 ipsius
751 3371 868 3411 Aline
919 3370 961 3408 in
1007 3368 1155 3409 balliva
1209 3370 1279 3407 tua
1325 3367 1372 3405 de
1425 3379 1503 3415 qua
1552 3365 1629 3403 fuit
1678 3362 1815 3402 seisita
1863 3364 1908 3398 ut
1954 3360 2001 3398 de
2045 3360 2160 3401 feodo
