<?xml version="1.0" encoding="UTF-8"?>
<!DOCTYPE html PUBLIC "-//W3C//DTD XHTML 1.0 Transitional//EN"
    "http://www.w3.org/TR/xhtml1/DTD/xhtml1-transitional.dtd">
<html xmlns="http://www.w3.org/1999/xhtml" xml:lang="en" lang="en">
 <head>
  <title>
</title>
<meta http-equiv="Content-Type" content="text/html;charset=utf-8" />
  <meta name='ocr-system' content='tesseract 3.04.00' />
  <meta name='ocr-capabilities' content='ocr_page ocr_carea ocr_par ocr_line ocrx_word'/>
</head>
<body>
  <div class='ocr_page' id='page_1' title='image "./closerollsofreig03grea_0326.png"; bbox 0 0 2375 3587; ppageno 0'>
   <div class='ocr_carea' id='block_1_1' title="bbox 245 188 325 230">
    <p class='ocr_par' dir='ltr' id='par_1_1' title="bbox 245 188 325 230">
     <span class='ocr_line' id='line_1_1' title="bbox 245 188 325 230; baseline -0.025 0"><span class='ocrx_word' id='word_1_1' title='bbox 245 188 325 230; x_wconf 84' lang='lat'>314</span> 
     </span>
    </p>
   </div>
   <div class='ocr_carea' id='block_1_2' title="bbox 303 312 447 417">
    <p class='ocr_par' dir='ltr' id='par_1_2' title="bbox 303 312 447 417">
     <span class='ocr_line' id='line_1_2' title="bbox 303 312 447 358; baseline -0.007 -1"><span class='ocrx_word' id='word_1_2' title='bbox 303 312 447 358; x_wconf 80' lang='lat'>1236.</span> 
     </span>
     <span class='ocr_line' id='line_1_3' title="bbox 311 376 434 417; baseline -0.008 -7"><span class='ocrx_word' id='word_1_3' title='bbox 311 376 434 417; x_wconf 48' lang='lat' dir='ltr'>Dmssq</span> 
     </span>
    </p>
   </div>
   <div class='ocr_carea' id='block_1_3' title="bbox 1173 195 1606 240">
    <p class='ocr_par' dir='ltr' id='par_1_3' title="bbox 1173 195 1606 240">
     <span class='ocr_line' id='line_1_4' title="bbox 1173 195 1606 240; baseline 0.002 -1"><span class='ocrx_word' id='word_1_4' title='bbox 1173 195 1358 239; x_wconf 81' lang='lat' dir='ltr'>CLOSE</span> <span class='ocrx_word' id='word_1_5' title='bbox 1403 197 1606 240; x_wconf 82' lang='lat' dir='ltr'>ROLLS.</span> 
     </span>
    </p>
   </div>
   <div class='ocr_carea' id='block_1_4' title="bbox 536 388 2237 685">
    <p class='ocr_par' dir='ltr' id='par_1_4' title="bbox 536 388 2237 685">
     <span class='ocr_line' id='line_1_5' title="bbox 540 388 2237 444; baseline 0.004 -19"><span class='ocrx_word' id='word_1_6' title='bbox 540 388 643 426; x_wconf 87' lang='lat' dir='ltr'>idem</span> <span class='ocrx_word' id='word_1_7' title='bbox 702 389 911 440; x_wconf 86' lang='lat' dir='ltr'>episcopus</span> <span class='ocrx_word' id='word_1_8' title='bbox 968 391 1108 430; x_wconf 85' lang='lat' dir='ltr'>habuit</span> <span class='ocrx_word' id='word_1_9' title='bbox 1162 393 1200 430; x_wconf 93' lang='lat' dir='ltr'>in</span> <span class='ocrx_word' id='word_1_10' title='bbox 1255 393 1403 431; x_wconf 86' lang='lat' dir='ltr'>eisdem</span> <span class='ocrx_word' id='word_1_11' title='bbox 1456 394 1646 432; x_wconf 72' lang='lat' dir='ltr'>maneriis</span> <span class='ocrx_word' id='word_1_12' title='bbox 1696 395 1743 432; x_wconf 90' lang='lat' dir='ltr'>de</span> <span class='ocrx_word' id='word_1_13' title='bbox 1794 407 1901 433; x_wconf 86' lang='lat' dir='ltr'>anno</span> <span class='ocrx_word' id='word_1_14' title='bbox 1954 394 2143 444; x_wconf 81' lang='lat' dir='ltr'>preterito</span> <span class='ocrx_word' id='word_1_15' title='bbox 2198 397 2237 432; x_wconf 85' lang='lat' dir='ltr'>et</span> 
     </span>
     <span class='ocr_line' id='line_1_6' title="bbox 537 450 2234 505; baseline 0.004 -18"><span class='ocrx_word' id='word_1_16' title='bbox 537 450 660 488; x_wconf 87' lang='lat' dir='ltr'>etiam</span> <span class='ocrx_word' id='word_1_17' title='bbox 711 452 802 489; x_wconf 84' lang='lat' dir='ltr'>fena</span> <span class='ocrx_word' id='word_1_18' title='bbox 854 467 929 502; x_wconf 90' lang='lat' dir='ltr'>que</span> <span class='ocrx_word' id='word_1_19' title='bbox 988 454 1131 492; x_wconf 87' lang='lat' dir='ltr'>habuit</span> <span class='ocrx_word' id='word_1_20' title='bbox 1180 455 1227 492; x_wconf 88' lang='lat' dir='ltr'>de</span> <span class='ocrx_word' id='word_1_21' title='bbox 1279 458 1415 504; x_wconf 86' lang='lat' dir='ltr'>empto</span> <span class='ocrx_word' id='word_1_22' title='bbox 1464 456 1585 505; x_wconf 84' lang='lat' dir='ltr'>hujus</span> <span class='ocrx_word' id='word_1_23' title='bbox 1633 457 1743 502; x_wconf 85' lang='lat' dir='ltr'>anni,</span> <span class='ocrx_word' id='word_1_24' title='bbox 1796 456 1963 495; x_wconf 86' lang='lat' dir='ltr'>retentis</span> <span class='ocrx_word' id='word_1_25' title='bbox 2016 456 2056 493; x_wconf 92' lang='lat' dir='ltr'>in</span> <span class='ocrx_word' id='word_1_26' title='bbox 2109 469 2234 494; x_wconf 83' lang='lat' dir='ltr'>manu</span> 
     </span>
     <span class='ocr_line' id='line_1_7' title="bbox 537 514 2233 556; baseline 0.004 -7"><span class='ocrx_word' id='word_1_27' title='bbox 537 515 675 550; x_wconf 86' lang='lat' dir='ltr'>nostra</span> <span class='ocrx_word' id='word_1_28' title='bbox 726 514 829 551; x_wconf 80' lang='lat' dir='ltr'>fenis</span> <span class='ocrx_word' id='word_1_29' title='bbox 878 514 925 551; x_wconf 89' lang='lat' dir='ltr'>de</span> <span class='ocrx_word' id='word_1_30' title='bbox 975 514 1162 553; x_wconf 86' lang='lat' dir='ltr'>omnibus</span> <span class='ocrx_word' id='word_1_31' title='bbox 1212 516 1425 554; x_wconf 80' lang='lat' dir='ltr'>dominicis</span> <span class='ocrx_word' id='word_1_32' title='bbox 1479 517 1560 554; x_wconf 86' lang='lat' dir='ltr'>suis</span> <span class='ocrx_word' id='word_1_33' title='bbox 1610 517 1657 554; x_wconf 91' lang='lat' dir='ltr'>de</span> <span class='ocrx_word' id='word_1_34' title='bbox 1695 517 1771 555; x_wconf 88' lang='lat' dir='ltr'>hoc</span> <span class='ocrx_word' id='word_1_35' title='bbox 1821 530 1929 556; x_wconf 83' lang='lat' dir='ltr'>anno</span> <span class='ocrx_word' id='word_1_36' title='bbox 1967 520 2005 555; x_wconf 85' lang='lat' dir='ltr'>et</span> <span class='ocrx_word' id='word_1_37' title='bbox 2038 517 2233 555; x_wconf 83' lang='lat' dir='ltr'>fructibus</span> 
     </span>
     <span class='ocr_line' id='line_1_8' title="bbox 536 574 2236 629; baseline 0.004 -18"><span class='ocrx_word' id='word_1_38' title='bbox 536 574 831 613; x_wconf 88' lang='lat' dir='ltr'>dominicorum</span> <span class='ocrx_word' id='word_1_39' title='bbox 870 576 1131 625; x_wconf 78' lang='lat' dir='ltr'>gardinorum</span> <span class='ocrx_word' id='word_1_40' title='bbox 1170 591 1347 616; x_wconf 86' lang='lat' dir='ltr'>suorum.</span> <span class='ocrx_word' id='word_1_41' title='bbox 1425 578 1540 616; x_wconf 80' lang='lat' dir='ltr'>Teste</span> <span class='ocrx_word' id='word_1_42' title='bbox 1581 591 1670 628; x_wconf 78' lang='lat' dir='ltr'>rege</span> <span class='ocrx_word' id='word_1_43' title='bbox 1710 580 1814 629; x_wconf 83' lang='lat' dir='ltr'>apud</span> <span class='ocrx_word' id='word_1_44' title='bbox 1845 580 2064 626; x_wconf 73' lang='lat' dir='ltr'>Alverton’,</span> <span class='ocrx_word' id='word_1_45' title='bbox 2094 593 2145 617; x_wconf 78' lang='lat' dir='ltr'>xx</span> <span class='ocrx_word' id='word_1_46' title='bbox 2174 579 2236 617; x_wconf 88' lang='lat' dir='ltr'>die</span> 
     </span>
     <span class='ocr_line' id='line_1_9' title="bbox 536 636 796 685; baseline 0.004 -11"><span class='ocrx_word' id='word_1_47' title='bbox 536 636 796 685; x_wconf 73' lang='lat' dir='ltr'>Septembris.</span> 
     </span>
    </p>
   </div>
   <div class='ocr_carea' id='block_1_5' title="bbox 531 727 2237 1211">
    <p class='ocr_par' dir='ltr' id='par_1_5' title="bbox 531 727 2237 1211">
     <span class='ocr_line' id='line_1_10' title="bbox 640 727 2237 776; baseline 0.004 -15"><span class='ocrx_word' id='word_1_48' title='bbox 640 727 697 761; x_wconf 68' lang='lat' dir='ltr'>])e</span> <span class='ocrx_word' id='word_1_49' title='bbox 736 728 903 763; x_wconf 77' lang='lat' dir='ltr'>manerio</span> <span class='ocrx_word' id='word_1_50' title='bbox 947 729 987 762; x_wconf 75' lang='lat' dir='ltr'>de</span> <span class='ocrx_word' id='word_1_51' title='bbox 1028 728 1192 776; x_wconf 50' lang='lat' dir='ltr'>Dresffeld</span> <span class='ocrx_word' id='word_1_52' title='bbox 1241 731 1430 766; x_wconf 33' lang='lat' dir='ltr'>‹annualis-sa</span> <span class='ocrx_word' id='word_1_53' title='bbox 1483 731 1603 776; x_wconf 53' lang='lat' dir='ltr'>myrine</span> <span class='ocrx_word' id='word_1_54' title='bbox 1652 730 2025 767; x_wconf 53' lang='lat' dir='ltr'>&amp;mmmmm—Rex</span> <span class='ocrx_word' id='word_1_55' title='bbox 2064 728 2237 767; x_wconf 81' lang='lat' dir='ltr'>Roberto</span> 
     </span>
     <span class='ocr_line' id='line_1_11' title="bbox 533 786 2234 839; baseline 0.002 -16"><span class='ocrx_word' id='word_1_56' title='bbox 533 786 579 823; x_wconf 88' lang='lat' dir='ltr'>de</span> <span class='ocrx_word' id='word_1_57' title='bbox 619 786 847 836; x_wconf 78' lang='lat' dir='ltr'>Crepping&#39;,</span> <span class='ocrx_word' id='word_1_58' title='bbox 890 788 1076 825; x_wconf 82' lang='lat' dir='ltr'>salutem.</span> <span class='ocrx_word' id='word_1_59' title='bbox 1139 789 1250 827; x_wconf 82' lang='lat' dir='ltr'>Scias</span> <span class='ocrx_word' id='word_1_60' title='bbox 1288 790 1394 838; x_wconf 88' lang='lat' dir='ltr'>quod</span> <span class='ocrx_word' id='word_1_61' title='bbox 1434 804 1501 839; x_wconf 88' lang='lat' dir='ltr'>per</span> <span class='ocrx_word' id='word_1_62' title='bbox 1540 795 1689 828; x_wconf 88' lang='lat' dir='ltr'>cartam</span> <span class='ocrx_word' id='word_1_63' title='bbox 1733 795 1914 829; x_wconf 90' lang='lat' dir='ltr'>nostram</span> <span class='ocrx_word' id='word_1_64' title='bbox 1963 791 2234 829; x_wconf 66' lang='lat' dir='ltr'>concessimus</span> 
     </span>
     <span class='ocr_line' id='line_1_12' title="bbox 533 849 2234 901; baseline 0.003 -16"><span class='ocrx_word' id='word_1_65' title='bbox 533 849 570 885; x_wconf 86' lang='lat' dir='ltr'>J.</span> <span class='ocrx_word' id='word_1_66' title='bbox 622 849 756 897; x_wconf 75' lang='lat' dir='ltr'>regine</span> <span class='ocrx_word' id='word_1_67' title='bbox 811 850 1041 887; x_wconf 67' lang='lat' dir='ltr'>Scottorum</span> <span class='ocrx_word' id='word_1_68' title='bbox 1103 863 1173 899; x_wconf 89' lang='lat' dir='ltr'>pro</span> <span class='ocrx_word' id='word_1_69' title='bbox 1230 852 1418 901; x_wconf 81' lang='lat' dir='ltr'>homagio</span> <span class='ocrx_word' id='word_1_70' title='bbox 1471 856 1509 890; x_wconf 91' lang='lat' dir='ltr'>et</span> <span class='ocrx_word' id='word_1_71' title='bbox 1560 853 1726 891; x_wconf 74' lang='lat' dir='ltr'>servicio</span> <span class='ocrx_word' id='word_1_72' title='bbox 1780 866 1852 891; x_wconf 83' lang='lat' dir='ltr'>suo</span> <span class='ocrx_word' id='word_1_73' title='bbox 1904 853 2131 891; x_wconf 84' lang='lat' dir='ltr'>manerium</span> <span class='ocrx_word' id='word_1_74' title='bbox 2188 853 2234 890; x_wconf 90' lang='lat' dir='ltr'>de</span> 
     </span>
     <span class='ocr_line' id='line_1_13' title="bbox 533 909 2234 959; baseline 0.004 -13"><span class='ocrx_word' id='word_1_75' title='bbox 533 909 715 947; x_wconf 85' lang='lat' dir='ltr'>Driffeld&#39;</span> <span class='ocrx_word' id='word_1_76' title='bbox 767 924 859 948; x_wconf 86' lang='lat' dir='ltr'>cum</span> <span class='ocrx_word' id='word_1_77' title='bbox 912 912 1166 959; x_wconf 71' lang='lat' dir='ltr'>pertinentiis</span> <span class='ocrx_word' id='word_1_78' title='bbox 1216 912 1453 951; x_wconf 86' lang='lat' dir='ltr'>habendum</span> <span class='ocrx_word' id='word_1_79' title='bbox 1506 918 1590 952; x_wconf 86' lang='lat' dir='ltr'>tota</span> <span class='ocrx_word' id='word_1_80' title='bbox 1638 914 1721 952; x_wconf 74' lang='lat' dir='ltr'>vita</span> <span class='ocrx_word' id='word_1_81' title='bbox 1760 928 1844 959; x_wconf 86' lang='lat' dir='ltr'>sua,</span> <span class='ocrx_word' id='word_1_82' title='bbox 1882 915 2082 952; x_wconf 86' lang='lat' dir='ltr'>reddendo</span> <span class='ocrx_word' id='word_1_83' title='bbox 2120 913 2234 952; x_wconf 77' lang='lat' dir='ltr'>nobis</span> 
     </span>
     <span class='ocr_line' id='line_1_14' title="bbox 534 974 2234 1025; baseline 0.002 -16"><span class='ocrx_word' id='word_1_84' title='bbox 534 985 661 1010; x_wconf 89' lang='lat' dir='ltr'>unum</span> <span class='ocrx_word' id='word_1_85' title='bbox 700 974 947 1021; x_wconf 70' lang='lat' dir='ltr'>spervarium</span> <span class='ocrx_word' id='word_1_86' title='bbox 988 987 1123 1011; x_wconf 86' lang='lat' dir='ltr'>sorum</span> <span class='ocrx_word' id='word_1_87' title='bbox 1163 988 1233 1024; x_wconf 90' lang='lat' dir='ltr'>pro</span> <span class='ocrx_word' id='word_1_88' title='bbox 1271 976 1387 1013; x_wconf 89' lang='lat' dir='ltr'>omni</span> <span class='ocrx_word' id='word_1_89' title='bbox 1428 977 1607 1015; x_wconf 65' lang='lat' dir='ltr'>servicio.</span> <span class='ocrx_word' id='word_1_90' title='bbox 1685 977 1740 1015; x_wconf 90' lang='lat' dir='ltr'>Et</span> <span class='ocrx_word' id='word_1_91' title='bbox 1772 977 1859 1015; x_wconf 90' lang='lat' dir='ltr'>ideo</span> <span class='ocrx_word' id='word_1_92' title='bbox 1890 976 1962 1015; x_wconf 90' lang='lat' dir='ltr'>tibi</span> <span class='ocrx_word' id='word_1_93' title='bbox 1993 976 2234 1025; x_wconf 84' lang='lat' dir='ltr'>precipimus</span> 
     </span>
     <span class='ocr_line' id='line_1_15' title="bbox 531 1035 2232 1083; baseline 0.002 -12"><span class='ocrx_word' id='word_1_94' title='bbox 531 1035 635 1082; x_wconf 81' lang='lat' dir='ltr'>quod</span> <span class='ocrx_word' id='word_1_95' title='bbox 673 1035 720 1072; x_wconf 86' lang='lat' dir='ltr'>de</span> <span class='ocrx_word' id='word_1_96' title='bbox 759 1035 935 1083; x_wconf 88' lang='lat' dir='ltr'>predicto</span> <span class='ocrx_word' id='word_1_97' title='bbox 974 1036 1150 1074; x_wconf 85' lang='lat' dir='ltr'>manerio</span> <span class='ocrx_word' id='word_1_98' title='bbox 1180 1050 1271 1074; x_wconf 89' lang='lat' dir='ltr'>cum</span> <span class='ocrx_word' id='word_1_99' title='bbox 1301 1037 1492 1075; x_wconf 86' lang='lat' dir='ltr'>omnibus</span> <span class='ocrx_word' id='word_1_100' title='bbox 1523 1037 1662 1083; x_wconf 67' lang='lat' dir='ltr'>bladis,</span> <span class='ocrx_word' id='word_1_101' title='bbox 1695 1039 1868 1076; x_wconf 84' lang='lat' dir='ltr'>carrucis</span> <span class='ocrx_word' id='word_1_102' title='bbox 1897 1042 1934 1076; x_wconf 88' lang='lat' dir='ltr'>et</span> <span class='ocrx_word' id='word_1_103' title='bbox 1970 1038 2163 1076; x_wconf 74' lang='lat' dir='ltr'>instaur-is</span> <span class='ocrx_word' id='word_1_104' title='bbox 2192 1038 2232 1074; x_wconf 89' lang='lat' dir='ltr'>in</span> 
     </span>
     <span class='ocr_line' id='line_1_16' title="bbox 531 1096 2232 1149; baseline 0.002 -16"><span class='ocrx_word' id='word_1_105' title='bbox 531 1109 576 1133; x_wconf 87' lang='lat' dir='ltr'>eo</span> <span class='ocrx_word' id='word_1_106' title='bbox 606 1096 780 1134; x_wconf 73' lang='lat' dir='ltr'>inventis</span> <span class='ocrx_word' id='word_1_107' title='bbox 810 1097 969 1145; x_wconf 77' lang='lat' dir='ltr'>plenam</span> <span class='ocrx_word' id='word_1_108' title='bbox 1000 1098 1191 1135; x_wconf 80' lang='lat' dir='ltr'>saisinam</span> <span class='ocrx_word' id='word_1_109' title='bbox 1222 1098 1367 1137; x_wconf 87' lang='lat' dir='ltr'>habere</span> <span class='ocrx_word' id='word_1_110' title='bbox 1398 1099 1520 1138; x_wconf 77' lang='lat' dir='ltr'>facias</span> <span class='ocrx_word' id='word_1_111' title='bbox 1550 1101 1611 1138; x_wconf 85' lang='lat' dir='ltr'>W.</span> <span class='ocrx_word' id='word_1_112' title='bbox 1644 1100 1891 1138; x_wconf 73' lang='lat' dir='ltr'>Eboracensi</span> <span class='ocrx_word' id='word_1_113' title='bbox 1922 1100 2232 1149; x_wconf 74' lang='lat' dir='ltr'>archiepiscopo,</span> 
     </span>
     <span class='ocr_line' id='line_1_17' title="bbox 532 1159 2133 1211; baseline 0.001 -15"><span class='ocrx_word' id='word_1_114' title='bbox 532 1159 592 1196; x_wconf 81' lang='lat' dir='ltr'>vel</span> <span class='ocrx_word' id='word_1_115' title='bbox 626 1162 731 1196; x_wconf 88' lang='lat' dir='ltr'>certo</span> <span class='ocrx_word' id='word_1_116' title='bbox 762 1159 1007 1208; x_wconf 68' lang='lat' dir='ltr'>procurauni</span> <span class='ocrx_word' id='word_1_117' title='bbox 1043 1173 1114 1198; x_wconf 82' lang='lat' dir='ltr'>suo</span> <span class='ocrx_word' id='word_1_118' title='bbox 1148 1160 1311 1199; x_wconf 86' lang='lat' dir='ltr'>nomine</span> <span class='ocrx_word' id='word_1_119' title='bbox 1344 1161 1517 1210; x_wconf 82' lang='lat' dir='ltr'>predicte</span> <span class='ocrx_word' id='word_1_120' title='bbox 1553 1162 1701 1211; x_wconf 77' lang='lat' dir='ltr'>regine.</span> <span class='ocrx_word' id='word_1_121' title='bbox 1763 1162 1879 1200; x_wconf 79' lang='lat' dir='ltr'>Teste</span> <span class='ocrx_word' id='word_1_122' title='bbox 1919 1165 1962 1200; x_wconf 84' lang='lat' dir='ltr'>ut</span> <span class='ocrx_word' id='word_1_123' title='bbox 2001 1175 2133 1211; x_wconf 88' lang='lat' dir='ltr'>supra.</span> 
     </span>
    </p>
   </div>
   <div class='ocr_carea' id='block_1_6' title="bbox 530 1255 2233 1864">
    <p class='ocr_par' dir='ltr' id='par_1_6' title="bbox 530 1255 2233 1864">
     <span class='ocr_line' id='line_1_18' title="bbox 644 1255 2233 1295; baseline 0.002 -5"><span class='ocrx_word' id='word_1_124' title='bbox 644 1256 717 1290; x_wconf 68' lang='lat' dir='ltr'>l&#39;m»</span> <span class='ocrx_word' id='word_1_125' title='bbox 771 1257 955 1295; x_wconf 66' lang='lat' dir='ltr'>fratribus</span> <span class='ocrx_word' id='word_1_126' title='bbox 994 1257 1034 1290; x_wconf 66' lang='lat' dir='ltr'>tlt*</span> <span class='ocrx_word' id='word_1_127' title='bbox 1076 1257 1306 1293; x_wconf 62' lang='lat' dir='ltr'>Jlanastm&#39;a</span> <span class='ocrx_word' id='word_1_128' title='bbox 1349 1258 1829 1295; x_wconf 53' lang='lat' dir='ltr'>l&#39;arnnnn—hlandatum</span> <span class='ocrx_word' id='word_1_129' title='bbox 1874 1260 1932 1295; x_wconf 77' lang='lat' dir='ltr'>est</span> <span class='ocrx_word' id='word_1_130' title='bbox 1973 1255 2148 1295; x_wconf 51' lang='lat' dir='ltr'>NVaItero</span> <span class='ocrx_word' id='word_1_131' title='bbox 2186 1256 2233 1294; x_wconf 82' lang='lat' dir='ltr'>de</span> 
     </span>
     <span class='ocr_line' id='line_1_19' title="bbox 531 1317 2233 1368; baseline 0.002 -15"><span class='ocrx_word' id='word_1_132' title='bbox 531 1318 664 1366; x_wconf 72' lang='lat' dir='ltr'>Burgo</span> <span class='ocrx_word' id='word_1_133' title='bbox 702 1317 806 1366; x_wconf 81' lang='lat' dir='ltr'>quod</span> <span class='ocrx_word' id='word_1_134' title='bbox 845 1317 1087 1355; x_wconf 84' lang='lat' dir='ltr'>demandam</span> <span class='ocrx_word' id='word_1_135' title='bbox 1117 1332 1238 1367; x_wconf 86' lang='lat' dir='ltr'>quam</span> <span class='ocrx_word' id='word_1_136' title='bbox 1270 1319 1364 1357; x_wconf 79' lang='lat' dir='ltr'>facit</span> <span class='ocrx_word' id='word_1_137' title='bbox 1395 1319 1590 1368; x_wconf 73' lang='lat' dir='ltr'>magistro</span> <span class='ocrx_word' id='word_1_138' title='bbox 1620 1324 1660 1357; x_wconf 88' lang='lat' dir='ltr'>et</span> <span class='ocrx_word' id='word_1_139' title='bbox 1691 1319 1882 1358; x_wconf 73' lang='lat' dir='ltr'>fratribus</span> <span class='ocrx_word' id='word_1_140' title='bbox 1913 1319 1959 1357; x_wconf 88' lang='lat' dir='ltr'>de</span> <span class='ocrx_word' id='word_1_141' title='bbox 1989 1319 2233 1357; x_wconf 77' lang='lat' dir='ltr'>Monasterio</span> 
     </span>
     <span class='ocr_line' id='line_1_20' title="bbox 533 1380 2233 1430; baseline 0.001 -14"><span class='ocrx_word' id='word_1_142' title='bbox 533 1382 710 1417; x_wconf 80' lang='lat' dir='ltr'>Cornuto</span> <span class='ocrx_word' id='word_1_143' title='bbox 759 1391 828 1427; x_wconf 89' lang='lat' dir='ltr'>pro</span> <span class='ocrx_word' id='word_1_144' title='bbox 880 1384 1141 1428; x_wconf 85' lang='lat' dir='ltr'>purprestura</span> <span class='ocrx_word' id='word_1_145' title='bbox 1190 1381 1296 1418; x_wconf 79' lang='lat' dir='ltr'>facta</span> <span class='ocrx_word' id='word_1_146' title='bbox 1346 1394 1414 1430; x_wconf 87' lang='lat' dir='ltr'>per</span> <span class='ocrx_word' id='word_1_147' title='bbox 1463 1395 1541 1427; x_wconf 86' lang='lat' dir='ltr'>eos,</span> <span class='ocrx_word' id='word_1_148' title='bbox 1598 1385 1641 1420; x_wconf 91' lang='lat' dir='ltr'>ut</span> <span class='ocrx_word' id='word_1_149' title='bbox 1685 1381 1846 1426; x_wconf 85' lang='lat' dir='ltr'>dicitur,</span> <span class='ocrx_word' id='word_1_150' title='bbox 1890 1381 1930 1418; x_wconf 92' lang='lat' dir='ltr'>in</span> <span class='ocrx_word' id='word_1_151' title='bbox 1970 1380 2149 1419; x_wconf 84' lang='lat' dir='ltr'>manerio</span> <span class='ocrx_word' id='word_1_152' title='bbox 2187 1381 2233 1418; x_wconf 90' lang='lat' dir='ltr'>de</span> 
     </span>
     <span class='ocr_line' id='line_1_21' title="bbox 531 1441 2231 1492; baseline 0.001 -13"><span class='ocrx_word' id='word_1_153' title='bbox 531 1441 750 1489; x_wconf 68' lang='lat' dir='ltr'>Havering&#39;</span> <span class='ocrx_word' id='word_1_154' title='bbox 810 1444 934 1490; x_wconf 87' lang='lat' dir='ltr'>ponat</span> <span class='ocrx_word' id='word_1_155' title='bbox 991 1441 1031 1478; x_wconf 92' lang='lat' dir='ltr'>in</span> <span class='ocrx_word' id='word_1_156' title='bbox 1089 1446 1314 1491; x_wconf 84' lang='lat' dir='ltr'>respectum</span> <span class='ocrx_word' id='word_1_157' title='bbox 1370 1457 1496 1492; x_wconf 83' lang='lat' dir='ltr'>usque</span> <span class='ocrx_word' id='word_1_158' title='bbox 1554 1444 1594 1480; x_wconf 91' lang='lat' dir='ltr'>in</span> <span class='ocrx_word' id='word_1_159' title='bbox 1653 1457 1716 1481; x_wconf 66' lang='lat' dir='ltr'>xv.</span> <span class='ocrx_word' id='word_1_160' title='bbox 1773 1444 1856 1481; x_wconf 86' lang='lat' dir='ltr'>dies</span> <span class='ocrx_word' id='word_1_161' title='bbox 1906 1457 1929 1481; x_wconf 86' lang='lat' dir='ltr'>a</span> <span class='ocrx_word' id='word_1_162' title='bbox 1977 1443 2039 1480; x_wconf 88' lang='lat' dir='ltr'>die</span> <span class='ocrx_word' id='word_1_163' title='bbox 2093 1443 2231 1481; x_wconf 65' lang='lat' dir='ltr'>Sancti</span> 
     </span>
     <span class='ocr_line' id='line_1_22' title="bbox 531 1503 2233 1554; baseline 0.002 -14"><span class='ocrx_word' id='word_1_164' title='bbox 531 1503 753 1548; x_wconf 81' lang='lat' dir='ltr'>Michaelis,</span> <span class='ocrx_word' id='word_1_165' title='bbox 804 1507 847 1540; x_wconf 86' lang='lat' dir='ltr'>ut</span> <span class='ocrx_word' id='word_1_166' title='bbox 901 1507 998 1541; x_wconf 88' lang='lat' dir='ltr'>tunc</span> <span class='ocrx_word' id='word_1_167' title='bbox 1051 1504 1091 1541; x_wconf 90' lang='lat' dir='ltr'>in</span> <span class='ocrx_word' id='word_1_168' title='bbox 1138 1504 1313 1542; x_wconf 77' lang='lat' dir='ltr'>adventu</span> <span class='ocrx_word' id='word_1_169' title='bbox 1365 1505 1469 1554; x_wconf 74' lang='lat' dir='ltr'>regis</span> <span class='ocrx_word' id='word_1_170' title='bbox 1520 1506 1626 1554; x_wconf 84' lang='lat' dir='ltr'>apud</span> <span class='ocrx_word' id='word_1_171' title='bbox 1678 1506 1864 1543; x_wconf 86' lang='lat' dir='ltr'>London&#39;</span> <span class='ocrx_word' id='word_1_172' title='bbox 1920 1504 2147 1554; x_wconf 85' lang='lat' dir='ltr'>inquiratur</span> <span class='ocrx_word' id='word_1_173' title='bbox 2199 1504 2233 1543; x_wconf 90' lang='lat' dir='ltr'>si</span> 
     </span>
     <span class='ocr_line' id='line_1_23' title="bbox 530 1564 2230 1616; baseline 0.001 -15"><span class='ocrx_word' id='word_1_174' title='bbox 530 1572 831 1613; x_wconf 79' lang='lat' dir='ltr'>pin-presturam</span> <span class='ocrx_word' id='word_1_175' title='bbox 885 1564 1061 1614; x_wconf 82' lang='lat' dir='ltr'>aliquam</span> <span class='ocrx_word' id='word_1_176' title='bbox 1115 1566 1281 1605; x_wconf 84' lang='lat' dir='ltr'>fecerint</span> <span class='ocrx_word' id='word_1_177' title='bbox 1331 1567 1370 1603; x_wconf 91' lang='lat' dir='ltr'>in</span> <span class='ocrx_word' id='word_1_178' title='bbox 1420 1568 1601 1605; x_wconf 84' lang='lat' dir='ltr'>manerio</span> <span class='ocrx_word' id='word_1_179' title='bbox 1649 1567 1827 1616; x_wconf 88' lang='lat' dir='ltr'>predicto</span> <span class='ocrx_word' id='word_1_180' title='bbox 1876 1579 2024 1610; x_wconf 82' lang='lat' dir='ltr'>necne;</span> <span class='ocrx_word' id='word_1_181' title='bbox 2074 1569 2112 1603; x_wconf 87' lang='lat' dir='ltr'>et</span> <span class='ocrx_word' id='word_1_182' title='bbox 2151 1579 2230 1604; x_wconf 88' lang='lat' dir='ltr'>non</span> 
     </span>
     <span class='ocr_line' id='line_1_24' title="bbox 531 1627 2232 1678; baseline 0.001 -15"><span class='ocrx_word' id='word_1_183' title='bbox 531 1627 738 1675; x_wconf 86' lang='lat' dir='ltr'>permittat</span> <span class='ocrx_word' id='word_1_184' title='bbox 791 1630 990 1676; x_wconf 84' lang='lat' dir='ltr'>quantum</span> <span class='ocrx_word' id='word_1_185' title='bbox 1044 1628 1085 1664; x_wconf 90' lang='lat' dir='ltr'>in</span> <span class='ocrx_word' id='word_1_186' title='bbox 1142 1641 1187 1666; x_wconf 89' lang='lat' dir='ltr'>eo</span> <span class='ocrx_word' id='word_1_187' title='bbox 1243 1632 1301 1666; x_wconf 78' lang='lat' dir='ltr'>est</span> <span class='ocrx_word' id='word_1_188' title='bbox 1359 1629 1463 1678; x_wconf 75' lang='lat' dir='ltr'>quod</span> <span class='ocrx_word' id='word_1_189' title='bbox 1521 1629 1650 1678; x_wconf 87' lang='lat' dir='ltr'>placia</span> <span class='ocrx_word' id='word_1_190' title='bbox 1708 1629 1777 1666; x_wconf 89' lang='lat' dir='ltr'>illa</span> <span class='ocrx_word' id='word_1_191' title='bbox 1832 1642 1908 1678; x_wconf 84' lang='lat' dir='ltr'>que</span> <span class='ocrx_word' id='word_1_192' title='bbox 1963 1628 2118 1666; x_wconf 83' lang='lat' dir='ltr'>inclusa</span> <span class='ocrx_word' id='word_1_193' title='bbox 2173 1630 2232 1666; x_wconf 86' lang='lat' dir='ltr'>est</span> 
     </span>
     <span class='ocr_line' id='line_1_25' title="bbox 531 1689 2232 1740; baseline 0.001 -13"><span class='ocrx_word' id='word_1_194' title='bbox 531 1690 633 1727; x_wconf 83' lang='lat' dir='ltr'>circa</span> <span class='ocrx_word' id='word_1_195' title='bbox 681 1689 875 1738; x_wconf 84' lang='lat' dir='ltr'>capellam</span> <span class='ocrx_word' id='word_1_196' title='bbox 926 1690 972 1727; x_wconf 88' lang='lat' dir='ltr'>de</span> <span class='ocrx_word' id='word_1_197' title='bbox 1023 1690 1233 1728; x_wconf 82' lang='lat' dir='ltr'>Rumford&#39;</span> <span class='ocrx_word' id='word_1_198' title='bbox 1288 1692 1358 1728; x_wconf 78' lang='lat' dir='ltr'>liat</span> <span class='ocrx_word' id='word_1_199' title='bbox 1408 1691 1653 1728; x_wconf 84' lang='lat' dir='ltr'>cimiterium</span> <span class='ocrx_word' id='word_1_200' title='bbox 1704 1694 1773 1728; x_wconf 88' lang='lat' dir='ltr'>aut</span> <span class='ocrx_word' id='word_1_201' title='bbox 1828 1690 2034 1740; x_wconf 81' lang='lat' dir='ltr'>sepultura</span> <span class='ocrx_word' id='word_1_202' title='bbox 2085 1689 2232 1728; x_wconf 87' lang='lat' dir='ltr'>ibidem</span> 
     </span>
     <span class='ocr_line' id='line_1_26' title="bbox 530 1750 2232 1802; baseline 0.001 -14"><span class='ocrx_word' id='word_1_203' title='bbox 530 1750 725 1789; x_wconf 81' lang='lat' dir='ltr'>habeatur</span> <span class='ocrx_word' id='word_1_204' title='bbox 777 1754 994 1800; x_wconf 83' lang='lat' dir='ltr'>antequam</span> <span class='ocrx_word' id='word_1_205' title='bbox 1036 1765 1101 1790; x_wconf 77' lang='lat' dir='ltr'>rex</span> <span class='ocrx_word' id='word_1_206' title='bbox 1133 1765 1225 1790; x_wconf 86' lang='lat' dir='ltr'>cum</span> <span class='ocrx_word' id='word_1_207' title='bbox 1258 1753 1423 1791; x_wconf 89' lang='lat' dir='ltr'>domino</span> <span class='ocrx_word' id='word_1_208' title='bbox 1454 1753 1731 1791; x_wconf 86' lang='lat' dir='ltr'>Londoniensi</span> <span class='ocrx_word' id='word_1_209' title='bbox 1766 1753 1950 1802; x_wconf 87' lang='lat' dir='ltr'>episcopo</span> <span class='ocrx_word' id='word_1_210' title='bbox 1988 1752 2232 1802; x_wconf 88' lang='lat' dir='ltr'>colloquium</span> 
     </span>
     <span class='ocr_line' id='line_1_27' title="bbox 531 1812 1975 1864; baseline 0.001 -15"><span class='ocrx_word' id='word_1_211' title='bbox 531 1812 729 1851; x_wconf 81' lang='lat' dir='ltr'>habuerit.</span> <span class='ocrx_word' id='word_1_212' title='bbox 806 1813 920 1850; x_wconf 80' lang='lat' dir='ltr'>Teste</span> <span class='ocrx_word' id='word_1_213' title='bbox 956 1827 1045 1862; x_wconf 74' lang='lat' dir='ltr'>rege</span> <span class='ocrx_word' id='word_1_214' title='bbox 1082 1815 1187 1863; x_wconf 84' lang='lat' dir='ltr'>apud</span> <span class='ocrx_word' id='word_1_215' title='bbox 1226 1815 1468 1860; x_wconf 81' lang='lat' dir='ltr'>Eboracum,</span> <span class='ocrx_word' id='word_1_216' title='bbox 1508 1829 1571 1852; x_wconf 76' lang='lat' dir='ltr'>xx.</span> <span class='ocrx_word' id='word_1_217' title='bbox 1613 1815 1675 1852; x_wconf 89' lang='lat' dir='ltr'>die</span> <span class='ocrx_word' id='word_1_218' title='bbox 1714 1814 1975 1864; x_wconf 72' lang='lat' dir='ltr'>Septembris.</span> 
     </span>
    </p>
   </div>
   <div class='ocr_carea' id='block_1_7' title="bbox 527 1909 2232 2266">
    <p class='ocr_par' dir='ltr' id='par_1_7' title="bbox 527 1909 2232 2266">
     <span class='ocr_line' id='line_1_28' title="bbox 640 1909 2232 1959; baseline 0.001 -15"><span class='ocrx_word' id='word_1_219' title='bbox 640 1909 692 1944; x_wconf 71' lang='lat' dir='ltr'>JJe</span> <span class='ocrx_word' id='word_1_220' title='bbox 731 1910 921 1944; x_wconf 54' lang='lat' dir='ltr'>mam-emim</span> <span class='ocrx_word' id='word_1_221' title='bbox 961 1909 1457 1955; x_wconf 47' lang='lat' dir='ltr'>sapien«bn—Mandatum</span> <span class='ocrx_word' id='word_1_222' title='bbox 1498 1912 1557 1947; x_wconf 88' lang='lat' dir='ltr'>est</span> <span class='ocrx_word' id='word_1_223' title='bbox 1594 1909 1788 1947; x_wconf 85' lang='lat' dir='ltr'>Warnero</span> <span class='ocrx_word' id='word_1_224' title='bbox 1819 1911 2015 1959; x_wconf 81' lang='lat' dir='ltr'>Engayne</span> <span class='ocrx_word' id='word_1_225' title='bbox 2048 1909 2152 1958; x_wconf 87' lang='lat' dir='ltr'>quod</span> <span class='ocrx_word' id='word_1_226' title='bbox 2191 1909 2232 1946; x_wconf 88' lang='lat' dir='ltr'>in</span> 
     </span>
     <span class='ocr_line' id='line_1_29' title="bbox 530 1969 2231 2020; baseline 0.001 -14"><span class='ocrx_word' id='word_1_227' title='bbox 530 1970 633 2007; x_wconf 84' lang='lat' dir='ltr'>haiis</span> <span class='ocrx_word' id='word_1_228' title='bbox 684 1970 731 2006; x_wconf 89' lang='lat' dir='ltr'>de</span> <span class='ocrx_word' id='word_1_229' title='bbox 781 1969 978 2017; x_wconf 75' lang='lat' dir='ltr'>Clipston’</span> <span class='ocrx_word' id='word_1_230' title='bbox 1026 1970 1145 2008; x_wconf 79' lang='lat' dir='ltr'>faciat</span> <span class='ocrx_word' id='word_1_231' title='bbox 1198 1970 1342 2008; x_wconf 86' lang='lat' dir='ltr'>habere</span> <span class='ocrx_word' id='word_1_232' title='bbox 1388 1971 1614 2010; x_wconf 80' lang='lat' dir='ltr'>vicecomiti</span> <span class='ocrx_word' id='word_1_233' title='bbox 1663 1971 1827 2020; x_wconf 79' lang='lat' dir='ltr'>Noting’</span> <span class='ocrx_word' id='word_1_234' title='bbox 1874 1971 2134 2008; x_wconf 87' lang='lat' dir='ltr'>maeremium</span> <span class='ocrx_word' id='word_1_235' title='bbox 2182 1971 2231 2008; x_wconf 77' lang='lat' dir='ltr'>ad</span> 
     </span>
     <span class='ocr_line' id='line_1_30' title="bbox 529 2031 2232 2082; baseline 0 -12"><span class='ocrx_word' id='word_1_236' title='bbox 529 2031 778 2081; x_wconf 88' lang='lat' dir='ltr'>operationes</span> <span class='ocrx_word' id='word_1_237' title='bbox 819 2032 920 2079; x_wconf 70' lang='lat' dir='ltr'>regis</span> <span class='ocrx_word' id='word_1_238' title='bbox 959 2032 1005 2069; x_wconf 82' lang='lat' dir='ltr'>de</span> <span class='ocrx_word' id='word_1_239' title='bbox 1046 2032 1242 2081; x_wconf 74' lang='lat' dir='ltr'>Clipston&#39;</span> <span class='ocrx_word' id='word_1_240' title='bbox 1284 2033 1510 2071; x_wconf 79' lang='lat' dir='ltr'>faciendas:</span> <span class='ocrx_word' id='word_1_241' title='bbox 1557 2034 1612 2071; x_wconf 82' lang='lat' dir='ltr'>ita</span> <span class='ocrx_word' id='word_1_242' title='bbox 1649 2033 1754 2082; x_wconf 82' lang='lat' dir='ltr'>quod</span> <span class='ocrx_word' id='word_1_243' title='bbox 1793 2033 1840 2070; x_wconf 88' lang='lat' dir='ltr'>de</span> <span class='ocrx_word' id='word_1_244' title='bbox 1879 2032 2096 2070; x_wconf 86' lang='lat' dir='ltr'>maeremio</span> <span class='ocrx_word' id='word_1_245' title='bbox 2129 2033 2232 2082; x_wconf 88' lang='lat' dir='ltr'>quod</span> 
     </span>
     <span class='ocr_line' id='line_1_31' title="bbox 529 2093 2232 2144; baseline 0.001 -13"><span class='ocrx_word' id='word_1_246' title='bbox 529 2095 563 2132; x_wconf 89' lang='lat' dir='ltr'>ei</span> <span class='ocrx_word' id='word_1_247' title='bbox 598 2093 741 2131; x_wconf 88' lang='lat' dir='ltr'>habere</span> <span class='ocrx_word' id='word_1_248' title='bbox 774 2093 913 2131; x_wconf 82' lang='lat' dir='ltr'>feceris</span> <span class='ocrx_word' id='word_1_249' title='bbox 944 2094 1013 2131; x_wconf 88' lang='lat' dir='ltr'>fiat</span> <span class='ocrx_word' id='word_1_250' title='bbox 1044 2095 1148 2132; x_wconf 90' lang='lat' dir='ltr'>inter</span> <span class='ocrx_word' id='word_1_251' title='bbox 1177 2108 1242 2133; x_wconf 83' lang='lat' dir='ltr'>eos</span> <span class='ocrx_word' id='word_1_252' title='bbox 1272 2095 1397 2141; x_wconf 81' lang='lat' dir='ltr'>tallia,</span> <span class='ocrx_word' id='word_1_253' title='bbox 1431 2098 1470 2133; x_wconf 89' lang='lat' dir='ltr'>et</span> <span class='ocrx_word' id='word_1_254' title='bbox 1501 2109 1581 2135; x_wconf 84' lang='lat' dir='ltr'>una</span> <span class='ocrx_word' id='word_1_255' title='bbox 1611 2109 1702 2144; x_wconf 79' lang='lat' dir='ltr'>pars</span> <span class='ocrx_word' id='word_1_256' title='bbox 1733 2108 1854 2144; x_wconf 87' lang='lat' dir='ltr'>penes</span> <span class='ocrx_word' id='word_1_257' title='bbox 1884 2099 1922 2133; x_wconf 89' lang='lat' dir='ltr'>te</span> <span class='ocrx_word' id='word_1_258' title='bbox 1960 2099 2165 2133; x_wconf 82' lang='lat' dir='ltr'>remaneat</span> <span class='ocrx_word' id='word_1_259' title='bbox 2192 2098 2232 2133; x_wconf 89' lang='lat' dir='ltr'>et</span> 
     </span>
     <span class='ocr_line' id='line_1_32' title="bbox 527 2155 2228 2208; baseline 0.001 -15"><span class='ocrx_word' id='word_1_260' title='bbox 527 2156 607 2193; x_wconf 88' lang='lat' dir='ltr'>alia</span> <span class='ocrx_word' id='word_1_261' title='bbox 645 2168 764 2204; x_wconf 85' lang='lat' dir='ltr'>penes</span> <span class='ocrx_word' id='word_1_262' title='bbox 800 2155 1076 2194; x_wconf 74' lang='lat' dir='ltr'>vicecomitem</span> <span class='ocrx_word' id='word_1_263' title='bbox 1115 2157 1354 2206; x_wconf 88' lang='lat' dir='ltr'>predictum.</span> <span class='ocrx_word' id='word_1_264' title='bbox 1432 2157 1548 2195; x_wconf 78' lang='lat' dir='ltr'>Teste</span> <span class='ocrx_word' id='word_1_265' title='bbox 1586 2170 1675 2203; x_wconf 65' lang='lat' dir='ltr'>rege</span> <span class='ocrx_word' id='word_1_266' title='bbox 1715 2158 1821 2206; x_wconf 81' lang='lat' dir='ltr'>apud</span> <span class='ocrx_word' id='word_1_267' title='bbox 1865 2156 2108 2202; x_wconf 87' lang='lat' dir='ltr'>Eboracum,</span> <span class='ocrx_word' id='word_1_268' title='bbox 2148 2157 2228 2208; x_wconf 80' lang='lat' dir='ltr'><strong>xxj.</strong></span> 
     </span>
     <span class='ocr_line' id='line_1_33' title="bbox 528 2217 892 2266; baseline -0.003 -11"><span class='ocrx_word' id='word_1_269' title='bbox 528 2219 590 2256; x_wconf 91' lang='lat' dir='ltr'>die</span> <span class='ocrx_word' id='word_1_270' title='bbox 632 2217 892 2266; x_wconf 73' lang='lat' dir='ltr'>Septembris.</span> 
     </span>
    </p>
   </div>
   <div class='ocr_carea' id='block_1_8' title="bbox 525 2306 2230 2851">
    <p class='ocr_par' dir='ltr' id='par_1_8' title="bbox 525 2306 2230 2851">
     <span class='ocr_line' id='line_1_34' title="bbox 638 2306 2230 2356; baseline 0.001 -14"><span class='ocrx_word' id='word_1_271' title='bbox 638 2308 860 2343; x_wconf 60' lang='lat' dir='ltr'>la&#39;lwracmn.</span> <span class='ocrx_word' id='word_1_272' title='bbox 925 2308 997 2342; x_wconf 69' lang='lat' dir='ltr'>I&#39;ro</span> <span class='ocrx_word' id='word_1_273' title='bbox 1036 2308 1214 2344; x_wconf 63' lang='lat' dir='ltr'>johanne</span> <span class='ocrx_word' id='word_1_274' title='bbox 1257 2309 1335 2347; x_wconf 70' lang='lat' dir='ltr'>filio</span> <span class='ocrx_word' id='word_1_275' title='bbox 1386 2308 1564 2348; x_wconf 64' lang='lat' dir='ltr'>(ialfritli</span> <span class='ocrx_word' id='word_1_276' title='bbox 1607 2309 1649 2343; x_wconf 80' lang='lat' dir='ltr'>‹le</span> <span class='ocrx_word' id='word_1_277' title='bbox 1718 2306 2035 2356; x_wconf 39' lang='lat' dir='ltr'>&#39;ammuh-Quia</span> <span class='ocrx_word' id='word_1_278' title='bbox 2073 2309 2230 2344; x_wconf 71' lang='lat' dir='ltr'>constat</span> 
     </span>
     <span class='ocr_line' id='line_1_35' title="bbox 528 2367 2230 2418; baseline 0 -13"><span class='ocrx_word' id='word_1_279' title='bbox 528 2368 609 2417; x_wconf 79' lang='lat' dir='ltr'>regi</span> <span class='ocrx_word' id='word_1_280' title='bbox 655 2381 722 2417; x_wconf 88' lang='lat' dir='ltr'>per</span> <span class='ocrx_word' id='word_1_281' title='bbox 760 2368 1063 2416; x_wconf 85' lang='lat' dir='ltr'>inquisitionem</span> <span class='ocrx_word' id='word_1_282' title='bbox 1105 2369 1252 2407; x_wconf 82' lang='lat' dir='ltr'>factam</span> <span class='ocrx_word' id='word_1_283' title='bbox 1293 2382 1360 2418; x_wconf 89' lang='lat' dir='ltr'>per</span> <span class='ocrx_word' id='word_1_284' title='bbox 1398 2372 1630 2417; x_wconf 86' lang='lat' dir='ltr'>preceptum</span> <span class='ocrx_word' id='word_1_285' title='bbox 1671 2369 1772 2417; x_wconf 81' lang='lat' dir='ltr'>regis</span> <span class='ocrx_word' id='word_1_286' title='bbox 1809 2368 1915 2418; x_wconf 85' lang='lat' dir='ltr'>quod</span> <span class='ocrx_word' id='word_1_287' title='bbox 1954 2367 2118 2406; x_wconf 75' lang='lat' dir='ltr'>Juhana</span> <span class='ocrx_word' id='word_1_288' title='bbox 2155 2381 2230 2417; x_wconf 87' lang='lat' dir='ltr'>que</span> 
     </span>
     <span class='ocr_line' id='line_1_36' title="bbox 528 2429 2229 2480; baseline 0 -13"><span class='ocrx_word' id='word_1_289' title='bbox 528 2430 604 2467; x_wconf 80' lang='lat' dir='ltr'>fuit</span> <span class='ocrx_word' id='word_1_290' title='bbox 644 2443 742 2467; x_wconf 81' lang='lat' dir='ltr'>uxor</span> <span class='ocrx_word' id='word_1_291' title='bbox 782 2429 973 2466; x_wconf 81' lang='lat' dir='ltr'>Anketilli</span> <span class='ocrx_word' id='word_1_292' title='bbox 1013 2430 1059 2468; x_wconf 88' lang='lat' dir='ltr'>de</span> <span class='ocrx_word' id='word_1_293' title='bbox 1100 2430 1264 2480; x_wconf 79' lang='lat' dir='ltr'>Kyllum</span> <span class='ocrx_word' id='word_1_294' title='bbox 1304 2430 1481 2480; x_wconf 84' lang='lat' dir='ltr'>appellat</span> <span class='ocrx_word' id='word_1_295' title='bbox 1521 2431 1753 2468; x_wconf 62' lang='lat' dir='ltr'>johannem</span> <span class='ocrx_word' id='word_1_296' title='bbox 1794 2430 1923 2468; x_wconf 86' lang='lat' dir='ltr'>filium</span> <span class='ocrx_word' id='word_1_297' title='bbox 1966 2429 2137 2467; x_wconf 80' lang='lat' dir='ltr'>Galfridi</span> <span class='ocrx_word' id='word_1_298' title='bbox 2182 2430 2229 2467; x_wconf 83' lang='lat' dir='ltr'>de</span> 
     </span>
     <span class='ocr_line' id='line_1_37' title="bbox 528 2491 2228 2542; baseline 0 -12"><span class='ocrx_word' id='word_1_299' title='bbox 528 2492 700 2541; x_wconf 80' lang='lat' dir='ltr'>Kayton&#39;</span> <span class='ocrx_word' id='word_1_300' title='bbox 738 2491 784 2529; x_wconf 86' lang='lat' dir='ltr'>de</span> <span class='ocrx_word' id='word_1_301' title='bbox 820 2495 947 2529; x_wconf 88' lang='lat' dir='ltr'>morte</span> <span class='ocrx_word' id='word_1_302' title='bbox 982 2492 1148 2540; x_wconf 88' lang='lat' dir='ltr'>predicti</span> <span class='ocrx_word' id='word_1_303' title='bbox 1190 2492 1394 2537; x_wconf 84' lang='lat' dir='ltr'>Anketilli,</span> <span class='ocrx_word' id='word_1_304' title='bbox 1436 2493 1640 2542; x_wconf 84' lang='lat' dir='ltr'>quondam</span> <span class='ocrx_word' id='word_1_305' title='bbox 1669 2493 1743 2530; x_wconf 83' lang='lat' dir='ltr'>viri</span> <span class='ocrx_word' id='word_1_306' title='bbox 1778 2492 1852 2538; x_wconf 78' lang='lat' dir='ltr'>sui,</span> <span class='ocrx_word' id='word_1_307' title='bbox 1882 2491 1973 2530; x_wconf 90' lang='lat' dir='ltr'>odio</span> <span class='ocrx_word' id='word_1_308' title='bbox 2006 2494 2044 2529; x_wconf 87' lang='lat' dir='ltr'>et</span> <span class='ocrx_word' id='word_1_309' title='bbox 2082 2491 2163 2529; x_wconf 83' lang='lat' dir='ltr'>atia</span> <span class='ocrx_word' id='word_1_310' title='bbox 2190 2494 2228 2530; x_wconf 82' lang='lat' dir='ltr'>et</span> 
     </span>
     <span class='ocr_line' id='line_1_38' title="bbox 528 2553 2230 2604; baseline 0 -13"><span class='ocrx_word' id='word_1_311' title='bbox 528 2567 607 2592; x_wconf 89' lang='lat' dir='ltr'>non</span> <span class='ocrx_word' id='word_1_312' title='bbox 639 2566 685 2591; x_wconf 88' lang='lat' dir='ltr'>eo</span> <span class='ocrx_word' id='word_1_313' title='bbox 710 2553 814 2601; x_wconf 79' lang='lat' dir='ltr'>quod</span> <span class='ocrx_word' id='word_1_314' title='bbox 844 2553 935 2590; x_wconf 88' lang='lat' dir='ltr'>inde</span> <span class='ocrx_word' id='word_1_315' title='bbox 965 2553 1176 2602; x_wconf 86' lang='lat' dir='ltr'>culpabilis</span> <span class='ocrx_word' id='word_1_316' title='bbox 1208 2554 1272 2599; x_wconf 84' lang='lat' dir='ltr'>sit,</span> <span class='ocrx_word' id='word_1_317' title='bbox 1308 2553 1380 2592; x_wconf 88' lang='lat' dir='ltr'>tibi</span> <span class='ocrx_word' id='word_1_318' title='bbox 1412 2554 1654 2603; x_wconf 85' lang='lat' dir='ltr'>precipimus</span> <span class='ocrx_word' id='word_1_319' title='bbox 1686 2555 1789 2604; x_wconf 86' lang='lat' dir='ltr'>quod</span> <span class='ocrx_word' id='word_1_320' title='bbox 1821 2554 1852 2591; x_wconf 88' lang='lat' dir='ltr'>si</span> <span class='ocrx_word' id='word_1_321' title='bbox 1888 2553 1993 2591; x_wconf 91' lang='lat' dir='ltr'>idem</span> <span class='ocrx_word' id='word_1_322' title='bbox 2023 2553 2230 2591; x_wconf 80' lang='lat' dir='ltr'>Johannes</span> 
     </span>
     <span class='ocr_line' id='line_1_39' title="bbox 526 2613 2228 2665; baseline 0 -12"><span class='ocrx_word' id='word_1_323' title='bbox 526 2615 724 2653; x_wconf 81' lang='lat' dir='ltr'>invenerit</span> <span class='ocrx_word' id='word_1_324' title='bbox 768 2613 839 2652; x_wconf 93' lang='lat' dir='ltr'>tibi</span> <span class='ocrx_word' id='word_1_325' title='bbox 886 2614 954 2663; x_wconf 78' lang='lat' dir='ltr'>xij.</span> <span class='ocrx_word' id='word_1_326' title='bbox 996 2615 1138 2664; x_wconf 86' lang='lat' dir='ltr'>probos</span> <span class='ocrx_word' id='word_1_327' title='bbox 1187 2621 1225 2653; x_wconf 89' lang='lat' dir='ltr'>et</span> <span class='ocrx_word' id='word_1_328' title='bbox 1274 2615 1420 2665; x_wconf 82' lang='lat' dir='ltr'>legales</span> <span class='ocrx_word' id='word_1_329' title='bbox 1472 2615 1657 2653; x_wconf 85' lang='lat' dir='ltr'>homines</span> <span class='ocrx_word' id='word_1_330' title='bbox 1705 2616 1760 2653; x_wconf 74' lang='lat' dir='ltr'>de‘</span> <span class='ocrx_word' id='word_1_331' title='bbox 1804 2615 2001 2654; x_wconf 85' lang='lat' dir='ltr'>comitatu</span> <span class='ocrx_word' id='word_1_332' title='bbox 2047 2618 2117 2652; x_wconf 88' lang='lat' dir='ltr'>tuo</span> <span class='ocrx_word' id='word_1_333' title='bbox 2160 2616 2228 2664; x_wconf 87' lang='lat' dir='ltr'>qui</span> 
     </span>
     <span class='ocr_line' id='line_1_40' title="bbox 525 2676 2228 2727; baseline 0 -12"><span class='ocrx_word' id='word_1_334' title='bbox 525 2691 617 2716; x_wconf 88' lang='lat' dir='ltr'>eum</span> <span class='ocrx_word' id='word_1_335' title='bbox 674 2676 961 2725; x_wconf 86' lang='lat' dir='ltr'>manucapiant</span> <span class='ocrx_word' id='word_1_336' title='bbox 1019 2677 1163 2715; x_wconf 84' lang='lat' dir='ltr'>habere</span> <span class='ocrx_word' id='word_1_337' title='bbox 1217 2690 1349 2715; x_wconf 84' lang='lat' dir='ltr'>coram</span> <span class='ocrx_word' id='word_1_338' title='bbox 1406 2677 1643 2727; x_wconf 85' lang='lat' dir='ltr'>justiciariis</span> <span class='ocrx_word' id='word_1_339' title='bbox 1702 2677 1990 2715; x_wconf 80' lang='lat' dir='ltr'>itinerantibus</span> <span class='ocrx_word' id='word_1_340' title='bbox 2043 2690 2130 2715; x_wconf 86' lang='lat' dir='ltr'>cum</span> <span class='ocrx_word' id='word_1_341' title='bbox 2186 2677 2228 2715; x_wconf 89' lang='lat' dir='ltr'>in</span> 
     </span>
     <span class='ocr_line' id='line_1_41' title="bbox 525 2738 2229 2789; baseline 0 -12"><span class='ocrx_word' id='word_1_342' title='bbox 525 2742 658 2789; x_wconf 87' lang='lat' dir='ltr'>partes</span> <span class='ocrx_word' id='word_1_343' title='bbox 696 2738 785 2775; x_wconf 86' lang='lat' dir='ltr'>illas</span> <span class='ocrx_word' id='word_1_344' title='bbox 825 2738 1021 2783; x_wconf 78' lang='lat' dir='ltr'>venerint,</span> <span class='ocrx_word' id='word_1_345' title='bbox 1063 2742 1160 2777; x_wconf 90' lang='lat' dir='ltr'>tunc</span> <span class='ocrx_word' id='word_1_346' title='bbox 1200 2739 1331 2788; x_wconf 86' lang='lat' dir='ltr'>ipsum</span> <span class='ocrx_word' id='word_1_347' title='bbox 1372 2739 1504 2776; x_wconf 86' lang='lat' dir='ltr'>tradat</span> <span class='ocrx_word' id='word_1_348' title='bbox 1552 2739 1593 2776; x_wconf 90' lang='lat' dir='ltr'>in</span> <span class='ocrx_word' id='word_1_349' title='bbox 1642 2739 1780 2777; x_wconf 79' lang='lat' dir='ltr'>baillio</span> <span class='ocrx_word' id='word_1_350' title='bbox 1828 2742 1903 2778; x_wconf 85' lang='lat' dir='ltr'>etc.</span> <span class='ocrx_word' id='word_1_351' title='bbox 1974 2739 2090 2777; x_wconf 87' lang='lat' dir='ltr'>Teste</span> <span class='ocrx_word' id='word_1_352' title='bbox 2140 2752 2229 2788; x_wconf 81' lang='lat' dir='ltr'>rege</span> 
     </span>
     <span class='ocr_line' id='line_1_42' title="bbox 525 2800 1461 2851; baseline -0.001 -12"><span class='ocrx_word' id='word_1_353' title='bbox 525 2801 630 2851; x_wconf 84' lang='lat' dir='ltr'>apud</span> <span class='ocrx_word' id='word_1_354' title='bbox 660 2800 902 2844; x_wconf 87' lang='lat' dir='ltr'>Eboracum,</span> <span class='ocrx_word' id='word_1_355' title='bbox 945 2800 1055 2850; x_wconf 79' lang='lat' dir='ltr'>xxiij.</span> <span class='ocrx_word' id='word_1_356' title='bbox 1096 2801 1159 2838; x_wconf 88' lang='lat' dir='ltr'>die</span> <span class='ocrx_word' id='word_1_357' title='bbox 1201 2800 1461 2849; x_wconf 67' lang='lat' dir='ltr'>Septembris.</span> 
     </span>
    </p>
   </div>
   <div class='ocr_carea' id='block_1_9' title="bbox 524 2895 2229 3191">
    <p class='ocr_par' dir='ltr' id='par_1_9' title="bbox 524 2895 2229 3131">
     <span class='ocr_line' id='line_1_43' title="bbox 633 2895 2229 2945; baseline 0.002 -14"><span class='ocrx_word' id='word_1_358' title='bbox 633 2896 688 2931; x_wconf 59' lang='lat' dir='ltr'>Iste</span> <span class='ocrx_word' id='word_1_359' title='bbox 746 2896 867 2931; x_wconf 67' lang='lat' dir='ltr'>clamis</span> <span class='ocrx_word' id='word_1_360' title='bbox 923 2895 1337 2933; x_wconf 67' lang='lat' dir='ltr'>«latz&#39;s.—Mandatuin</span> <span class='ocrx_word' id='word_1_361' title='bbox 1391 2900 1449 2933; x_wconf 85' lang='lat' dir='ltr'>est</span> <span class='ocrx_word' id='word_1_362' title='bbox 1497 2897 1677 2935; x_wconf 65' lang='lat' dir='ltr'>johanni</span> <span class='ocrx_word' id='word_1_363' title='bbox 1716 2897 1763 2934; x_wconf 89' lang='lat' dir='ltr'>de</span> <span class='ocrx_word' id='word_1_364' title='bbox 1802 2895 1967 2941; x_wconf 77' lang='lat' dir='ltr'>Nevill’,</span> <span class='ocrx_word' id='word_1_365' title='bbox 2007 2895 2229 2945; x_wconf 86' lang='lat' dir='ltr'>justiciario</span> 
     </span>
     <span class='ocr_line' id='line_1_44' title="bbox 525 2956 2228 3005; baseline 0 -11"><span class='ocrx_word' id='word_1_366' title='bbox 525 2957 682 3002; x_wconf 85' lang='lat' dir='ltr'>foreste,</span> <span class='ocrx_word' id='word_1_367' title='bbox 727 2957 831 3005; x_wconf 86' lang='lat' dir='ltr'>quod</span> <span class='ocrx_word' id='word_1_368' title='bbox 882 2956 921 2993; x_wconf 91' lang='lat' dir='ltr'>in</span> <span class='ocrx_word' id='word_1_369' title='bbox 976 2957 1123 2995; x_wconf 83' lang='lat' dir='ltr'>foresta</span> <span class='ocrx_word' id='word_1_370' title='bbox 1168 2957 1215 2994; x_wconf 87' lang='lat' dir='ltr'>de</span> <span class='ocrx_word' id='word_1_371' title='bbox 1266 2958 1453 2995; x_wconf 85' lang='lat' dir='ltr'>Gautreiz</span> <span class='ocrx_word' id='word_1_372' title='bbox 1501 2959 1622 2998; x_wconf 81' lang='lat' dir='ltr'>faciat</span> <span class='ocrx_word' id='word_1_373' title='bbox 1676 2958 1820 2997; x_wconf 88' lang='lat' dir='ltr'>habere</span> <span class='ocrx_word' id='word_1_374' title='bbox 1873 2958 1922 2995; x_wconf 89' lang='lat' dir='ltr'>R.</span> <span class='ocrx_word' id='word_1_375' title='bbox 1963 2957 2228 2996; x_wconf 89' lang='lat' dir='ltr'>Dunelmensi</span> 
     </span>
     <span class='ocr_line' id='line_1_45' title="bbox 524 3019 2227 3070; baseline 0 -13"><span class='ocrx_word' id='word_1_376' title='bbox 524 3019 721 3068; x_wconf 80' lang='lat' dir='ltr'>episcopo,</span> <span class='ocrx_word' id='word_1_377' title='bbox 762 3032 798 3055; x_wconf 77' lang='lat' dir='ltr'>x.</span> <span class='ocrx_word' id='word_1_378' title='bbox 839 3019 977 3056; x_wconf 82' lang='lat' dir='ltr'>damas</span> <span class='ocrx_word' id='word_1_379' title='bbox 1022 3022 1060 3057; x_wconf 86' lang='lat' dir='ltr'>et</span> <span class='ocrx_word' id='word_1_380' title='bbox 1105 3019 1178 3069; x_wconf 86' lang='lat' dir='ltr'>iiij.</span> <span class='ocrx_word' id='word_1_381' title='bbox 1220 3020 1359 3057; x_wconf 86' lang='lat' dir='ltr'>damos</span> <span class='ocrx_word' id='word_1_382' title='bbox 1405 3020 1516 3058; x_wconf 77' lang='lat' dir='ltr'>vivos</span> <span class='ocrx_word' id='word_1_383' title='bbox 1562 3021 1770 3070; x_wconf 87' lang='lat' dir='ltr'>ponendos</span> <span class='ocrx_word' id='word_1_384' title='bbox 1818 3020 1859 3057; x_wconf 93' lang='lat' dir='ltr'>in</span> <span class='ocrx_word' id='word_1_385' title='bbox 1904 3032 2023 3069; x_wconf 84' lang='lat' dir='ltr'>parco</span> <span class='ocrx_word' id='word_1_386' title='bbox 2064 3032 2136 3057; x_wconf 82' lang='lat' dir='ltr'>suo</span> <span class='ocrx_word' id='word_1_387' title='bbox 2179 3020 2227 3057; x_wconf 85' lang='lat' dir='ltr'>de</span> 
     </span>
     <span class='ocr_line' id='line_1_46' title="bbox 526 3081 1930 3131; baseline 0 -12"><span class='ocrx_word' id='word_1_388' title='bbox 526 3081 728 3119; x_wconf 80' lang='lat' dir='ltr'>Gautreiz.</span> <span class='ocrx_word' id='word_1_389' title='bbox 788 3081 904 3118; x_wconf 83' lang='lat' dir='ltr'>Teste</span> <span class='ocrx_word' id='word_1_390' title='bbox 931 3084 975 3118; x_wconf 89' lang='lat' dir='ltr'>ut</span> <span class='ocrx_word' id='word_1_391' title='bbox 1006 3094 1136 3130; x_wconf 86' lang='lat' dir='ltr'>supra.</span> <span class='ocrx_word' id='word_1_392' title='bbox 1197 3082 1272 3119; x_wconf 89' lang='lat' dir='ltr'>Per</span> <span class='ocrx_word' id='word_1_393' title='bbox 1296 3082 1538 3131; x_wconf 84' lang='lat' dir='ltr'>magistrum</span> <span class='ocrx_word' id='word_1_394' title='bbox 1560 3083 1622 3121; x_wconf 88' lang='lat' dir='ltr'>W.</span> <span class='ocrx_word' id='word_1_395' title='bbox 1645 3083 1692 3120; x_wconf 88' lang='lat' dir='ltr'>de</span> <span class='ocrx_word' id='word_1_396' title='bbox 1713 3082 1930 3131; x_wconf 81' lang='lat' dir='ltr'>Kilkenny.</span> 
     </span>
    </p>

    <p class='ocr_par' dir='ltr' id='par_1_10' title="bbox 685 3132 1825 3191">
     <span class='ocr_line' id='line_1_47' title="bbox 685 3132 1825 3191; baseline 0.004 -13"><span class='ocrx_word' id='word_1_397' title='bbox 685 3143 917 3191; x_wconf 37' lang='lat' dir='ltr'>[s&#39;afncelled]</span> <span class='ocrx_word' id='word_1_398' title='bbox 971 3145 1069 3186; x_wconf 71' lang='lat' dir='ltr'>Quia</span> <span class='ocrx_word' id='word_1_399' title='bbox 1108 3132 1148 3180; x_wconf 54' lang='lat' dir='ltr'>in</span> <span class='ocrx_word' id='word_1_400' title='bbox 1191 3145 1310 3180; x_wconf 72' lang='lat' dir='ltr'>rotulo</span> <span class='ocrx_word' id='word_1_401' title='bbox 1349 3145 1563 3181; x_wconf 72' lang='lat' dir='ltr'>clausarum</span> <span class='ocrx_word' id='word_1_402' title='bbox 1605 3158 1705 3182; x_wconf 67' lang='lat' dir='ltr'>aomo</span> <span class='ocrx_word' id='word_1_403' title='bbox 1743 3147 1825 3191; x_wconf 61' lang='lat' dir='ltr'>antgj.</span> 
     </span>
    </p>
   </div>
   <div class='ocr_carea' id='block_1_10' title="bbox 526 3238 2229 3410">
    <p class='ocr_par' dir='ltr' id='par_1_11' title="bbox 526 3238 2229 3410">
     <span class='ocr_line' id='line_1_48' title="bbox 633 3238 2229 3287; baseline 0.001 -13"><span class='ocrx_word' id='word_1_404' title='bbox 633 3238 689 3274; x_wconf 76' lang='lat' dir='ltr'>De</span> <span class='ocrx_word' id='word_1_405' title='bbox 718 3239 823 3274; x_wconf 66' lang='lat' dir='ltr'>bissis</span> <span class='ocrx_word' id='word_1_406' title='bbox 853 3238 1261 3275; x_wconf 47' lang='lat' dir='ltr'>‹latim—Mandatum</span> <span class='ocrx_word' id='word_1_407' title='bbox 1293 3240 1352 3276; x_wconf 87' lang='lat' dir='ltr'>est</span> <span class='ocrx_word' id='word_1_408' title='bbox 1383 3238 1535 3277; x_wconf 87' lang='lat' dir='ltr'>Thome</span> <span class='ocrx_word' id='word_1_409' title='bbox 1565 3239 1612 3277; x_wconf 87' lang='lat' dir='ltr'>de</span> <span class='ocrx_word' id='word_1_410' title='bbox 1641 3238 1836 3276; x_wconf 87' lang='lat' dir='ltr'>Muleton&#39;</span> <span class='ocrx_word' id='word_1_411' title='bbox 1869 3238 1973 3287; x_wconf 91' lang='lat' dir='ltr'>quod</span> <span class='ocrx_word' id='word_1_412' title='bbox 2005 3239 2046 3275; x_wconf 89' lang='lat' dir='ltr'>in</span> <span class='ocrx_word' id='word_1_413' title='bbox 2081 3239 2229 3276; x_wconf 83' lang='lat' dir='ltr'>foresta</span> 
     </span>
     <span class='ocr_line' id='line_1_49' title="bbox 526 3298 2226 3351; baseline 0.001 -15"><span class='ocrx_word' id='word_1_414' title='bbox 526 3299 696 3337; x_wconf 81' lang='lat' dir='ltr'>Karleol&#39;</span> <span class='ocrx_word' id='word_1_415' title='bbox 736 3299 856 3337; x_wconf 84' lang='lat' dir='ltr'>faciat</span> <span class='ocrx_word' id='word_1_416' title='bbox 893 3298 1037 3337; x_wconf 87' lang='lat' dir='ltr'>habere</span> <span class='ocrx_word' id='word_1_417' title='bbox 1084 3299 1266 3339; x_wconf 77' lang='lat' dir='ltr'>Galfrido</span> <span class='ocrx_word' id='word_1_418' title='bbox 1305 3299 1351 3337; x_wconf 87' lang='lat' dir='ltr'>de</span> <span class='ocrx_word' id='word_1_419' title='bbox 1391 3300 1533 3339; x_wconf 85' lang='lat' dir='ltr'>Nevill’</span> <span class='ocrx_word' id='word_1_420' title='bbox 1573 3301 1671 3351; x_wconf 77' lang='lat' dir='ltr'>duas</span> <span class='ocrx_word' id='word_1_421' title='bbox 1710 3299 1835 3338; x_wconf 78' lang='lat' dir='ltr'>bissas</span> <span class='ocrx_word' id='word_1_422' title='bbox 1874 3300 1921 3337; x_wconf 83' lang='lat' dir='ltr'>de</span> <span class='ocrx_word' id='word_1_423' title='bbox 1959 3300 2063 3338; x_wconf 85' lang='lat' dir='ltr'>dono</span> <span class='ocrx_word' id='word_1_424' title='bbox 2112 3299 2226 3350; x_wconf 84' lang='lat' dir='ltr'>regis.</span> 
     </span>
     <span class='ocr_line' id='line_1_50' title="bbox 527 3361 892 3410; baseline -0.003 -10"><span class='ocrx_word' id='word_1_425' title='bbox 527 3361 643 3400; x_wconf 85' lang='lat' dir='ltr'>Teste</span> <span class='ocrx_word' id='word_1_426' title='bbox 677 3364 721 3399; x_wconf 88' lang='lat' dir='ltr'>ut</span> <span class='ocrx_word' id='word_1_427' title='bbox 759 3374 892 3410; x_wconf 84' lang='lat' dir='ltr'>supra.</span> 
     </span>
    </p>
   </div>
  </div>
 </body>
</html>
