2375 3587
274 206 354 245 344

333 328 477 375 1236.

327 395 390 433 [m.
405 393 497 434 161]

1198 208 1381 251 oLosE
1427 208 1630 251 ROLLS.

570 402 626 440 ita
664 403 886 452 providebit
925 405 1029 453 quod
1068 404 1309 442 sufficienter
1347 404 1423 441 erit
1463 404 1518 441 eis
1557 404 1822 441 satisfactum.
1892 401 2061 440 Interim
2104 400 2265 449 quiden]

569 468 682 513 rogat
729 478 796 503 rex
843 466 1110 503 venerabile-m
1167 468 1321 515 patrem
1378 466 1426 503 R.
1485 465 1813 503 Lincolniensem
1861 464 2105 513 episcopum,
2144 461 2263 511 (1110(1,

567 529 766 575 quantum
804 527 845 564 in
884 528 969 576 ipso
1007 531 1079 573 est,
1121 527 1408 577 tranquillitati
1446 539 1583 565 eorum
1624 526 1821 564 intendat.
1881 526 1998 563 Teste
2028 527 2072 562 ut
2104 536 2235 573 supra.

674 615 731 651 De
752 616 985 662 justiciariis
1016 616 1254 662 (155111110ηᾶιέ
1284 616 1332 650 ad
1362 615 1505 661 placita
1536 613 1825 657 foresta-*Rex
1855 611 2078 650 vicecomiti
2108 610 2262 654 Essex’‚

568 675 754 713 salutem.
827 676 1046 714 Summone
1078 689 1146 724 per
1180 675 1305 713 bonos
1333 675 1642 713 summonitores
1674 675 2007 724 archiepiscopos,
2043 673 2262 722 episcopos,

568 736 742 783 abbates,
781 738 943 788 priores,
984 738 1163 783 comites,
1196 737 1376 781 barones,
1413 737 1562 775 milites
1592 740 1630 775 et
1665 736 1786 774 libere
1815 739 1997 774 tenentes
2035 735 2102 785 qui
2141 738 2264 772 terras

567 799 629 836 vel
667 802 895 837 tenementa
934 798 1084 836 habent
1122 799 1228 837 infra
1268 803 1395 837 metas
1434 799 1579 837 foreste
1618 802 1753 837 nostre
1793 799 1833 835 in
1874 797 2010 835 baillia
2044 801 2125 840 tua,
2159 795 2263 845 quod

568 860 649 898 sint
687 873 819 898 coram
859 860 1015 898 dilectis
1049 863 1086 898 et
1125 860 1310 898 fidelibus
1368 861 1515 898 nostris
1562 861 1751 899 Johanne
1799 861 1845 897 de
1893 859 2050 904 Nevill',
2101 856 2264 906 capitali

565 922 786 970 justiciario
820 923 977 967 foreste,
1010 922 1133 960 Vitali
1164 923 1350 972 Engaine
1383 926 1421 961 et
1455 923 1558 973 Elya
1589 923 1769 968 Britone,
1801 922 1942 960 clerico
1974 924 2123 966 nostro,
2159 919 2263 968 apud

567 984 920 1022 Chelemeresford'
956 998 978 1021 a
1016 985 1078 1022 die
1117 985 1268 1023 Pasche
1308 985 1347 1022 in
1397 999 1460 1023 xv.
1511 986 1593 1023 dies
1641 985 1688 1022 ad
1736 984 1884 1033 placita
1930 984 2074 1021 foreste
2113 984 2261 1026 nostre,

565 1048 667 1084 510111
706 1047 835 1085 solent
882 1049 920 1085 et
969 1046 1112 1085 debent
1170 1048 1319 1085 venire.
1407 1048 1628 1086 Summone
1676 1048 1797 1085 etiam
1854 1047 1901 1084 de
1956 1045 2134 1096 qualibet
2167 1043 2263 1082 villa

565 1109 779 1146 comitatus
818 1109 876 1146 tui
916 1109 1020 1146 infra
1068 1112 1196 1147 metas
1246 1110 1389 1148 foreste
1437 1114 1573 1147 nostre
1620 1110 1815 1147 existente
1862 1111 2033 1158 quatuor
2079 1106 2262 1145 homines

565 1182 656 1207 011111
696 1170 896 1218 preposito
934 1174 972 1207 et
1012 1171 1230 1208 forestariis
1269 1171 1457 1208 villarum
1497 1171 1601 1220 quod
1645 1174 1742 1208 tunc
1781 1171 1863 1208 sint
1901 1169 1968 1207 ibi.
2042 1169 2262 1208 Summone

562 1231 683 1268 etiam
723 1245 861 1269 01111195
900 1232 1129 1270 forestarios
1168 1236 1326 1270 nostros
1355 1236 1393 1270 et
1422 1232 1644 1278 virid-arios,
1677 1235 1759 1270 tam
1800 1232 1888 1269 illos
1919 1231 1986 1281 qui
2020 1230 2138 1269 modo
2168 1232 2263 1267 sunt

564 1306 683 1341 quam
706 1297 744 1331 et
764 1294 853 1331 illos
873 1294 940 1342 qui
962 1295 1126 1332 fuerunt
1153 1295 1351 1332 forestarii
1383 1299 1420 1332 et
1451 1294 1627 1332 viridarii
1658 1298 1747 1343 post
1770 1294 1915 1331 ultima
1935 1293 2083 1342 placita
2104 1293 2260 1336 foreste,

562 1356 666 1403 quod
705 1355 759 1393 ibi
798 1355 973 1393 habeant
1012 1357 1149 1394 omnia
1192 1357 1511 1395 attachiamenta
1551 1370 1622 1394 sua
1674 1361 1757 1394 tam
1804 1357 1851 1393 (19
1901 1355 2018 1393 viridi
2057 1368 2176 1404 quam
2215 1353 2262 1390 de

562 1417 788 1463 venatione,
829 1418 1026 1464 videlicet,
1059 1423 1143 1456 tam
1187 1419 1233 1457 de
1277 1419 1357 1456 illis
1401 1418 1635 1457 attachiatis
1673 1418 1740 1468 qui
1780 1421 1946 1455 manent
1981 1417 2086 1454 infra
2119 1418 2261 1461 metas,

562 1493 682 1529 quam
736 1480 782 1517 de
832 1481 912 1518 illis
961 1481 1196 1519 attachiatis
1248 1481 1315 1530 (1111
1369 1484 1537 1519 manent
1587 1484 1698 1518 extra
1741 1480 1948 1526 forestam,
1989 1481 2078 1529 post
2117 1478 2262 1516 ultima

561 1542 708 1591 placita
755 1542 899 1580 foreste
947 1556 1100 1581 emersa
1149 1547 1187 1581 et
1236 1556 1311 1592 (1119
1361 1543 1543 1581 11011(111111
1594 1542 1811 1581 terminata
1857 1545 1966 1580 sunt.
2044 1543 2263 1579 Summone

561 1604 684 1642 etiam
737 1617 876 1642 omnes
926 1605 1200 1653 regardatores
1250 1606 1296 1643 de
1345 1605 1468 1643 ballia
1521 1608 1589 1643 tua
1640 1605 1745 1654 quod
1791 1604 1844 1642 ibi
1898 1603 2073 1642 habeant
2124 1602 2262 1641 onmia

561 1666 728 1716 regarda
766 1680 836 1704 sua
875 1667 1019 1715 sigillis
1058 1667 1141 1705 suis
1180 1667 1369 1714 sigillata,
1410 1671 1449 1705 et
1497 1667 1749 1716 agistatores,
1795 1667 1898 1717 quod
1946 1665 1999 1703 ibi
2047 1665 2130 1703 sint
2168 1677 2260 1703 cum

560 1729 840 1777 agistamentis
879 1729 975 1767 suis.
1053 1729 1108 1767 Et
1142 1729 1288 1767 habeas
1326 1729 1380 1767 ibi
1416 1729 1729 1767 summonitores
1767 1733 1804 1767 et
1839 1730 1913 1767 hoc
1944 1728 2071 1766 breve.
2144 1727 2260 1765 Teste

560 1804 649 1840 rege
683 1791 787 1839 apud
826 1791 1076 1836 Bernewell',
1117 1792 1216 1841 xiiij.
1258 1791 1320 1829 die
1360 1791 1515 1830 Marcii.

667 1878 820 1916 Eodem
871 1878 989 1917 modo
1039 1879 1277 1917 mandatum
1329 1883 1389 1917 est
1438 1878 1742 1918 vicecomitibus
1788 1878 1946 1924 Norht'‚
1997 1878 2173 1928 Buking’
2221 1881 2260 1916 et

560 1940 763 1979 Huntind'
804 1941 907 1990 quod
955 1941 1003 1977 ad
1048 1941 1152 1979 diem
1205 1946 1244 1979 et
1288 1942 1422 1979 locum
1462 1955 1560 1991 quos
1605 1941 1639 1979 ei
1686 1941 1787 1980 scire
1839 1940 1989 1978 facient
2045 1939 2258 1991 justiciarii

559 2002 727 2051 predicti
780 2002 947 2039 eandem
993 2003 1352 2041 summonitionem
1393 2003 1475 2040 ficri
1525 2003 1675 2041 faciant
1715 2003 1755 2040 in
1799 2001 2057 2041 comitatibus
2096 2002 2179 2040 suis
2216 2002 2257 2040 in

558 2065 688 2102 forma
726 2064 913 2113 predicta.

665 2152 749 2189 Rex
799 2151 922 2189 Vitali
980 2152 1187 2202 Engayne,
1230 2153 1416 2192 salutem.
1488 2153 1633 2192 Sciatis
1682 2153 1786 2203 (1110(1
1834 2153 2129 2202 assignavimus
2174 2165 2256 2198 vos,

558 2225 636 2250 una
676 2226 767 2251 011111
814 2213 968 2252 dilectis
1017 2217 1055 2251 et
1102 2214 1286 2252 fidelibus
1330 2215 1478 2253 nostris
1518 2215 1706 2253 Johanne
1751 2215 1798 2252 de
1837 2214 1997 2259 Nevill'‚
2036 2214 2258 2265 justiciario

556 2279 694 2313 nostro
756 2275 914 2322 foreste,
980 2280 1017 2313 et
1091 2276 1192 2325 Elya
1257 2276 1437 2323 Britone,
1505 2277 1553 2315 ad
1615 2277 1891 2315 itinerandum
1957 2276 1998 2313 in
2062 2276 2257 2315 comitatu

557 2337 697 2375 Essex’
736 2337 785 2374 ad
835 2337 981 2386 placita
1031 2337 1176 2376 foreste
1226 2342 1264 2376 91
1314 2339 1411 2388 ipsis
1450 2339 1628 2377 Johanni
1669 2342 1708 2377 et
1750 2339 1851 2389 Elye
1893 2339 1942 2376 ad
1981 2337 2055 2377 hoc
2102 2339 2256 2377 socium

556 2399 828 2437 adhibuimus.
906 2400 961 2438 Et
1014 2400 1102 2438 ideo
1154 2400 1266 2439 vobis
1318 2402 1561 2439 mandamus
1612 2401 1717 2451 quod
1759 2415 1781 2439 a
1832 2401 1894 2439 die
1947 2401 2099 2439 Pasche
2150 2414 2257 2439 anno

555 2461 667 2509 regni
706 2462 832 2499 nostri
872 2475 935 2499 xx.
976 2462 1164 2511 predictis
1203 2463 1319 2501 sociis
1349 2464 1491 2501 vestris
1526 2464 1631 2512 apud
1673 2463 2008 2501 Chelemereford'
2040 2463 2255 2501 occurratis

556 2523 649 2561 huic
688 2523 848 2572 negotio
895 2528 1031 2562 nostro
1071 2538 1151 2562 una
1190 2538 1281 2563 cum
1332 2526 1386 2564 eis
1441 2526 1563 2563 talem
1606 2525 1859 2574 diligentiam
1892 2524 2112 2563 adhibituri
2151 2525 2255 2574 quod

555 2588 687 2634 grates
726 2585 817 2622 inde
857 2586 1046 2634 speciales
1084 2586 1199 2624 nobis
1238 2587 1336 2625 scire
1374 2587 1601 2625 debeamus.
1680 2587 1795 2625 Teste
1836 2590 1879 2625 ut
1917 2600 2049 2636 supra.

666 2673 877 2711 Consimili
907 2674 1026 2711 modo
1054 2674 1274 2712 associatus
1313 2679 1371 2713 est
1410 2675 1599 2724 predictis
1637 2675 1816 2713 Johanni
1851 2678 1889 2712 et
1929 2675 2030 2724 Elye
2059 2675 2254 2714 Ricardus

556 2734 603 2772 de
656 2734 899 2772 Muntfichet
957 2736 1004 2772 ad
1062 2735 1336 2774 itinerandum
1395 2737 1444 2774 ad
1501 2736 1649 2785 placita
1702 2736 1849 2774 foreste
1901 2736 1942 2773 in
1994 2736 2252 2775 comitatibus

556 2796 747 2844 Buking'‚
785 2797 989 2834 Huntind'
1023 2801 1062 2835 et
1092 2798 1236 2836 Norht’
1268 2799 1316 2835 ad
1346 2799 1452 2836 diem
1491 2802 1529 2836 et
1559 2799 1691 2837 locum
1723 2812 1820 2848 (11105
1849 2799 2015 2847 predicti
2046 2799 2253 2837 Johannes

553 2861 592 2895 91
631 2858 756 2907 Elyas
795 2858 850 2896 eis
889 2859 989 2897 50119
1024 2859 1186 2905 facient,
1227 2864 1266 2898 et
1311 2861 1416 2909 quod
1466 2864 1562 2898 tunc
1615 2861 1672 2899 eis
1721 2864 1902 2899 occurrat
1940 2861 1989 2898 ad
2027 2861 2251 2911 predictum

555 2919 761 2968 negotium
801 2921 1092 2969 exequendum.
1171 2922 1287 2960 Teste
1326 2926 1370 2960 ut
1409 2936 1540 2972 supra.

663 3006 747 3043 Rex
786 3006 941 3044 dilectis
974 3011 1012 3045 et
1052 3008 1236 3046 fidelibus
1275 3010 1357 3047 suis
1396 3009 1575 3047 Johanni
1621 3009 1667 3047 (19
1716 3009 1872 3054 Nevill',
1911 3009 2133 3059 justiciario
2180 3023 2252 3048 suo

553 3067 711 3112 foreste,
744 3071 782 3105 et
821 3069 936 3106 sociis
975 3069 1057 3107 suis
1095 3070 1310 3118 assignatis
1348 3072 1397 3109 ad
1432 3071 1580 3120 placita
1613 3072 1770 3117 foreste,
1803 3071 1989 3110 salutem.
2048 3071 2251 3110 Mittimus

553 3130 599 3167 ad
640 3143 709 3167 vos
747 3130 938 3167 dilectum
977 3135 1016 3168 et
1055 3132 1214 3169 fidelem
1254 3137 1439 3171 nostrum
1479 3135 1679 3182 Rogerum
1718 3133 1766 3171 de
1800 3133 1940 3171 Essex'
1975 3133 2246 3171 ad·itineran-

551 3192 646 3228 (111111
688 3204 768 3229 una
806 3191 1011 3230 vobiscum
1063 3193 1111 3230 ad
1161 3195 1309 3242 placita
1358 3195 1548 3244 predicta.
1619 3195 1674 3232 Et
1722 3195 1809 3232 ideo
1858 3194 1969 3232 vobis
2007 3194 2248 3233 mandamus

551 3253 656 3302 quod
695 3253 827 3301 ipsum
867 3257 1074 3302 tamquam
1114 3255 1266 3294 socium
1308 3257 1356 3294 ad
1394 3257 1468 3295 hoc
1507 3256 1618 3294 vobis
1649 3255 1878 3294 adhibitum
1919 3256 1968 3294 ad
2006 3255 2174 3294 consilia
2211 3258 2249 3295 et

553 3315 690 3352 omnia
742 3314 819 3352 alia
870 3315 1092 3363 predictum
1149 3316 1223 3354 1191·
1272 3317 1551 3367 contingentia
1607 3316 1823 3366 recipiatis.
1895 3317 1942 3355 In
2000 3317 2115 3367 cujus
2171 3320 2245 3357 etc.

552 3376 668 3415 Teste
706 3389 794 3425 rege
833 3377 937 3426 apud
977 3377 1135 3428 Kenyt,’
1175 3379 1227 3429 vj.
1266 3378 1328 3418 die
1367 3379 1534 3429 Aprilis.
