2375 3587
1171 194 1355 238 CLOSE
1399 191 1603 235 ROLLs.

648 398 726 433 Pro
760 397 920 433 Eudone
953 397 996 433 de
1028 393 1478 443 Hamleylc’.-Thomas
1509 391 1556 428 de
1590 390 1796 440 Sprotton,
1834 389 2017 428 vadletus
2052 387 2236 437 Magistri

538 457 718 503 Gentihi,
768 457 922 496 remisit
964 457 1127 495 Eudoni
1176 456 1223 493 (16
1274 454 1461 502 Hamleg’
1506 452 1866 502 transgressionem
1908 464 2029 501 quam
2090 450 2236 488 dicitur

537 519 676 558 fecisse
714 519 967 568 depredando
1005 522 1044 556 et
1082 516 1330 555 vulnerando
1370 514 1594 564 predictum
1649 514 1860 560 Thomam,
1902 516 2063 562 propter
2113 525 2235 562 quam

540 581 899 630 transgressionem
938 593 1004 618 rex
1043 580 1176 629 ipsum
1216 577 1430 615 Eudonem
1473 576 1561 625 capi
1595 575 1705 614 etin
1743 576 1949 625 prisonam
1989 574 2094 624 regis
2140 573 2235 623 poni

537 643 726 692 precepit.
802 643 857 681 Et
896 642 1134 680 mandatum
1174 643 1233 678 est
1271 638 1497 677 vicecomiti
1532 638 1739 676 Hertford'
1775 638 1879 687 quod
1913 637 2041 675 eidem
2073 636 2235 675 Eudoni

537 717 675 754 pacem
714 704 805 742 inde
844 703 989 741 habere
1027 701 1250 752 permittat.
1326 701 1442 737 Teste
1478 704 1522 737 ut
1561 712 1695 749 supra.

650 811 722 846 Pro
777 809 930 845 Hubert«)
983 808 1024 843 «le
1070 806 1177 843 Bello
1221 804 1516 842 Abieta—Rex
1560 803 1755 842 concessit
1803 802 1977 842 Roberto
2024 803 2071 841 de
2125 803 2238 842 Bello

540 871 684 909 Alneto
736 869 840 919 quod
878 869 924 906 de
961 868 1097 907 decem
1136 870 1174 905 et
1224 869 1313 905 octo
1365 865 1510 904 marcis
1549 878 1647 916 quas
1700 864 1815 904 debet
1864 865 1975 904 Belie
2026 878 2103 915 que
2156 865 2233 903 fuit

541 946 640 971 uxor
688 932 776 969 Deu
814 931 850 968 le
899 930 1035 980 Beney
1073 932 1111 967 et
1151 928 1279 978 Helye
1321 928 1404 966 filio
1443 927 1558 973 Cher,
1599 931 1638 965 et
1672 927 1874 978 Lyquiric'
1912 927 1959 965 de
2002 928 2232 973 Cantuaria,

539 994 691 1039 Judeis,
732 993 870 1030 reddat
908 991 1000 1029 eis*
1039 1004 1107 1040 per
1145 1003 1298 1028 annum
1333 992 1505 1039 quatuor
1538 1001 1692 1027 marcas
1731 989 1855 1028 donec
1900 988 2075 1038 predicte
2125 989 2234 1039 xviij.

539 1069 669 1095 marce
724 1054 1016 1104 persolvantur.
1094 1052 1148 1091 Et
1204 1052 1444 1090 mandatum
1502 1055 1561 1089 est
1615 1051 1849 1101 justiciariis
1906 1051 1955 1089 ad
2011 1051 2234 1089 custodiam

540 1119 761 1157 -Judeorum
800 1115 1015 1165 assignatis
1053 1114 1158 1164 quod
1197 1114 1253 1152 sic
1292 1113 1376 1151 fieri
1411 1117 1450 1152 et
1488 1113 1701 1151 inrotulari
1740 1112 1906 1151 faciant.
1983 1114 2099 1151 Teste
2146 1126 2235 1163 rege

540 1180 645 1230 apud
684 1179 869 1224 Mertoff,
912 1178 992 1227 xxj.
1034 1177 1096 1214 die
1134 1175 1334 1214 Januarii.

650 1286 726 1322 Pro
774 1285 902 1320 abbate
956 1281 1424 1318 l1'estmonasterii.-—Rex
1463 1280 1667 1318 commisit
1706 1279 1841 1318 abbati
1886 1280 2236 1319 Westmonasterii

542 1351 668 1386 totam
725 1349 874 1383 terram
932 1357 1007 1393 (1116
1054 1343 1132 1381 fuit
1192 1342 1376 1381 Nicholai
1424 1342 1460 1380 le
1510 1342 1684 1388 Seculer,
1733 1342 1799 1391 qui
1848 1346 2032 1380 mortuus
2079 1346 2137 1380 est
2196 1342 2236 1380 in

541 1410 736 1449 comitatu
795 1407 950 1453 Glmm’,
1014 1405 1317 1444 custodiendam
1383 1416 1587 1453 quousque
1654 1404 1844 1453 Magister
1909 1404 2135 1442 Alexander
2200 1405 2235 1443 16

545 1471 717 1515 Seculer,
772 1469 879 1507 filius
931 1472 970 1506 et
1029 1469 1142 1505 heres
1208 1467 1388 1517 ejusdem
1456 1466 1652 1512 Nicholai,
1699 1466 1766 1515 qui
1832 1466 2034 1515 profectus
2081 1470 2141 1505 est
2187 1468 2235 1505 ad

544 1533 707 1573 Curiam
769 1533 993 1569 Romanam
1046 1528 1087 1566 in
1146 1528 1336 1566 nuntium
1403 1527 1528 1576 ipsius
1593 1526 1762 1572 abbatis,
1820 1527 1867 1564 de
1916 1527 2054 1565 eadem
2121 1528 2240 1566 Curia

541 1595 701 1634 redierit
740 1598 778 1632 et
818 1592 898 1642 regi
939 1591 1077 1630 fecerit
1117 1591 1220 1640 quod
1258 1590 1348 1627 inde
1388 1589 1508 1627 fuerit
1575 1589 1817 1627 faciendum.
1896 1589 1949 1627 Et
1997 1590 2237 1629 mandatum

542 1661 601 1696 est
638 1654 862 1696 vicecomiti
902 1653 1108 1691 Hereford’
1150 1653 1253 1702 quod
1293 1653 1339 1689 de
1372 1651 1550 1701 predicta
1588 1654 1692 1689 terra
1731 1651 1860 1689 eidem
1900 1651 2034 1690 abbati
2076 1652 2237 1701 plenam

544 1719 731 1757 seisinam
770 1716 914 1754 habere
954 1714 1089 1753 faciat.
1159 1714 1274 1752 Teste
1314 1717 1358 1752 ut
1397 1726 1529 1762 supra.

652 1797 889 1836 Mandatum
929 1799 989 1832 est
1035 1793 1215 1832 »Iohanni
1254 1793 1301 1830 de
1349 1792 1506 1839 Nevill’,
1546 1792 1769 1842 justiciario
1809 1792 1966 1839 foreste,
2007 1794 2111 1843 quod
2156 1807 2236 1833 non

544 1860 753 1909 permittat
799 1858 904 1907 quod
951 1856 1150 1894 forestarii
1198 1855 1260 1894 sui
1308 1858 1451 1893 vexent
1498 1854 1559 1892 vel
1588 1854 1843 1893 occasionent
1882 1854 2068 1894 abbatem
2107 1856 2234 1895 West-

544 1922 777 1961 monasterii
831 1921 890 1959 vel
947 1919 1133 1958 homines
1190 1931 1281 1957 suos
1338 1918 1378 1955 in
1436 1918 1549 1956 feodo
1606 1930 1677 1956 suo
1733 1918 1779 1955 de
1838 1918 2075 1969 Everesleye
2131 1919 2238 1958 intra

544 1986 733 2024 forestam
773 1983 876 2033 regis
931 1983 978 2020 de
1032 1982 1208 2021 Windes’
1262 1993 1333 2030 pro
1398 1980 1722 2030 expeditamento
1778 1992 1937 2026 canum,
1979 1981 2084 2018 unde
2131 1981 2235 2019 idem

541 2047 663 2086 abbas
701 2045 820 2084 habet
858 2044 1123 2096 quietantiam
1162 2056 1231 2093 per
1269 2046 1420 2082 cartam
1460 2042 1575 2092 regis.
1649 2042 1764 2080 Teste
1804 2048 1848 2080 ut
1888 2056 2021 2092 supra.

652 2157 728 2192 Pro
767 2154 975 2203 Ii’egn‘naldu
1018 2154 1060 2189 ‹le
1107 2149 1569 2201 aleydre.-Mandatum
1617 2153 1676 2187 est
1722 2149 1849 2188 eidem
1898 2150 2077 2189 Johanni
2124 2151 2229 2202 quod

543 2218 583 2255 in
622 2218 725 2268 haya
761 2216 864 2266 regis
902 2216 948 2253 de
988 2214 1140 2265 Wyleg'
1181 2213 1303 2252 faciat
1334 2212 1479 2250 habere
1509 2212 1731 2261 Reginaldo
1771 2212 1818 2250 de
1857 2212 2017 2263 Meydre
2064 2213 2239 2263 quinque

543 2293 710 2331 quercus
748 2280 797 2317 ad
835 2277 1096 2316 maeremium
1135 2279 1174 2314 et
1211 2287 1334 2313 unam
1374 2274 1453 2325 teyl
1491 2274 1540 2312 ad
1588 2273 1746 2312 tabulas
1785 2274 1998 2321 faciendas,
2038 2275 2085 2313 de
2125 2275 2230 2314 dono

545 2343 661 2392 regis.
731 2342 846 2380 Teste
885 2344 930 2378 ut
969 2352 1101 2388 supra.

658 2448 734 2483 Pro
782 2447 913 2482 Moesia
953 2458 1020 2493 que
1046 2445 1132 2491 fecit
1181 2455 1273 2479 mcor
1320 2442 1474 2478 Huberti
1516 2441 1597 2488 filii
1654 2442 1969 2480 Walterz'.——-Rex
2007 2442 2164 2481 dilectis
2203 2446 2243 2482 et

548 2510 731 2549 fidelibus
778 2507 860 2546 suis
908 2506 990 2543 Ade
1037 2504 1120 2542 filio
1168 2503 1362 2543 Willelmi
1408 2506 1446 2542 et
1493 2502 1663 2541 Ricardo
1710 2503 1756 2541 de
1803 2503 1842 2541 la
1898 2504 1996 2542 Lad’
2047 2505 2236 2545 salutem.

550 2573 790 2611 Mandamus
828 2568 939 2607 vobis
981 2567 1086 2617 quod
1133 2566 1295 2616 plenam
1343 2565 1531 2603 seisinani
1579 2564 1724 2603 habere
1772 2565 1928 2604 faciatis
1974 2567 2115 2605 Roesie
2163 2582 2238 2618 que

549 2635 626 2673 fuit
677 2646 776 2671 uxor
814 2630 977 2669 Roberti
1015 2629 1090 2666 filii
1130 2628 1298 2666 Walteri
1336 2628 1382 2665 de
1420 2626 1612 2665 maneriis
1650 2627 1697 2664 de
1735 2627 1995 2675 Hemenhal’‚
2036 2629 2155 2668 Disce
2198 2635 2238 2668 et

550 2699 597 2736 de
650 2697 785 2745 They-a
833 2706 925 2732 cum
974 2690 1241 2741 pertinentiis,
1293 2693 1331 2728 et
1378 2689 1425 2727 de
1472 2687 1633 2727 servitio
1680 2688 1887 2727 feodorum
1935 2690 2114 2729 militum
2167 2705 2242 2741 que

549 2760 807 2800 continentur
844 2756 884 2793 in
923 2757 1033 2793 carta
1065 2766 1186 2804 quam
1224 2751 1427 2802 predictus
1464 2750 1662 2789 Robertus
1701 2750 1829 2789 eidem
1868 2752 2008 2790 Roesie
2036 2753 2119 2791 fieri
2151 2754 2246 2793 fecit

550 2824 596 2861 (16
642 2819 831 2859 maneriis
882 2820 920 2855 61
973 2816 1098 2854 feodis
1146 2814 1333 2865 predictis
1382 2812 1577 2851 habendis
1628 2813 1670 2850 in
1719 2813 1852 2851 dotem
1908 2814 1970 2852 (116
2025 2828 2102 2865 (1110
2152 2830 2239 2855 eam

550 2882 818 2935 desponsavit,
868 2880 1052 2918 videlicet
1068 2878 1182 2916 2-—de
1230 2876 1390 2916 servitio
1438 2876 1543 2914 feodi
1590 2889 1658 2914 sex
1706 2876 1885 2914 militum
1925 2891 1999 2928 (1116
2046 2878 2245 2919 Robertus

551 2947 657 2986 filius
715 2945 868 2983 Thome
925 2941 1055 2981 tenuit
1110 2940 1157 2978 de
1213 2939 1389 2989 predicto
1440 2937 1627 2984 Roberto,
1682 2938 1884 2988 quondam
1933 2938 2018 2978 viro
2066 2953 2150 2987 suo,
2203 2942 2245 2980 in

552 3008 770 3052 Wathacr'‚
811 3003 1133 3053 Raveningham,
1174 3002 1433 3049 Chategrave‚
1475 3000 1727 3049 Brampton',
1777 3004 1816 3038 et
1862 3000 1903 3038 in
1952 3001 2156 3049 Henham⁷
2206 3008 2245 3043 et

550 3073 596 3110 de
643 3069 803 3109 servitio
850 3066 953 3105 feodi
1001 3065 1120 3103 unius
1167 3063 1309 3101 militis
1356 3063 1397 3100 in
1448 3063 1647 3101 Wathacr’
1699 3063 1803 3111 quod
1865 3063 2092 3102 Willelmus
2138 3066 2246 3104 filius

551 3132 706 3171 Warini
759 3130 889 3169 tenuit
937 3128 984 3166 de
1036 3128 1201 3173 eodem3
1257 3129 1296 3164 et
1345 3126 1392 3162 (16
1444 3124 1605 3163 servitio
1650 3125 1753 3163 feodi
1806 3125 1961 3163 dimidii
2010 3126 2153 3165 militis
2202 3128 2242 3166 in

553 3196 718 3241 Hulmo,
752 3193 857 3243 quod
904 3190 1102 3230 Robertus
1149 3189 1195 3227 de
1242 3188 1397 3226 Huhno
1444 3187 1574 3225 tenuit
1621 3188 1667 3225 de
1714 3188 1877 3233 60(16111;
1926 3191 1964 3226 61
2002 3189 2049 3227 (16
2086 3189 2246 3229 servitio

550 3257 654 3296 feodi
703 3256 823 3294 unius
875 3253 1017 3292 militis
1078 3253 1120 3290 in
1181 3250 1424 3289 Hemenhal'
1469 3252 1508 3288 et
1559 3249 1600 3287 in
1654 3249 1861 3288 Fincham‘
1914 3250 2019 3300 quod
2067 3251 2246 3301 Rogerus

1260 3360 1275 3374 '⁴‘
1292 3357 1357 3389 ‘eis
1374 3355 1444 3390 eis)
1462 3355 1534 3388 MS.
