2375 3587
164 301 310 350 1234.

154 369 210 408 [m.
230 366 325 408 23a.]

1046 178 1097 216 19
1140 175 1345 216 HENRY
1386 177 1468 217 III.
2026 182 2106 224 157

514 371 567 406 De
603 371 744 407 duobus
784 372 963 408 ”maneriis
1001 373 1042 408 in
1080 372 1438 419 Hyhernia.-—Rex
1502 373 1648 411 dilecto
1696 377 1735 412 et
1777 374 1885 413 fideli
1927 387 1998 414 suo
2050 376 2106 415 M.

402 430 486 469 filio
536 431 711 477 Geroldi‚
760 432 985 482 justiciario
1035 446 1106 471 suo
1155 432 1363 478 Hibernie,
1423 434 1610 472 salutem.
1702 436 1944 475 Mandamus
1996 438 2108 477 vobis

402 493 508 542 quod
538 494 786 531 summoneri
807 494 965 533 faciatis
995 507 1129 533 coram
1159 494 1270 533 vobis
1300 495 1552 533 Willelmum
1582 496 1629 534 de
1660 497 1868 547 Wigornia
1898 500 2017 538 certis
2046 501 2108 540 die

402 557 442 592 et
480 554 566 593 loco
604 555 646 592 in
685 555 796 594 curia
834 558 985 603 nostra,
1022 556 1071 594 ad
1110 556 1407 594 ostendendum
1445 570 1524 607 quo
1562 562 1742 606 war-anto
1781 562 1889 599 tenet
1927 563 2107 601 maneria

402 616 449 654 de
495 617 741 655 Crocrathan
791 621 830 656 et
890 618 938 656 de
999 618 1271 657 Kiltanenach
1323 632 1415 657 cum
1476 619 1745 669 pertinentiis,
1799 635 1875 672 que
1919 624 2107 663 dominus

401 678 609 717 Johannes
654 692 733 725 rex,
770 682 884 728 pater
935 683 1085 726 noster,
1126 680 1281 719 dimisit
1333 681 1523 731 Philippo
1561 682 1608 720 de
1659 682 1867 731 Wigornia
1906 688 2107 726 avunculo

401 740 539 789 ipsius,
581 741 695 791 cujus
735 741 850 779 heres
889 741 972 791 ipse
1024 745 1096 788 est,
1151 743 1200 780 ad
1239 743 1461 781 terminum
1512 743 1580 793 qui
1632 745 1813 793 preteriit
1857 750 1902 785 ut
1947 747 2106 788 dicitur.

401 802 469 848 Et,
510 802 543 840 si
591 803 698 841 idem
738 803 975 850 willelmus,
1016 808 1231 853 postquam
1279 804 1321 842 in
1359 805 1446 855 jure
1483 807 1765 855 comparuerit‚
1806 807 1853 845 de
1891 808 2007 848 nobis
2045 813 2107 850 vel

401 864 744 913 predecessoribus
783 865 932 904 nostris
982 869 1211 904 warantum
1261 867 1470 905 ostendere
1519 880 1599 905 non
1649 868 1775 917 possit
1822 869 1869 907 de
1919 872 2107 920 predictis

401 927 604 973 maneriis,
636 930 733 965 tunc
771 940 817 965 ea
855 927 896 964 in
926 940 1095 965 manuni
1126 930 1307 967 nostram
1337 929 1507 978 capiatis
1545 932 1584 967 et
1614 931 1832 968 eorundem
1863 933 2104 981 captionem,

401 991 614 1037 postquam
654 988 762 1027 facta
800 989 932 1035 fuerit,
974 989 1089 1027 nobis
1129 990 1378 1039 significetis.
1467 991 1583 1030 Teste
1633 1005 1721 1041 rege
1755 993 1860 1041 apud
1911 995 2105 1035 Sanctum

402 1049 618 1097 Albanum,
660 1051 783 1101 xxvij.
825 1051 887 1089 die
928 1051 1178 1090 Novembris.

511 1156 723 1204 Hyan-ma.
815 1157 870 1192 De
921 1158 1239 1204 pm·p›·e.st11›·z's.—
1256 1157 1342 1194 Rex
1391 1157 1521 1195 eidem
1578 1158 1764 1197 salutem.
1865 1160 2108 1201 Mandamus

400 1216 513 1255 vobis
550 1217 742 1266 quatinus
782 1230 850 1267 per
899 1220 1198 1256 sacramentum
1245 1217 1461 1267 proborum
1500 1222 1538 1258 et
1577 1219 1768 1269 legalium
1808 1222 2021 1262 hominum
2060 1225 2107 1264 de

400 1281 506 1317 terra
561 1283 699 1318 nostra
748 1280 956 1326 Hibernie,
1007 1292 1075 1330 per
1122 1293 1221 1330 quos
1278 1281 1333 1319 rei
1391 1281 1537 1320 veritas
1594 1282 1740 1321 melius
1796 1284 1889 1323 sciri
1945 1287 2106 1335 poterit,

400 1340 634 1390 diligentem
684 1342 989 1392 inquisitionem
1029 1342 1116 1380 fieri
1166 1342 1324 1381 faciatis
1369 1356 1444 1393 que
1493 1347 1750 1393 purpresture
1806 1346 1909 1385 facte
1958 1349 2108 1388 suerint

399 1403 441 1441 in
480 1404 659 1453 predicta
705 1408 810 1443 terra
857 1408 997 1443 nostra
1038 1418 1156 1454 super
1194 1405 1406 1444 dominum
1446 1406 1484 1444 J.
1525 1420 1671 1456 regem,
1714 1411 1868 1458 patrem
1905 1414 2104 1458 nostrum,

400 1468 578 1515 tempore
617 1480 688 1505 suo
726 1470 764 1505 et
803 1480 922 1517 super
960 1480 1032 1505 nos
1070 1470 1248 1517 tempore
1294 1471 1444 1514 nostro,
1497 1471 1580 1507 tam
1620 1469 1661 1507 in
1702 1474 1806 1509 terra
1844 1485 1965 1522 quam
2004 1486 2106 1524 aqua

400 1528 506 1566 dulci
544 1532 584 1567 et
621 1529 736 1575 mari,
777 1533 816 1568 et
853 1529 921 1579 qui
959 1533 1243 1579 purpresturas
1296 1530 1387 1568 illas
1427 1534 1593 1569 teneant
1632 1535 1670 1569 et
1717 1546 1796 1582 quo
1835 1538 2026 1582 waranto,
2067 1540 2106 1575 et

398 1594 596 1640 quantum
636 1591 793 1641 singule
826 1594 1084 1641 purpresture
1123 1592 1284 1630 valeant
1334 1605 1402 1642 per
1451 1605 1621 1631 annum.
1707 1594 1762 1633 Et
1800 1595 2105 1646 inquisitionem

398 1654 491 1691 inde
528 1653 676 1692 factam
711 1653 785 1692 sub
824 1654 956 1704 sigillo
990 1657 1121 1692 vestro
1162 1658 1200 1693 et
1240 1654 1385 1704 sigillis
1425 1667 1561 1693 eorum
1602 1669 1672 1705 per
1710 1670 1808 1707 quos
1847 1658 1954 1698 facta
1986 1660 2107 1700 fuerit

397 1719 472 1754 etc.
549 1715 665 1754 Teste
703 1729 794 1766 rege
832 1720 878 1755 ut
917 1729 1073 1772 supra.>

506 1820 562 1856 De
598 1820 727 1857 ‹lii-isis
756 1822 950 1868 ιἴασίσηιίίδ
991 1821 1031 1857 in
1074 1820 1430 1868 Hybernia.—Rex
1481 1821 1608 1859 eidem
1655 1822 1880 1872 justiciario
1920 1825 2107 1866 salutem.

398 1880 501 1927 Quia
538 1881 678 1919 datum
717 1884 777 1920 est
815 1881 930 1920 nobis
969 1881 1142 1931 intelligi
1182 1882 1288 1931 quod
1326 1882 1484 1932 justitia
1526 1884 1657 1933 quoad
1705 1885 1853 1924 divisas
1901 1887 2105 1927 faciendas

396 1942 502 1981 inter
553 1946 679 1981 terras
729 1943 978 1982 diversarum
1027 1944 1218 1982 villarum
1275 1944 1316 1981 in
1374 1947 1478 1983 terra
1535 1949 1674 1983 nostra
1732 1947 1925 1986 Hibernie
1983 1951 2106 1988 nimis

396 2009 633 2053 prorogatur
679 2008 718 2043 et
771 2005 990 2054 dampnum
1037 2018 1083 2043 ex
1136 2018 1181 2043 eo
1236 2005 1413 2054 seipius²³¹²
1464 2006 1679 2055 contingit,
1734 2020 1779 2046 eo
1831 2010 1936 2058 quod
1990 2011 2105 2050 breve

397 2070 580 2104 nostrum
619 2067 666 2104 de
705 2066 844 2105 divisis
882 2066 1077 2105 faciendis
1125 2080 1207 2105 non
1255 2067 1380 2105 currit
1427 2067 1467 2105 in
1507 2068 1689 2117 partibus
1728 2071 1946 2119 predictis;
1994 2073 2106 2112 vobis

396 2128 638 2166 mandamus
670 2129 776 2178 quod
814 2128 930 2167 breve
968 2129 1068 2166 illud
1106 2129 1286 2167 decetero
1325 2128 1473 2167 ibidem
1513 2142 1669 2168 currere
1701 2131 1860 2170 faciatis
1899 2133 1940 2171 in
1976 2134 2106 2174 forma

395 2203 474 2240 qua
507 2191 631 2229 currit
669 2191 709 2228 in
748 2194 854 2229 terra
891 2194 1029 2229 nostra
1067 2191 1223 2241 Anglie.
1311 2191 1367 2229 Ut
1401 2195 1537 2230 autem
1572 2193 1620 2230 de
1654 2193 1784 2232 forma
1818 2195 1943 2244 ipsius
1978 2196 2106 2236 brevis

395 2252 553 2302 plenius
620 2253 904 2299 certioremini,
981 2253 1111 2302 ipsam
1179 2253 1327 2291 litteris
1396 2254 1545 2291 nostris
1615 2255 1849 2303 patentibus
1916 2258 2106 2297 duximus

395 2314 649 2353 inserendam
689 2318 727 2353 et
765 2314 877 2354 vobis
917 2315 1292 2353 transmittendam.

503 2401 703 2439 Dominus
759 2401 882 2440 etiam
939 2414 1008 2439 rex
1064 2401 1206 2447 mittit
1251 2401 1285 2439 ei
1343 2401 1516 2440 formam
1574 2402 1803 2442 litterarum
1859 2405 1907 2444 de
1965 2407 2105 2447 divisis

395 2463 590 2501 faciendis
628 2466 702 2501 etc.

505 2549 588 2587 Rex
635 2549 763 2587 eidem
811 2549 1035 2599 justiciario
1073 2549 1261 2588 salutem.
1319 2548 1422 2595 Quia
1469 2549 1611 2588 datum
1660 2554 1720 2589 est
1768 2551 1882 2590 nobis
1931 2553 2105 2604 intelligi

395 2611 500 2661 quod
547 2611 765 2649 homicidia
813 2614 851 2649 et
899 2611 977 2648 alia
1020 2610 1158 2660 gravia
1197 2610 1375 2660 dampna
1415 2611 1548 2660 sepius
1586 2617 1857 2660 provenerunt
1896 2616 2104 2655 occasione

394 2673 667 2711 contentionis
710 2676 795 2711 orte
837 2674 884 2712 de
932 2673 1071 2711 divisis
1118 2673 1223 2711 inter
1270 2675 1417 2711 terram
1467 2673 1575 2711 Petri
1624 2674 1672 2712 de
1720 2675 2013 2726 Bermingham
2061 2679 2103 2717 in

395 2735 610 2785 Totemoye
640 2738 679 2774 et
710 2738 859 2773 terram
892 2735 1077 2773 Mauricii
1113 2734 1257 2773 Comin
1291 2734 1332 2771 in
1364 2734 1678 2780 Karnekedach;
1712 2737 1824 2776 vobis
1858 2740 2101 2778 mandamus

393 2798 511 2846 quod,
538 2798 570 2835 si
600 2797 724 2836 altera
753 2797 929 2847 partium
960 2797 1052 2835 inde
1082 2796 1194 2835 vobis
1225 2797 1429 2846 querelam
1457 2797 1646 2836 detulerit
1678 2800 1899 2838 secundum
1930 2802 2102 2840 formam

394 2859 524 2897 brevis
563 2859 689 2897 nostri
728 2859 775 2897 de
814 2859 953 2897 divisis
991 2859 1097 2909 quod
1136 2857 1249 2896 vobis
1288 2859 1493 2897 mittimus
1536 2859 1586 2897 ad
1633 2861 1874 2900 currendum
1923 2863 2102 2902 decetero

394 2921 436 2958 in
470 2924 575 2958 terra
606 2924 745 2958 nostra
776 2920 981 2966 Hibernie,
1014 2924 1053 2958 et
1081 2919 1418 2958 consuetudinem
1449 2921 1560 2969 regni
1592 2921 1721 2959 nostri
1753 2922 1908 2972 Anglie,
1941 2925 2100 2973 plenam

393 2983 594 3032 justitiam
641 2983 676 3021 ei
723 2982 959 3021 exhibeatis.
1019 2982 1135 3020 Teste
1183 2994 1273 3031 rege
1321 2982 1427 3032 apud
1478 2983 1677 3021 Sanctum
1718 2983 1935 3032 Albanum,
1976 2987 2098 3037 xxvij.

394 3045 457 3083 die
496 3044 747 3083 Novembris,

501 3132 689 3171 Matheus
718 3132 765 3169 de
794 3131 984 3170 Plessetis
1015 3131 1237 3170 attornavit
1267 3130 1479 3169 Matheum
1509 3132 1556 3169 de
1589 3132 1770 3183 Coudrey
1799 3135 1837 3171 et
1868 3134 2098 3173 Johannem

393 3195 582 3233 clericum
611 3207 748 3232 versus
778 3194 978 3232 Thomam
1008 3193 1055 3231 de
1086 3192 1204 3243 Haya
1234 3192 1281 3230 de
1311 3193 1365 3242 xj.
1397 3192 1555 3232 libratis
1587 3196 1689 3231 terre
1720 3206 1811 3232 cum
1844 3196 2099 3244 pertinentiis

396 3257 437 3294 in
477 3257 658 3305 Exning.

1115 3350 1202 3383 *Sic
1234 3350 1269 3380 in
1300 3349 1374 3381 MS.

386 3375 512 3404 liv
