2375 3587
191 153 272 191 122

249 274 389 321 1235.

255 339 384 380 [ms]

1106 152 1290 195 GLOSE
1336 152 1541 196 ROLLS.

589 345 828 384 Mandatum
859 349 918 385 est
961 347 1176 385 Amaurico
1206 348 1253 385 de
1289 347 1439 386 Sancto
1472 347 1670 393 Amando,
1702 345 2001 385 constabulario
2037 346 2176 385 Sancti

481 407 684 454 Briavelli,
724 409 830 458 quod
878 409 1000 447 faciat
1051 408 1196 447 habere
1249 408 1384 447 abbati
1433 409 1480 446 de
1527 408 1854 458 Wynchecumbe
1905 408 2175 459 quadraginta

482 482 650 518 quercus
686 470 728 508 in
768 471 916 509 foresta
954 471 1000 509 de
1039 471 1157 518 Den’,
1197 471 1244 509 de
1282 471 1386 509 dono
1426 470 1542 520 regis.
1619 471 1737 508 Teste
1776 473 1820 509 ut
1860 483 1994 520 supra.

588 579 792 616 Hibernia..
852 579 929 615 Pro
980 580 1143 616 It'icaraelo
1201 580 1232 615 le
1290 580 1396 623 Rrec,
1455 580 1497 614 da
1548 580 1721 615 custodia
1770 580 1885 615 hostii·
1942 579 2176 615 thesauraria

478 640 975 677 Hibernia—Mandatum
1009 643 1068 677 est
1108 639 1163 677 M.
1203 639 1287 677 filio
1323 639 1486 677 Geroldi
1522 639 1626 688 quod
1665 652 1734 678 rex
1767 639 1965 677 concessit
2004 639 2176 678 Ricardo

475 701 511 738 le
549 701 646 739 Bret
685 702 790 750 quod
828 700 974 739 habeat
1013 701 1238 739 custodiam
1278 701 1401 739 hostii
1441 701 1689 739 thesaurarie
1728 701 1831 750 regis
1871 700 2037 739 Dublin'
2080 713 2172 739 cum

478 761 665 800 omnibus
703 775 778 811 que
826 762 875 800 ad
925 762 1147 811 predictam
1197 762 1422 800 custodiam
1473 762 1691 811 pertinent,
1745 775 1871 812 usque
1910 762 1958 800 ad
1997 762 2174 811 primmn

478 824 697 862 adventum
737 824 840 873 regis
878 824 919 860 in
954 823 1219 873 Hyberniam.
1296 824 1351 862 Et
1390 824 1632 862 mandatum
1672 827 1732 862 est
1771 824 1901 862 eidem
1950 823 2176 873 justiciario

478 886 583 934 quod
634 886 853 934 predictam
902 886 1127 923 custodiam
1177 885 1306 923 eidem
1356 885 1527 924 Ricardo
1573 885 1719 924 habere
1761 886 1898 932 faciat,
1941 886 2046 924 sicut
2085 898 2172 934 pre-

479 946 633 985 dictum
672 950 745 985 est.
822 947 939 985 Teste
978 949 1022 984 ut
1061 959 1192 996 supra.

586 1025 670 1063 Rex
745 1025 793 1063 G.
851 1025 897 1062 de
949 1024 1129 1070 Turvill',
1198 1024 1480 1063 archidiacono
1537 1027 1575 1063 et
1652 1025 1902 1063 thesaurario
1991 1024 2173 1072 Dublin',

477 1087 663 1126 salutem.
739 1086 885 1125 Sciatis
935 1086 1039 1135 quod
1088 1086 1360 1124 concessimus
1410 1087 1580 1125 Ricardo
1630 1087 1666 1124 le
1716 1087 1812 1125 Bret
1862 1087 1968 1136 quod
2025 1086 2175 1125 habeat

477 1149 699 1187 custodiam
749 1148 869 1186 hostii
921 1148 1167 1186 thesaurario
1219 1151 1355 1186 nostre
1401 1148 1567 1186 Dublin’
1626 1161 1717 1186 cum
1770 1148 1958 1187 omnibus
2009 1161 2085 1198 que
2125 1148 2174 1186 ad

477 1210 700 1248 custodiam
740 1210 852 1247 illam
892 1210 1110 1258 pertinent,
1161 1223 1285 1259 usque
1333 1211 1382 1248 ad
1422 1211 1599 1259 primum
1649 1211 1867 1249 adventum
1907 1213 2093 1249 nostrum
2134 1210 2175 1247 in

477 1271 738 1322 Hyberniam.
815 1271 870 1309 Et
910 1271 996 1309 ideo
1036 1270 1148 1309 vobis
1198 1272 1441 1310 mandamus
1487 1272 1605 1322 quod,
1661 1276 1875 1322 postquam
1923 1272 2175 1321 justiciarius

477 1337 612 1372 noster
650 1333 843 1371 Hibernie
889 1333 1112 1371 custodiam
1165 1333 1386 1382 predictam
1434 1334 1562 1372 cidem
1616 1334 1800 1380 Ricardo‚
1843 1333 1947 1372 sicut
1985 1334 2020 1372 ei
2061 1346 2174 1371 man-

476 1395 673 1441 davimus,
732 1394 875 1432 habere
942 1394 1092 1440 fecerit,
1151 1396 1322 1433 eundem
1380 1395 1598 1434 Ricardum
1664 1396 1889 1435 custodiam
1954 1395 2176 1445 predictam

476 1448 622 1487 habere
661 1448 912 1498 pei·mittat.³'·'3
988 1449 1105 1486 Teste
1143 1452 1188 1487 ut
1227 1462 1359 1498 supra.

582 1536 822 1574 Mandatum
879 1539 938 1573 est
995 1535 1153 1573 ballivis
1210 1537 1262 1573 H.
1321 1537 1368 1574 de
1427 1536 1661 1575 Trublevill'
1739 1537 1786 1575 de
1847 1536 2015 1587 Sypton’
2072 1537 2178 1587 quod

476 1598 627 1636 faciant
665 1597 833 1639 haberet

587 1707 663 1742 l’rn
703 1705 864 1751 Hnyone
896 1704 1039 1741 I'ctssel'
1071 1706 1112 1740 de
1149 1711 1295 1741 extenta
1337 1705 1821 1742 fac[eadm—Blandatum
1855 1707 1915 1743 est
1949 1705 2176 1744 vicecomiti

477 1767 617 1805 Glouc'
666 1766 770 1815 quod
814 1778 883 1814 per
930 1768 1229 1803 sacramentum
1278 1766 1492 1815 proborum
1542 1769 1580 1804 et
1627 1767 1820 1816 legalium
1867 1766 2081 1805 hominum
2130 1768 2177 1805 de

474 1829 670 1867 comitatu
717 1840 786 1866 suo
833 1827 992 1865 extendi
1036 1827 1157 1865 faciat
1203 1830 1351 1865 terram
1399 1828 1586 1878 Hugonis
1634 1828 1784 1866 Passel’
1824 1829 1871 1866 de
1913 1828 2061 1875 Suelle,
2101 1842 2177 1879 que

474 1893 533 1928 est
571 1889 732 1929 vadium
772 1888 901 1927 David
935 1888 1053 1926 Judei
1089 1889 1254 1935 Oxonie‚
1290 1889 1488 1936 videlicet,
1525 1893 1724 1939 quantum
1759 1890 1890 1928 valeat
1922 1903 1990 1939 per
2025 1903 2176 1928 annum

475 1952 516 1990 in
556 1950 776 1990 redditibus
813 1950 1039 1997 dominicis,
1081 1951 1269 2000 homagio
1307 1956 1345 1990 et
1385 1952 1474 1989 aliis
1513 1951 1687 1990 exitibus
1726 1955 1841 1998 terre,
1882 1954 1921 1990 et
1969 1954 2174 1990 extentam

475 2015 588 2052 illam
628 2013 701 2052 sub
740 2013 873 2062 sigillo
912 2025 983 2050 suo
1022 2015 1060 2050 et
1098 2013 1242 2061 sigillis
1281 2027 1419 2051 eorum
1459 2027 1528 2063 per
1565 2027 1663 2064 quos
1707 2014 1812 2052 facta
1856 2014 1990 2060 fuerit,
2037 2014 2177 2052 mittat

474 2076 708 2127 justiciariis
747 2075 795 2113 ad
829 2075 1053 2113 custodiam
1093 2074 1316 2113 Judeorum
1356 2076 1588 2125 assignatis,
1635 2077 1692 2114 ita
1730 2077 1835 2126 quod
1873 2089 1962 2114 eam
2001 2075 2178 2115 habeant

476 2139 581 2188 apud
631 2137 1039 2177 Westmonasterium
1092 2150 1114 2174 a
1166 2137 1228 2175 die
1281 2138 1420 2177 Sancti
1473 2138 1683 2177 Michaelis
1727 2139 1768 2176 in
1817 2152 1880 2177 xv.
1928 2138 2024 2185 dies,
2071 2152 2177 2177 anno

475 2201 587 2250 regni
638 2200 741 2249 regis
790 2199 870 2236 xix.
946 2198 1002 2236 Et
1053 2198 1215 2236 interim
1264 2199 1396 2248 ipsum
1445 2200 1660 2249 Hugonem
1707 2213 1778 2250 pro
1819 2200 1996 2250 predicto
2043 2200 2177 2239 debito

475 2262 663 2311 distringi
701 2274 782 2299 non
822 2260 1044 2310 permittat.
1123 2260 1240 2299 Teste
1281 2274 1369 2310 rege
1409 2265 1453 2300 ut
1492 2275 1627 2311 supra.

583 2366 638 2405 Et
676 2365 915 2404 mandatum
954 2367 1013 2402 est
1051 2365 1286 2414 justiciariis
1324 2366 1373 2403 ad
1416 2366 1642 2404 custodiam
1690 2366 1912 2405 -Judeorum
1961 2366 2176 2416 assignatis

475 2429 594 2479 quod,
644 2441 690 2466 ex
737 2440 814 2478 quo
862 2428 1068 2464 extentam
1118 2430 1218 2465 terre
1267 2427 1453 2477 Hugonis
1502 2428 1650 2466 Passel'
1700 2428 1747 2466 de
1802 2427 1941 2475 SueH',
1992 2441 2067 2478 que
2116 2431 2176 2467 est

474 2491 637 2530 vadium
676 2490 806 2528 David
845 2489 963 2527 Judei
1003 2488 1169 2534 Oxonie‚
1209 2490 1445 2539 receperint,
1486 2490 1766 2528 rationabilem
1796 2490 1920 2528 finem
1950 2493 1987 2529 et
2026 2490 2175 2529 ration-

475 2553 597 2592 abiles
636 2552 828 2591 terminos
866 2550 994 2588 eidem
1034 2550 1088 2587 H.
1128 2550 1274 2589 habere
1304 2551 1456 2590 faciant
1484 2552 1533 2590 ad
1564 2552 1812 2590 reddendum
1843 2551 2020 2601 predicto
2049 2552 2177 2590 Judeo

475 2615 670 2661 debitum,
720 2615 761 2652 in
808 2626 886 2664 quo
933 2612 967 2650 ei
1015 2614 1187 2659 tenetur,
1233 2614 1455 2652 secundum
1515 2614 1691 2652 valorem
1748 2614 1924 2664 predicte
1981 2617 2083 2653 terre
2139 2616 2177 2653 et

474 2677 744 2728 quantitatem
783 2674 951 2725 predicti
989 2673 1126 2712 debiti.
1199 2675 1317 2713 Teste
1355 2678 1399 2714 ut
1434 2688 1566 2725 supra.

582 2782 639 2818 De
667 2781 868 2829 quercubus
895 2779 1312 2817 ‹latia—Mandatum
1347 2782 1407 2817 est
1441 2779 1622 2817 «Iohanni
1656 2779 1703 2817 de
1737 2779 1881 2818 Nevill’
1914 2779 2020 2829 quod
2054 2778 2175 2817 faciat

476 2842 622 2880 habere
660 2841 834 2879 Radulfo
880 2840 965 2879 filio
1004 2841 1203 2886 Nicholai‚
1265 2840 1484 2879 senescallo
1529 2840 1644 2890 regis,
1693 2841 1870 2891 quinque
1917 2853 2085 2890 quercus
2132 2840 2174 2877 in

476 2905 624 2942 foresta
662 2903 710 2940 de
750 2902 944 2948 Brehull’,
984 2903 1031 2940 de
1069 2904 1174 2940 dono
1213 2902 1329 2952 regis.

584 2982 823 3019 Mandatum
863 2983 922 3018 est
960 2981 1259 3020 constabulario
1307 2981 1541 3019 Divisarum
1589 2981 1695 3031 quod
1742 2981 1865 3019 faciat
1904 2980 2050 3019 habere
2088 2993 2173 3029 pre-

476 3045 583 3082 dicto
621 3043 839 3082 senescallo
878 3045 1050 3092 quatuor
1099 3055 1268 3092 quercus
1307 3043 1348 3080 in
1387 3043 1535 3081 foresta
1584 3043 1631 3080 de
1680 3043 1947 3092 Chipeham,‡
1986 3043 2034 3080 de
2072 3042 2176 3081 dono

477 3106 594 3156 regis.
672 3105 788 3143 Teste
826 3117 916 3153 rege
956 3105 1063 3153 apud
1103 3104 1256 3150 Glouc’,
1297 3105 1420 3154 xxvij.
1461 3105 1524 3142 die
1563 3104 1676 3142 Julii.

739 3203 751 3217 *
768 3200 822 3231 Sic
839 3200 874 3230 in
895 3199 968 3232 MS.
1105 3199 1206 3237 †This
1237 3203 1331 3241 enti-y
1356 3202 1383 3232 is
1413 3199 1583 3231 czincelled
1615 3201 1713 3240 ‘quia
1741 3199 1916 3241 superius.’

1005 3242 1218 3282 ‡Correoted
1258 3244 1343 3275 from
1387 3243 1636 3275 ‘Milkesham’
