2375 3587
195 307 333 354 1237.

195 374 255 412 [m.
278 373 342 411 η]

1064 186 1114 224 21
1160 184 1364 224 HENRY
1408 184 1490 224 lll.
2055 182 2138 222 413

432 386 682 420 contractum
724 382 828 420 inter
867 381 1098 419 „Iohannem
1137 381 1184 418 de
1225 380 1424 418 Curchon'
1465 383 1504 417 et
1553 379 1678 427 ipsam
1726 377 1941 415 isabellam
1990 372 2140 414 initum

432 445 593 482 nullum
659 443 965 494 pronuntiavit;
1032 443 1276 493 supplicavit.
1338 442 1462 491 igitur
1521 440 1639 479 nobis
1699 444 1744 478 ut
1809 440 1857 478 de
1923 439 2039 478 terris
2105 442 2144 478 et

433 506 752 556 possessionibus
783 519 881 556 quas
915 506 1022 544 dicta
1058 505 1230 544 Isabella
1262 504 1405 542 habuit
1444 504 1485 541 in
1520 503 1697 542 crastino
1731 502 1875 552 prefati
1908 502 2001 541 festi
2039 501 2145 540 beati

434 570 590 607 Andree
620 569 748 607 eidem
774 568 949 606 Roberto
980 571 1188 618 tamquam
1219 567 1366 605 marito
1396 566 1550 616 prefate
1574 565 1744 603 Isabelle
1768 565 1929 614 plenam
1955 564 2144 603 seisinam

434 632 579 670 habere
614 631 849 669 faceremus.
908 630 964 668 Et
1002 630 1089 668 ideo
1123 629 1196 668 tibi
1234 629 1478 679 precipimus
1516 628 1621 677 quod
1653 628 1700 665 de
1734 627 1922 665 omnibus
1961 626 2077 665 terris
2106 629 2146 665 et

434 693 753 744 possessionibus
787 693 978 743 predictis
1017 693 1147 730 eidem
1187 691 1361 731 Roberto
1401 691 1485 729 sine
1523 690 1715 728 dilatione
1755 689 1915 738 plenam
1956 689 2146 727 seisinam

435 756 580 794 habere
620 755 758 793 facias.
819 755 935 793 Teste
973 768 1062 803 rege
1101 755 1206 804 apud
1246 754 1492 804 Kenynton,’
1532 752 1606 803 iiij.
1642 752 1705 790 die
1744 751 1964 789 Februarii.

546 835 788 874 Mandatum
846 836 906 872 est
964 833 1190 872 vicecomiti
1248 831 1451 871 Cornubie
1508 832 1613 883 quod
1670 844 1738 881 per
1796 833 1947 869 totam.
1981 830 2145 868 balliam

438 911 549 936 suani
610 897 651 934 in
711 897 818 935 villis
876 896 918 934 in
975 896 1122 946 quibus
1178 895 1272 934 vina
1338 895 1571 934 venduntur
1636 893 1803 932 clamari
1861 892 1982 933 faciat
2043 893 2147 943 quod

438 960 680 999 sextercium
721 959 804 997 vini
842 958 924 996 albi
964 958 1098 1008 gallici
1138 970 1219 996 non
1259 958 1459 996 vendatur
1497 958 1545 995 de
1584 960 1714 995 cetero
1762 956 1894 994 carius
1936 968 2059 1005 quam
2098 955 2147 993 ad

436 1023 488 1061 vi.
531 1022 730 1066 denarios,
772 1024 810 1059 et
851 1021 1090 1059 sextercium
1129 1020 1214 1058 vini
1253 1019 1365 1058 rubei
1403 1019 1536 1058 carius
1574 1031 1696 1068 quam
1736 1018 1785 1056 ad
1824 1018 1909 1068 viij.
1949 1017 2146 1064 denarios,

437 1088 475 1124 et
528 1084 633 1134 quod
682 1083 836 1122 dolium
887 1083 986 1129 vini,
1044 1082 1076 1121 si
1131 1082 1329 1121 vendatur
1376 1082 1417 1120 in
1470 1094 1622 1131 grosso,
1678 1080 1877 1118 vendatur
1926 1079 2148 1119 secundum

437 1148 542 1198 quod
588 1147 714 1185 assisa
753 1146 931 1196 predicta
979 1146 1026 1184 de
1076 1145 1270 1184 sextercio
1320 1145 1530 1184 vendendo
1580 1144 1629 1183 ad
1678 1144 1730 1181 vi.
1771 1142 1957 1182 denarios
2009 1145 2048 1181 et
2100 1143 2149 1181 ad

438 1211 521 1261 viij.
561 1210 753 1259 deposcit,
795 1213 833 1248 et
872 1222 953 1248 non
993 1209 1144 1253 carius;
1187 1212 1226 1247 et
1266 1209 1305 1246 in
1353 1208 1524 1258 singulis
1570 1207 1679 1245 villis
1728 1206 1917 1256 predictis
1967 1206 2149 1255 deputari

440 1273 560 1311 faciat
595 1273 693 1310 duos
733 1272 881 1321 legales
919 1272 1104 1310 homines
1156 1271 1224 1321 qui
1270 1271 1435 1309 videant
1487 1271 1593 1320 quod
1644 1269 1771 1308 assisa
1822 1268 2001 1318 predicta
2053 1268 2149 1314 vini,

440 1345 523 1374 tam
578 1336 615 1372 in
666 1348 802 1384 ¹grosso
851 1348 972 1384 quam
1023 1335 1152 1380 aliter,
1205 1333 1376 1372 firmiter
1427 1333 1659 1372 observetur
1698 1336 1742 1371 ut
1792 1332 2015 1381 predictum
2065 1334 2149 1372 est:

406 1402 478 1437 >et
527 1398 662 1436 taliter
714 1397 882 1435 assisam
937 1397 1159 1446 predictam
1211 1396 1413 1435 observari
1466 1395 1588 1435 faciat
1639 1395 1744 1444 quod
1800 1394 1847 1432 ad
1901 1394 2035 1443 ipsum
2085 1407 2151 1432 rex

441 1474 579 1510 capere
618 1473 697 1498 non
730 1459 891 1506 debeat;
941 1463 980 1498 et
1019 1460 1052 1498 si
1088 1471 1209 1510 quem
1258 1459 1457 1498 invenerit
1495 1458 1564 1508 qui
1614 1457 1755 1495 vinum
1810 1457 1958 1495 vendat
2011 1459 2152 1495 contra

441 1524 608 1562 assisam
666 1523 883 1572 predictam
935 1525 1150 1572 postquam
1202 1522 1315 1559 illam
1368 1520 1535 1559 clamari
1589 1520 1726 1558 fecerit
1774 1519 1868 1558 vina
1923 1519 2049 1569 ipsius
2106 1519 2147 1556 in

442 1599 609 1624 manum
658 1586 762 1635 regis
814 1585 948 1635 capiat
1001 1588 1040 1623 et
1093 1597 1139 1623 ea
1191 1584 1302 1622 salvo
1349 1583 1550 1622 custodiat
1604 1583 1730 1621 donec
1782 1594 1850 1620 rex
1900 1582 2010 1620 aliud
2058 1581 2150 1620 inde

441 1648 675 1699 preceperit.
735 1648 852 1686 Teste
892 1660 982 1696 rege
1022 1650 1066 1686 ut
1105 1660 1238 1696 supra.
1297 1646 1453 1684 Eodem
1493 1645 1612 1684 modo
1655 1644 1896 1683 mandatum
1935 1648 1995 1683 est
2048 1645 2148 1683 vice-

442 1711 579 1750 comiti
620 1710 738 1748 Norf'
780 1713 819 1748 et
860 1710 973 1748 Suff‘.
1046 1710 1277 1759 [('aiz<·‹²Zle‹I]
1314 1711 1414 1752 Quia
1452 1710 1494 1746 in
1534 1715 1630 1757 tergm
1670 1709 1779 1745 istius
1818 1708 1947 1744 rotuli.

557 1838 630 1873 Ρη,
688 1838 732 1873 Il.
793 1837 921 1872 comite
985 1833 1489 1872 11'int0211‘e.-Ma11da.tuin
1547 1834 1607 1870 est
1664 1831 1846 1870 Johanni
1903 1831 1950 1869 de
2007 1831 2150 1869 Nevill'

442 1899 547 1949 quod
594 1897 739 1936 habere
788 1897 910 1935 faciat
957 1898 1003 1935 R.
1045 1896 1183 1935 comiti
1221 1895 1440 1941 Wintonie‚
1481 1907 1547 1932 xx.
1589 1894 1728 1932 damas
1775 1894 1817 1931 in
1861 1893 2010 1932 foresta
2050 1894 2153 1943 regis

443 1962 490 1999 de
530 1961 710 1999 Hunted’
752 1963 790 1998 et
828 1973 892 1997 xx.
933 1960 1073 1997 damas
1112 1959 1153 1996 in
1193 1958 1343 1997 foresta
1382 1958 1429 1995 de
1467 1957 1702 2007 Geytinton’
1743 1960 1782 1995 et
1820 1970 1884 1994 xx.
1925 1956 2064 1994 damas
2112 1957 2152 1994 in

443 2025 590 2062 foresta
638 2023 685 2061 de
723 2020 1018 2071 Rockingham,
1060 2022 1107 2059 de
1146 2022 1251 2059 dono
1290 2020 1407 2069 regis,
1449 2020 1498 2058 ad
1537 2032 1676 2069 parcos
1720 2032 1813 2057 suos
1852 2018 2151 2058 instaurandos.

445 2087 562 2124 Teste
603 2098 692 2135 rege
732 2088 776 2123 ut
816 2097 950 2134 supra.

555 2213 608 2249 D«
648 2213 792 2248 reflatis
833 2211 1025 2247 tradendis
1066 2211 1103 2247 in
1143 2207 1457 2246 balliztm.—Rex
1495 2207 1722 2246 vicecomiti
1762 2207 1932 2254 Wiltes’‚
1967 2208 2154 2247 salutem.

445 2274 548 2322 Quia
599 2287 668 2324 per
720 2272 1027 2322 inquisitionem
1081 2272 1231 2310 factam
1284 2284 1353 2320 per
1405 2272 1637 2320 preceptum
1693 2272 1877 2308 nostrum
1928 2270 2155 2320 accepimus

443 2337 548 2386 quod
606 2336 784 2374 Thomas
845 2334 954 2372 filius
1012 2333 1207 2372 Gileberti
1268 2335 1307 2371 et
1366 2333 1544 2370 Thomas
1607 2331 1731 2370 frater
1787 2332 1887 2382 ejus,
1946 2333 2053 2382 capti
2116 2337 2155 2372 et

445 2399 597 2438 detenti
636 2399 677 2436 in
717 2397 881 2447 prisona
928 2399 1066 2435 nostra
1105 2409 1175 2446 pro
1224 2395 1411 2434 incendio
1449 2395 1557 2433 unde
1604 2394 1741 2432 rettati
1781 2398 1889 2441 sunt,
1929 2394 2021 2433 inde
2060 2399 2156 2434 sunt

444 2461 581 2500 rettati
633 2460 725 2498 odio
778 2463 817 2498 et
867 2459 979 2497 athia
1031 2462 1069 2497 et
1123 2471 1204 2497 non
1254 2471 1299 2496 eo
1347 2457 1453 2508 quod
1506 2456 1597 2494 inde
1649 2456 1871 2506 culpabiles
1924 2460 2034 2501 sunt.
2081 2457 2155 2497 tibi

445 2523 688 2574 precipimus
738 2522 856 2572 quod,
909 2521 941 2559 si
991 2524 1157 2570 uterque
1209 2520 1373 2559 illorum
1427 2519 1626 2558 invenerit
1678 2518 1751 2557 tibi
1804 2520 1872 2569 xij.
1923 2519 2068 2569 probos
2115 2524 2154 2559 et

445 2586 593 2635 leg-ales
640 2585 826 2623 homines
865 2584 912 2622 de
952 2583 1147 2622 comitatu
1187 2585 1256 2621 tuo
1295 2582 1362 2632 qui
1406 2594 1472 2620 eos
1510 2581 1800 2631 manucapiant
1839 2581 1983 2620 habere
2021 2595 2154 2621 coram

445 2648 680 2699 justiciariis
719 2647 869 2685 nostris
908 2646 957 2684 ad
1004 2646 1179 2695 primam
1227 2645 1397 2683 assisam
1441 2657 1532 2683 cum
1578 2644 1619 2681 in
1659 2646 1792 2693 partes
1831 2644 1921 2682 illas
1958 2645 2155 2692 venerint,

447 2711 494 2749 ad
534 2710 725 2748 standum
765 2709 857 2747 inde
897 2711 1005 2747 recto
1045 2708 1077 2746 si
1116 2708 1206 2758 quis
1244 2720 1382 2745 versus
1424 2720 1490 2745 eos
1535 2706 1627 2744 inde
1666 2706 1774 2757 loqui
1814 2707 2011 2753 voluerit3
2061 2710 2157 2746 tunc

447 2787 512 2811 eos
561 2773 694 2810 tradas
734 2772 774 2809 iii
815 2770 999 2814 ballium,
1041 2772 1142 2808 sicut
1190 2770 1415 2819 predictum
1457 2771 1530 2807 est.
1618 2771 1672 2807 Et
1711 2768 1859 2807 habeas
1898 2768 1952 2807 ibi
1992 2770 2159 2808 nomina

447 2836 609 2873 illorum
650 2834 778 2884 xxiiij.
819 2837 858 2871 et
896 2833 971 2871 hoc
1011 2832 1139 2871 breve.
1220 2833 1337 2870 Teste
1377 2844 1466 2881 rege
1506 2834 1550 2869 ut
1588 2844 1723 2880 supra.

556 2957 634 2992 Pro
681 2956 868 3002 ⁴llarjn'stro
918 2955 1051 2992 Sancti
1100 2956 1209 2991 Petri
1255 2955 1297 2990 de
1339 2952 1829 2990 Eborac-0.—Mandatum
1878 2955 1938 2991 est
1986 2952 2159 2991 Roberto

447 3018 493 3055 de
532 3017 612 3055 Ros
650 3017 755 3067 quod
794 3016 915 3054 talem
964 3016 1154 3054 seisinam
1193 3015 1339 3054 habere
1387 3015 1509 3054 faciat
1548 3014 1745 3064 Magistro
1787 3014 1926 3054 Sancti
1965 3015 2073 3053 Petri
2111 3016 2158 3053 de

448 3080 630 3118 Eboraco
669 3079 716 3117 de
755 3078 897 3116 averiis
937 3078 1019 3116 suis
1058 3078 1255 3116 habendis
1294 3079 1336 3115 in
1377 3078 1526 3115 foresta
1566 3077 1669 3126 regis
1707 3077 1755 3115 de
1795 3077 1999 3124 Gauteriz,
2035 3080 2074 3115 et
2112 3078 2159 3116 de

447 3141 679 3181 rationabili
724 3141 914 3179 estoveris
953 3153 1024 3178 suo
1073 3140 1259 3179 habendo
1306 3140 1455 3178 ibidem
1503 3140 1550 3177 de
1598 3138 1720 3177 busca
1763 3139 1811 3177 ad
1859 3140 1993 3178 focum
2040 3153 2159 3178 suum

449 3209 487 3243 et
522 3205 625 3250 aliis,
658 3203 817 3253 qualem
847 3202 990 3241 habuit
1024 3205 1240 3252 antequam
1275 3216 1343 3241 rex
1377 3201 1581 3241 commisit
1615 3201 1808 3240 forestam
1843 3201 1956 3239 illam
1986 3202 2160 3240 Roberto

449 3269 496 3305 de
537 3266 750 3315 Crepping’
787 3265 1106 3310 custodiendam,
1147 3265 1204 3303 ita
1251 3265 1356 3315 quod
1404 3277 1486 3302 non
1534 3263 1656 3302 faciat
1704 3266 1864 3301 vastum
1913 3263 2073 3313 aliquod
2120 3265 2159 3303 in

449 3331 596 3370 foresta
634 3328 826 3379 predicta.
912 3326 1027 3364 Teste
1064 3340 1154 3377 rege
1193 3329 1239 3365 ut
1278 3340 1411 3378 supra.
1497 3326 1573 3364 Per
1611 3325 1674 3364 W.
1714 3325 1761 3363 de
1801 3324 1985 3375 Ralegh’.

452 3415 577 3447 27*
