2375 3587
232 193 312 233 356

294 322 438 368 1236.

277 391 335 429 [m.
363 387 452 424 12d.]

1158 186 1341 229 CLOSE
1386 186 1587 229 ROLLS.

644 383 1031 432 Staff'.—Magister
1080 382 1233 431 Symon
1282 382 1328 418 de
1377 381 1567 419 Wauton'
1618 381 1837 420 attornavit
1886 381 2138 420 Willelmum
2185 381 2233 419 de

536 446 739 484 Wolecote
794 457 931 483 versus
981 444 1142 494 Aylard'
1197 443 1327 480 filium
1382 443 1536 480 Thome
1581 446 1796 492 petentem,
1851 444 1899 480 de
1947 456 2028 480 una
2078 442 2234 492 virgata

537 512 639 546 terre
678 510 716 545 et
755 506 922 544 dimidia
960 518 1053 544 cum
1093 504 1348 554 pertinentiis
1387 504 1428 541 in
1468 504 1822 543 Kinewaldeston’.

646 610 1029 649 Surr'.—J0rdanus
1068 609 1115 646 de
1147 608 1327 646 Hanhou
1362 608 1584 646 attornavit
1618 608 1872 646 Willelnium
1908 607 2067 646 Faukes
2100 620 2237 647 versus

541 673 795 723 Stephanum
847 672 978 709 filium
1027 670 1215 708 Herberti
1262 672 1482 720 petentem,
1532 670 1579 708 de
1627 670 1796 719 triginta
1848 670 1949 708 acris
1997 672 2097 708 terre
2146 682 2237 708 cum

540 734 794 785 pertinentiis
833 734 873 771 in
914 732 1268 772 Wandleswurth’.

655 839 929 875 Prolez'bz'tz’ones
957 837 1435 884 facte:—Arclzc'episcop0
1477 835 1909 873 r'antua›·ie-nsi.—-Rex
1946 834 2166 873 venerabili
2199 835 2241 872 in

543 899 705 938 Christo
738 897 843 947 patri
875 898 925 936 E.
961 897 1100 935 eadem
1135 896 1265 946 gratia
1297 897 1581 935 Cantuariensi
1614 896 1915 945 archiepiscopo
1945 899 2017 936 etc.
2055 896 2240 935 salutem.

544 961 604 999 Ad
642 972 756 998 aures
795 962 953 997 nostras
1001 971 1129 1008 nuper
1177 958 1360 1007 pervenit
1403 959 1522 1008 quod,
1571 971 1663 996 cum
1711 957 1985 997 controversia
2031 960 2142 996 mota
2191 958 2242 996 sit

544 1023 648 1060 inter
685 1021 856 1070 priorem
896 1023 934 1058 et
971 1020 1192 1058 monachos
1231 1021 1451 1059 Cantuarie
1489 1033 1537 1059 ex
1574 1022 1686 1069 parte
1724 1032 1807 1058 una
1844 1022 1883 1058 et
1921 1032 1991 1058 vos
2029 1032 2077 1058 ex
2119 1019 2244 1058 altera

544 1097 662 1134 super
708 1081 1036 1122 advocationibus
1091 1082 1342 1132 quarundam
1390 1082 1661 1128 ecclesiarum,
1709 1081 2042 1131 possessionibus,
2089 1082 2246 1120 xenniis

546 1150 584 1185 et
622 1145 798 1184 serviciis
834 1143 1090 1195 quibusdam,
1126 1144 1294 1193 predicti
1334 1144 1442 1194 prior
1479 1146 1518 1183 et
1556 1144 1758 1188 monachi,
1795 1146 1927 1192 spreto
1965 1143 2072 1182 curie
2111 1146 2246 1182 nostre

547 1208 734 1253 remedio,
766 1208 814 1245 ad
843 1220 965 1256 quam
995 1206 1204 1256 spectant⁴¹³²
1242 1206 1475 1256 hujusmodi
1503 1206 1664 1255 placita,
1706 1219 1824 1255 super
1862 1205 2050 1255 predictis
2079 1206 2248 1245 trahunt

548 1284 616 1309 vos
655 1270 696 1307 in
736 1269 883 1318 placita
921 1269 961 1305 in
1001 1268 1153 1306 curiam
1192 1267 1514 1306 Christianitatis
1551 1268 1791 1306 auctoritate
1829 1267 2055 1305 litterarum
2094 1267 2248 1306 domini

549 1344 661 1381 pape.
721 1331 822 1377 Quia
862 1343 953 1369 vero
992 1330 1077 1368 sine
1115 1329 1332 1367 manifesto
1371 1330 1592 1380 prejudicio
1633 1329 1737 1379 regie
1777 1329 1988 1379 dignitatis
2016 1329 2249 1368 nullatenus

551 1394 748 1432 sustinere
786 1406 1007 1442 possemus,
1049 1392 1152 1429 sicut
1191 1394 1230 1429 et
1268 1405 1339 1429 nec
1378 1392 1625 1437 deberemus,
1673 1392 1777 1441 quod
1821 1391 1969 1440 placita
2016 1392 2251 1442 hujusmodi

551 1457 593 1494 in
632 1455 741 1494 curia
780 1454 1098 1493 Christianitatis
1137 1454 1398 1500 ventilentur,
1440 1453 1550 1492 vobis
1598 1454 1856 1503 prohibemus
1903 1453 2072 1491 firmiter
2116 1454 2250 1504 injun-

552 1522 690 1568 gentes
730 1517 770 1554 in
800 1517 877 1554 fide
911 1529 990 1566 qua
1024 1516 1141 1553 nobis
1172 1516 1365 1553 tenemini
1405 1518 1443 1553 et
1473 1516 1547 1553 sub
1576 1515 1710 1554 debito
1740 1515 1948 1553 fidelitatis
1987 1514 2102 1554 nobis
2136 1516 2252 1564 facte,

553 1580 756 1630 quatinus,
796 1591 888 1617 cum
927 1578 975 1616 ad
1015 1578 1234 1627 dignitates
1273 1580 1311 1615 et
1354 1578 1444 1627 jura
1489 1577 1596 1626 regia
1643 1577 1914 1616 conservanda
1959 1577 2047 1616 sitis
2085 1578 2253 1624 astricti,

554 1655 672 1691 super
719 1640 926 1690 premissis
975 1641 1016 1677 in
1066 1640 1151 1678 foro
1199 1640 1361 1678 ecclesie
1410 1639 1643 1678 nullatenus
1690 1640 1977 1689 respondeatis,
2031 1653 2102 1689 pro
2149 1642 2256 1679 certo

556 1703 695 1742 scituri
734 1703 851 1753 quod,
894 1702 926 1741 si
965 1705 1105 1741 contra
1142 1702 1247 1740 hanc
1304 1701 1619 1750 prohibitionem
1676 1704 1858 1740 nostram
1916 1715 2029 1740 secus
2071 1703 2255 1751 ageretiS,

556 1766 712 1804 credere
768 1777 849 1803 non
906 1777 1114 1813 possemus
1172 1764 1269 1813 quin
1326 1777 1373 1801 ex
1417 1768 1525 1801 certa
1575 1763 1745 1802 scientia
1794 1766 1934 1802 contra
1980 1777 2168 1803 coronam
2219 1768 2257 1804 et

558 1828 798 1877 dignitatem
857 1829 1039 1865 nostram
1098 1826 1138 1863 id
1191 1825 1505 1875 attemptaretis,
1574 1828 1612 1863 et
1689 1825 1744 1864 sic
1807 1825 1848 1863 in
1920 1826 2005 1865 foro
2079 1827 2257 1876 predicto

559 1889 836 1938 respondendo
875 1889 980 1937 regie
1019 1888 1209 1937 dignitati
1248 1888 1462 1926 manifeste
1501 1888 1767 1937 denegaretis.
1853 1888 1969 1926 Teste
2014 1901 2104 1938 rege
2151 1889 2257 1939 apud

562 1951 789 1997 Merewell',
831 1951 958 2001 xxiiij.
998 1950 1060 1988 die
1100 1949 1211 1988 Maii.

670 2057 807 2092 Abbati
845 2057 886 2091 de
927 2055 1039 2091 Barl'
1081 2062 1112 2090 et
1151 2055 1407 2101 emejmlieibns
1446 2054 1681 2091 suisa—Rex
1711 2053 1844 2091 abbati
1876 2054 1923 2091 (le
1959 2054 2089 2101 Boxl'‚
2126 2054 2261 2094 abbati

567 2118 713 2157 Sancte
752 2116 1010 2165 Radegundis
1049 2121 1087 2153 et
1126 2114 1260 2153 abbati
1300 2115 1346 2153 de
1388 2117 1550 2161 Lesnes‚
1593 2115 1780 2153 salutem.
1839 2115 1992 2153 Datum
2040 2120 2100 2155 est
2146 2117 2261 2156 nobis

564 2178 736 2228 intelligi
783 2178 887 2227 quod
934 2191 1025 2216 cum
1075 2177 1280 2215 contentio
1336 2180 1447 2214 mota
1504 2177 1555 2215 sit
1606 2176 1711 2215 inter
1757 2177 1929 2226 priorem
1968 2181 2007 2216 et
2044 2180 2263 2218 monachos

568 2242 714 2280 Sancte
753 2239 964 2277 Trinitatis
1003 2238 1219 2277 Cantuarie
1258 2251 1305 2276 ex
1344 2251 1426 2275 una
1466 2242 1578 2287 parte
1618 2241 1656 2277 et
1694 2238 1964 2277 venerabilem
2012 2240 2053 2277 in
2103 2240 2263 2281 Christo

566 2307 721 2353 patrem
760 2302 809 2339 E.
852 2301 1183 2339 Cantuariensem
1236 2300 1581 2350 archiepiscopum
1621 2304 1696 2339 etc.
1738 2314 1785 2338 ex
1830 2302 1954 2340 altera
1994 2305 2109 2351 parte
2146 2316 2265 2354 super

567 2363 896 2403 advocationibus
956 2363 1208 2413 quarundam
1263 2363 1536 2409 ecclesiarum,
1594 2363 1929 2412 possessionibus,
2001 2365 2161 2403 xenniis
2226 2370 2265 2405 et

568 2427 745 2466 serviciis
783 2425 1035 2476 quibusdam,
1068 2425 1236 2474 predicti
1276 2425 1383 2474 prior
1412 2428 1450 2463 et
1480 2425 1668 2463 monachi
1699 2438 1816 2474 super
1846 2425 1995 2464 eisdem
2026 2427 2195 2466 trahunt
2224 2429 2265 2466 in

568 2490 716 2539 placita
754 2488 978 2537 predictum
1017 2487 1362 2535 archiepiscopum
1401 2499 1535 2524 coram
1574 2486 1685 2524 vobis
1724 2487 1765 2524 in
1806 2487 1915 2525 curia
1947 2487 2267 2528 Christianitatis

570 2550 807 2589 auctoritate
835 2550 1061 2587 litterarum
1091 2548 1246 2586 domini
1276 2561 1389 2597 pape.
1439 2548 1541 2594 Quia
1565 2561 1656 2586 vero
1685 2549 1834 2597 placita
1864 2549 1911 2586 de
1940 2549 2269 2590 advocationibus

570 2613 827 2652 ecclesiarum
862 2615 900 2650 et
934 2612 980 2649 de
1014 2610 1347 2660 possessionibus,
1383 2610 1541 2648 xenniis
1579 2614 1617 2648 et
1652 2611 1828 2650 serviciis
1862 2611 2050 2660 predictis
2088 2617 2270 2662 spectant

572 2677 620 2714 ad
677 2687 865 2713 coronam
923 2677 961 2712 et
1017 2673 1259 2722 dignitatem
1317 2675 1511 2718 nostram,
1568 2685 1641 2711 nec
1704 2673 1789 2711 sine
1849 2674 2066 2712 manifesta
2121 2676 2272 2715 lesione

573 2737 783 2786 dignitatis
834 2736 938 2784 regie
990 2735 1032 2772 in
1083 2734 1168 2773 foro
1217 2734 1379 2772 ecclesie
1431 2734 1571 2772 deduci
1620 2737 1798 2783 possent,
1848 2735 1961 2773 vobis
2012 2737 2271 2785 prohibemus

574 2799 744 2837 firmiter
777 2798 1036 2848 injungentes
1071 2809 1119 2835 ne
1153 2796 1195 2834 in
1227 2808 1347 2834 causa
1380 2796 1449 2833 illa
1483 2796 1738 2845 aliquatenus
1772 2797 1981 2846 procedere
2015 2800 2270 2847 presumatis.

577 2861 694 2898 Teste
732 2862 777 2897 ut
816 2871 948 2908 supra.

686 2965 819 3000 Priori
865 2971 898 2999 et
946 2964 1135 2999 monachis
1182 2963 1318 3000 Sancte
1358 2963 1564 2998 Trinitatis
1605 2962 2127 3001 (ἀ11ί1ια1·1ἐ.-(3008111111οὃ
2173 2965 2275 3003 fiunt

579 3025 767 3075 predictis
806 3024 928 3073 priori
966 3027 1004 3062 et
1044 3023 1256 3062 monachis
1294 3036 1344 3061 ne
1383 3026 1614 3072 sequantur.
1699 3023 1816 3061 Teste
1854 3026 1899 3062 ut
1936 3037 2068 3073 supra.

693 3130 900 3178 Hyan-nia.
973 3129 1051 3164 Pro
1101 3142 1177 3175 νέμε
1223 3129 1360 3164 Μαηηῖ
1409 3135 1442 3163 et
1479 3127 1858 3164 [mularum—Rex
1897 3127 2042 3166 dilecto
2088 3131 2127 3167 et
2169 3129 2278 3168 fideli

582 3205 652 3229 suo
691 3191 746 3228 M.
786 3190 869 3228 filio
909 3189 1084 3234 Geroldi,
1123 3188 1347 3242 justiciario
1386 3201 1457 3226 suo
1497 3187 1717 3238 Hybemie,
1758 3188 1944 3226 salutem.
2029 3189 2182 3229 Datum
2221 3194 2281 3229 est

585 3252 700 3290 nobis
747 3250 920 3299 intelligi
968 3262 1014 3287 ex
1062 3252 1173 3298 parte
1221 3249 1356 3287 dilecti
1404 3251 1442 3286 et
1489 3248 1618 3286 fidelis
1666 3248 1794 3286 nostri
1835 3248 1881 3286 O.
1921 3249 2025 3298 regis
2064 3250 2203 3289 Mann’
2241 3254 2280 3290 et

1269 3355 1283 3370 *
1298 3354 1452 3394 ‘Specta'
1473 3353 1509 3382 in
1529 3351 1598 3385 MS.
