2375 3587
215 320 359 368 1235.

207 386 268 426 [m.
303 385 371 426 12.]

1093 197 1144 237 19
1188 195 1397 236 HENRY
1439 196 1522 237 IH.
2103 199 2156 238 85

571 390 643 426 Pro
680 391 886 428 tenentibus
924 392 965 428 de
1004 393 1141 429 decano
1180 399 1213 429 et
1260 393 1451 429 canom'eis
1504 393 1640 430 Sancte
1674 393 1801 428 Marie
1849 394 1891 428 de
1930 393 2159 439 Salapia.—

456 450 541 488 Rex
588 451 785 489 concessit
828 452 934 501 quod
978 465 1118 491 01111166
1161 455 1345 492 1611611166
1394 453 1441 491 (16
1490 453 1640 491 (1606110
1686 456 1725 491 61
1766 453 1969 491 011110111016
2013 453 2159 492 Sancte

454 512 579 550 Marie
618 513 665 550 de
706 513 868 563 Salopia
900 514 1026 563 quieti
1065 515 1145 553 sint
1184 515 1232 553 de
1270 515 1388 553 sectis
1435 515 1705 553 comitatuum
1753 519 1792 552 et
1840 515 2155 560 hundredorum,

455 575 647 623 quamdiu
701 575 929 614 Willelmus
967 577 1202 626 capellanus
1236 577 1340 626 regis
1378 578 1425 615 de
1474 577 1675 615 Houtton'
1730 577 1851 614 fuerit
1903 577 1945 614 in
1980 576 2160 626 partibus

455 635 693 674 Alemannie
731 636 773 674 in
816 638 978 676 servitio
1030 638 1185 676 domini
1225 638 1342 688 regis.
1429 638 1484 676 Et
1536 639 1777 676 mandatum
1827 641 1886 676 est
1932 639 2158 676 vicecomiti

457 698 617 748 Salopie
661 699 767 749 quod
811 699 976 738 interim
1025 700 1207 739 homines
1256 700 1456 750 predictos
1504 701 1551 738 de
1603 700 1721 738 sectis
1766 700 1954 749 predictis
2003 700 2158 750 quietos

454 772 539 798 esse
576 761 800 810 permittat.
887 761 1005 800 Teste
1044 775 1134 811 rege
1172 765 1217 800 ut
1257 775 1390 812 supra.

568 895 644 931 Pro
683 896 824 942 Agsnete.
863 896 905 931 de
945 895 1425 943 Setrenhamptan'.—Rex
1473 894 1700 933 vicecomiti
1751 894 1929 933 Sumers'
1971 894 2157 932 salutem.

455 955 557 1002 Quia
607 958 766 994 constat
815 955 932 995 nobis
984 969 1052 1006 per
1097 956 1418 1006 inquisitionem,
1462 970 1581 1006 quam
1632 970 1654 993 a
1695 959 1731 993 te
1772 957 1856 994 fieri
1894 956 2157 1005 precepimus,

452 1017 558 1067 quod
596 1031 679 1056 una
716 1017 872 1067 virgata
911 1021 1014 1056 terre
1052 1031 1144 1057 011111
1176 1018 1436 1068 pertinentiis
1466 1018 1507 1056 in
1540 1018 1766 1063 Cheletun‘,
1795 1031 1869 1067 que
1902 1018 1979 1056 fuit
2014 1018 2158 1067 1103611

453 1079 500 1116 (16
553 1079 794 1130 Chibbeleye
840 1081 1026 1130 suspensi
1071 1093 1142 1130 pro
1184 1080 1408 1125 latrocinio,
1459 1081 1593 1118 extitit
1645 1080 1686 1117 in
1737 1093 1861 1117 manu
1907 1083 2045 1118 nostra
2093 1093 2160 1128 per

454 1153 582 1179 unum
622 1155 776 1180 annum
808 1145 846 1181 et
879 1143 1000 1185 diem,
1035 1146 1074 1181 et
1103 1143 1209 1191 quod
1238 1142 1344 1180 idem
1379 1143 1560 1191 Rogerus
1591 1145 1738 1180 terram
1775 1142 1994 1191 predictam
2030 1141 2160 1180 tenuit

453 1203 501 1241 de
540 1203 695 1253 Agnete
733 1205 780 1242 de
817 1205 1196 1254 Siwenhampton';
1229 1204 1302 1243 tibi
1341 1204 1585 1254 precipimus
1624 1205 1729 1254 quod
1768 1205 1897 1242 eidem
1938 1204 2083 1253 Agneti
2113 1204 2160 1241 de

453 1265 630 1315 predicta
668 1266 825 1316 virgata
858 1269 961 1305 terre
999 1279 1092 1305 011111
1131 1266 1387 1316 pertinentiis
1417 1267 1579 1316 plenam
1619 1266 1809 1305 seisinain
1849 1265 1994 1304 habere
2024 1266 2158 1304 facias.

455 1327 572 1366 Teste
606 1331 651 1367 ut
689 1341 823 1378 supra.

566 1463 645 1499 Pro
692 1463 741 1500 E.
786 1463 1057 1500 (j'antnarienst
1106 1464 1381 1511 archiepiscopo
1423 1464 1465 1499 de
1517 1464 1669 1500 1:1'm‘2.—-
1685 1461 1926 1499 Mandatum
1974 1465 2033 1500 est
2068 1475 2158 1500 con-

454 1523 676 1562 stabulario
713 1525 860 1563 Dovor’
899 1524 1005 1574 quod
1044 1523 1190 1562 habere
1228 1524 1351 1563 faciat
1389 1523 1610 1562 venerabili
1649 1523 1753 1573 patri
1793 1524 1841 1561 E.
1878 1523 2159 1562 Cantuariensi

452 1585 765 1635 archiepiscopo,
789 1586 914 1624 totius
952 1585 1097 1635 Anglie
1131 1585 1308 1635 primati,
1332 1585 1410 1623 tria
1441 1585 1547 1623 dolia
1582 1586 1629 1623 de
1659 1585 1892 1624 melioribus
1924 1585 2028 1623 vinis
2058 1587 2160 1635 regis

453 1648 500 1686 de
546 1648 775 1697 garnisione
827 1648 1008 1699 ejusdem
1058 1648 1192 1694 castri,
1233 1649 1281 1686 de
1333 1648 1526 1697 prestito²³¹⁷³
1566 1647 1682 1697 regis.
1770 1648 1887 1686 Teste
1926 1660 2015 1696 rege
2054 1650 2160 1697 apud

453 1710 876 1755 Westmonasterium,
911 1710 954 1761 ij.
995 1710 1058 1748 die
1092 1709 1204 1748 Maii.
1280 1710 1356 1748 Per
1388 1710 1450 1748 W.
1490 1710 1538 1748 de
1568 1709 1695 1747 Kirk'.

563 1843 619 1880 De
642 1843 916 1891 perdonatione
940 1856 1010 1891 pro
1049 1843 1258 1879 hominibus
1296 1843 1338 1878 (Ie
1377 1842 1719 1880 sznenaZ.-—Rex
1758 1841 1807 1879 ad
1842 1840 2079 1879 instantiam
2110 1840 2159 1878 E.

453 1903 758 1943 Cantuariensis
805 1903 1097 1953 archiepiscopi
1144 1903 1382 1953 perdonavit
1429 1903 1664 1941 hominibus
1712 1903 1759 1941 de
1799 1903 2000 1941 Rumenal
2047 1902 2160 1951 quin-

451 1967 647 2017 quaginta
685 1965 821 2012 libras⁷
861 1979 961 2016 quas
1009 1965 1174 2004 domino
1221 1966 1304 2015 regi
1343 1965 1489 2004 debent
1529 1978 1600 2015 pro
1643 1965 1962 2014 transgressione
2005 1968 2042 2002 et
2089 1977 2163 2013 (1116

452 2029 502 2067 ab
543 2029 598 2067 eis
645 2028 862 2078 exiguntur
909 2041 978 2078 per
1023 2027 1386 2066 summonitionem
1436 2027 1647 2067 Scaccarii.
1723 2027 1778 2065 Et
1821 2027 2061 2064 mandatum
2105 2030 2164 2064 est

452 2090 671 2130 baronibus
717 2090 765 2129 de
814 2090 1023 2130 Scaccario
1070 2090 1177 2140 quod
1225 2090 1272 2128 de
1318 2090 1508 2139 predictis
1555 2089 1851 2139 quinquaginta
1906 2088 2018 2127 libris
2057 2088 2162 2137 ipsos

453 2154 609 2203 quietos
640 2166 723 2192 esse
753 2152 918 2191 faciant.
996 2152 1113 2190 Teste
1144 2165 1234 2202 rege
1264 2152 1370 2202 apud
1402 2151 1825 2198 Westmonasterium‚
1857 2151 1899 2201 ij.
1930 2151 1993 2188 die
2022 2150 2134 2188 Maii.

562 2288 618 2324 De
679 2288 881 2335 quercubus
945 2285 1361 2323 datiassixiandatum
1428 2287 1488 2323 est
1545 2283 1845 2323 constabulario
1906 2283 1954 2321 de
2013 2283 2162 2322 Sancto

455 2349 657 2387 Briavello
694 2348 800 2398 quod
838 2347 984 2386 habere
1022 2347 1146 2385 faciat
1176 2348 1331 2397 Rogero
1360 2347 1407 2385 de
1438 2347 1595 2393 Glouc’,
1628 2347 1770 2385 clerico
1810 2345 1980 2383 Isabelle
2019 2345 2162 2383 sororis

454 2411 572 2461 regis,
604 2414 683 2448 tres
721 2423 890 2459 quercus
927 2410 969 2447 in
1008 2410 1158 2448 foresta
1196 2410 1255 2447 de·
1277 2409 1378 2447 Den'
1410 2409 1460 2447 ad
1498 2408 1729 2447 faciendum
1769 2408 1860 2445 inde
1899 2407 2161 2445 maeremium

454 2474 504 2512 ad
542 2474 682 2512 domos
721 2486 813 2511 suas
851 2473 899 2511 de
930 2472 1051 2522 Caple
1090 2472 1346 2522 reparandas,
1378 2472 1425 2509 de
1465 2471 1571 2510 dono
1611 2470 1728 2520 regis.
1806 2470 1924 2508 Teste
1954 2473 1998 2507 ut
2029 2482 2161 2519 supra.

455 2537 531 2575 Per
568 2537 629 2575 W.
670 2535 718 2573 de
757 2534 883 2573 Kirk’.

562 2623 647 2661 Rex
698 2621 925 2661 vicecomiti
977 2621 1102 2659 Lanc’
1156 2621 1342 2660 salutem.
1449 2621 1552 2668 Quia
1603 2622 1764 2659 constat
1816 2618 1931 2657 nobis
1984 2632 2053 2668 per
2102 2619 2159 2656 in-

453 2685 714 2735 quisitionem
752 2698 874 2735 quam
922 2697 945 2722 a
992 2687 1030 2722 te
1077 2683 1163 2721 fieri
1201 2683 1466 2734 precepimus,
1503 2683 1609 2732 quod
1641 2683 1811 2722 Swanus
1850 2682 1897 2718 de
1936 2681 2161 2719 Hudersale

453 2747 584 2787 tenuit
631 2747 730 2786 duas
778 2746 943 2786 bovatas
999 2749 1103 2785 terre
1153 2759 1245 2785 cum
1293 2745 1549 2796 pertinentiis
1596 2745 1638 2783 in
1687 2744 1903 2783 Hudersal’
1954 2744 2000 2782 de
2047 2743 2161 2781 nobis

454 2810 496 2848 in
535 2809 688 2860 capite†

565 2898 804 2936 Mandatum
852 2900 912 2935 est
958 2895 1107 2935 ballivo
1153 2896 1256 2946 regis
1304 2896 1351 2935 de
1391 2896 1612 2945 Havering'
1653 2895 1758 2945 quod
1807 2907 1945 2933 omnes
1994 2893 2162 2931 bacones

455 2960 572 3011 regis,
607 2973 705 3009 quas
739 2959 859 2998 habet
897 2959 939 2997 in
978 2959 1162 2998 custodia
1199 2972 1271 2997 sua
1303 2959 1409 3008 apud
1443 2958 1672 2997 manerium
1708 2958 1811 3006 regis
1845 2957 1891 2994 (16
1926 2955 2160 3003 1161611113,

454 3023 550 3061 visis
601 3022 747 3061 litteris
798 3021 901 3067 istis,
955 3034 1046 3060 cum
1099 3021 1211 3059 omni
1268 3020 1529 3059 festinatione
1588 3020 1746 3059 Simoni
1786 3018 2002 3063 Hurtaud'‚
2044 3016 2161 3054 latori

454 3085 717 3134 presentium,
754 3084 913 3123 liberari
940 3083 1062 3122 faciat
1091 3083 1301 3122 cariandas
1335 3083 1384 3121 ad
1418 3096 1551 3132 regem
1581 3095 1706 3131 usque
1738 3079 2158 3122 Westnionasterium,

453 3147 511 3185 ita
543 3147 649 3197 quod
687 3146 770 3185 sint
808 3146 857 3184 ad
896 3159 1028 3195 regem
1068 3146 1143 3184 hac
1181 3146 1244 3184 die
1278 3145 1532 3184 Inventionis
1570 3144 1718 3183 Sancte
1754 3143 1904 3187 Crucis,
1942 3154 2048 3179 anno
2083 3144 2157 3178 etc.

454 3209 534 3247 xix.
575 3209 825 3258 tempestive.
885 3208 1002 3247 Teste
1041 3212 1086 3246 ut
1125 3221 1260 3257 supra.

1068 3323 1308 3354 *Substituted
1337 3321 1394 3354 for
1421 3321 1550 3353 ‘dona’

963 3376 1170 3415 †Canoelled
1196 3376 1301 3414 ‘Quia
1324 3375 1360 3405 in
1382 3373 1495 3406 rotulo
1518 3372 1663 3404 finium*
