2375 3587
168 306 310 356 1235.

154 372 217 412 [m.
242 373 312 412 24]

1048 183 1102 222 20
1150 181 1354 221 HENRY
1399 181 1478 221 111.
2023 182 2104 221 :305

510 378 589 414 Pro
629 378 790 427 quloiza
827 381 869 415 de
912 380 1048 426 srlelays,
1090 380 1228 425 majore
1270 378 1744 415 Elm›·‹·1‹-1'.—-Mandatum
1784 380 1845 415 est
1882 376 2106 415 vicecomiti

403 437 524 477 Ebor’
573 440 678 489 quod
731 439 762 477 si
815 441 936 489 Hugo
987 441 1034 478 de
1087 440 1242 490 Seleby‚
1302 441 1430 489 major
1480 439 1582 488 regis
1634 439 1820 484 Eboraci,
1869 439 2017 478 bonam
2067 442 2105 477 et

401 501 667 540 sufficientem
708 502 742 540 ei
781 502 978 541 invenerit
1018 502 1274 540 securitatem
1312 501 1416 550 quod
1455 501 1487 539 si
1531 505 1771 539 mercatores
1815 502 1862 540 de
1907 505 2105 550 potestate

402 563 504 612 regis
561 563 741 609 Francie,
798 577 969 613 quorum
1035 564 1180 603 catalla
1245 564 1475 601 venduntur
1531 576 1602 611 pro
1668 571 1810 612 quater
1868 563 2010 612 viginti
2067 567 2106 602 et

400 626 701 675 quatuordecim
750 625 863 665 libris
919 630 957 664 et
1009 640 1090 664 una
1140 639 1288 672 marca,
1337 638 1525 675 processu
1577 625 1769 674 temporis
1817 626 2000 664 venerint
2055 626 2104 664 ad

400 688 614 736 petendum
667 701 690 726 a
736 702 825 736 rege
880 689 1094 738 pecuniam
1142 688 1268 733 illam,
1316 687 1400 737 ipse
1448 700 1518 736 pro
1575 700 1664 735 rege
1719 687 1766 725 de
1816 688 1985 736 pecunia
2036 688 2105 726 illa

400 750 653 798 respondebit
716 750 904 799 predictis
959 749 1260 795 mercatoribus,
1324 749 1356 788 si
1419 762 1579 787 necesse
1640 748 1774 795 fuerit,
1837 752 1875 787 et
1923 750 1955 787 si
2014 750 2104 799 plus

399 812 604 860 receperit,
630 812 721 850 inde
752 812 939 850 similiter
968 811 1235 861 respondebit,
1256 811 1314 849 ita
1342 812 1448 861 quod
1478 824 1612 860 regem
1645 810 1818 849 servabit
1848 811 2106 861 indempnem

399 875 441 912 in
488 874 562 912 hac
610 878 734 923 parte,
784 877 881 913 tunc
927 874 1128 923 predictas
1175 877 1315 923 quater
1358 873 1505 922 viginti
1548 876 1587 911 et
1635 873 1937 922 quatuordecim
1984 873 2106 913 libras

398 938 438 973 et
477 949 600 974 unam
640 950 817 975 marcam
852 937 1029 986 predicto
1067 936 1211 987 majori
1250 936 1291 973 in
1326 935 1458 974 forma
1491 935 1670 985 predicta
1704 935 1863 974 liberari
1903 935 2036 983 faciat,
2068 939 2107 975 et

399 1001 535 1047 postea
583 998 663 1045 regi
711 998 810 1037 scire
858 999 980 1037 faciat
1027 999 1298 1043 securitatem,
1339 1010 1460 1047 quam
1505 996 1554 1035 ab
1603 997 1689 1047 ipso
1727 998 1878 1047 majore
1916 999 2107 1047 receperit

398 1061 501 1110 quod
550 1060 837 1110 indempnitati
886 1060 990 1110 regis
1036 1060 1266 1110 prospiciet,
1308 1060 1410 1099 sicut
1460 1059 1685 1109 predictum
1729 1063 1803 1098 est.
1863 1060 1979 1100 Teste
2018 1074 2105 1110 rege

399 1125 444 1160 ut
482 1135 614 1172 supra.

512 1237 586 1273 Pro
622 1238 798 1274 <Iohanne
839 1235 1407 1285 Blaizcb[sylla—Mandatum
1450 1237 1510 1273 est
1566 1234 1792 1273 vicecomiti
1844 1234 1963 1274 Suht'
1998 1235 2104 1284 quod

398 1297 431 1335 si
461 1298 669 1336 Johannes
703 1297 961 1348 Blancbuylli
995 1297 1195 1336 invenerit
1230 1297 1265 1335 ei
1299 1296 1446 1335 bonam
1476 1300 1515 1335 et
1550 1296 1816 1335 sufficientem
1849 1296 2104 1335 securitatem

397 1360 502 1409 quod
540 1360 646 1398 infra
684 1360 833 1398 festum
875 1359 1015 1399 Sancti
1054 1359 1218 1398 Hillarii
1274 1372 1380 1397 anno
1430 1362 1505 1397 etc.
1558 1372 1622 1396 xx.
1677 1358 1902 1397 satisfaciet
1953 1372 2103 1397 merca—

398 1422 551 1460 toribus
591 1435 690 1472 quos
729 1435 798 1472 per
835 1435 945 1460 mare
983 1422 1223 1471 depredatus
1271 1424 1345 1467 est,
1386 1424 1430 1459 ut
1476 1421 1638 1465 dicitur,
1679 1421 1727 1458 de
1771 1420 1877 1459 vinis
1924 1423 1963 1459 et
2014 1421 2104 1460 aliis

397 1484 554 1522 catallis
592 1484 771 1533 ipsorum
811 1487 1081 1523 mercatorum
1119 1496 1194 1533 que
1233 1483 1339 1521 idem
1379 1483 1588 1521 Johannes
1627 1482 1781 1528 habuit,
1818 1486 1916 1521 tunc
1955 1486 2103 1521 terram

397 1549 435 1584 51
474 1546 619 1584 catalla
658 1559 730 1584 sua
762 1547 803 1584 in
837 1545 984 1584 balliva
1015 1559 1099 1592 sua,
1133 1559 1209 1595 que
1244 1558 1289 1583 ea
1322 1545 1530 1583 occasione
1564 1544 1669 1594 cepit
1703 1545 1745 1581 in
1781 1558 1950 1582 manum
1984 1545 2102 1595 regis,

396 1607 431 1646 ei
469 1621 538 1657 per
574 1608 796 1657 predictam
835 1608 1091 1646 securitatem
1132 1607 1295 1646 interim
1334 1607 1531 1646 dimittat.
1612 1608 1729 1645 Teste
1767 1610 1812 1644 ut
1846 1620 1980 1656 supra.

506 1687 662 1725 Eodem
699 1687 818 1726 modo
855 1687 1096 1726 mandatum
1133 1690 1192 1725 est
1231 1685 1458 1725 vicecomiti
1499 1685 1714 1725 Coi-nubie.

506 1802 584 1838 Pro
626 1801 816 1837 Bam-iria
858 1802 900 1837 <le
950 1799 1273 1837 Gattmz'.—-—Rex
1320 1798 1557 1849 justiciariis
1597 1798 1680 1837 suis
1730 1797 2016 1837 itinerantibus
2064 1799 2104 1837 in

395 1862 590 1900 comitatu
641 1862 803 1901 Sussex'
850 1862 1036 1900 salntem.
1119 1861 1365 1900 Monstravit
1414 1860 1531 1899 nobis
1580 1860 1780 1899 Beatricia
1833 1861 1880 1898 de
1931 1860 2102 1899 Gattun‘

396 1925 501 1974 quod
540 1938 632 1963 cum
672 1925 806 1962 Hamo
858 1925 905 1963 de
956 1924 1137 1970 Gatton',
1176 1924 1381 1973 quondam
1431 1924 1492 1961 vir
1542 1936 1651 1969 suus,
1691 1936 1780 1961 eam
1830 1923 2101 1972 desponsavit,

395 1987 501 2025 idem
541 1987 675 2025 Hamo
717 2000 805 2024 eam
844 1986 998 2024 dotavit
1042 1986 1091 2023 ad
1134 1986 1314 2024 hostium
1354 1985 1517 2024 ecclesie
1555 1986 1602 2023 de
1641 1985 1823 2023 manerio
1860 1985 1907 2022 de
1938 1985 2104 2023 Triwele

395 2062 485 2087 cnm
544 2049 799 2098 pertinentiis
856 2048 930 2087 sub
986 2048 1057 2086 tali
1113 2048 1342 2087 conditione
1399 2048 1517 2097 quod,
1573 2048 1605 2086 si
1663 2060 1743 2085 non
1803 2047 1998 2085 sufficeret
2055 2048 2104 2086 ad

395 2111 675 2149 rationabilem
718 2112 853 2149 dotem
902 2124 1031 2157 suam,
1072 2114 1322 2160 recuperaret
1369 2114 1460 2159 post
1508 2113 1681 2148 mortem
1728 2109 1855 2159 ipsius
1903 2110 2104 2148 Hamonis

395 2174 443 2212 de
499 2174 588 2212 aliis
642 2174 757 2212 terris
814 2174 896 2211 suis
952 2176 1152 2223 quantum
1214 2173 1250 2211 ei
1307 2173 1460 2211 deesset
1523 2173 1572 2210 ad
1628 2173 1764 2210 dotem
1821 2172 2103 2211 rationabilem

395 2236 693 2285 perficiendam,
734 2236 766 2273 si
805 2249 896 2273 vero
943 2235 1170 2273 manerium
1219 2235 1320 2272 illud
1367 2235 1573 2273 excederet
1621 2234 1756 2272 dotem
1806 2233 2102 2280 rationabilem,

396 2302 720 2336 amensuraretur
752 2302 790 2336 et
824 2297 1175 2347 superplnsagium
1210 2297 1440 2335 redderetur
1472 2295 1685 2334 heredibus
1720 2296 1845 2346 ipsius
1876 2296 2103 2342 Hamonis;

396 2364 435 2399 et
501 2361 533 2398 si
598 2360 824 2398 manerium
891 2360 991 2398 illud
1062 2360 1261 2398 sufficeret
1327 2360 1376 2397 ad
1439 2359 1724 2397 rationabilem
1790 2359 1939 2406 dotem,
2008 2362 2104 2398 tunc

396 2426 621 2461 remaneret
658 2426 848 2461 contenta
885 2422 1065 2460 manerio
1104 2422 1187 2460 illo.
1273 2422 1328 2460 Et
1362 2421 1450 2460 ideo
1488 2421 1601 2459 vobis
1640 2421 1883 2459 mandamus
1923 2421 2028 2470 quod
2071 2422 2105 2460 si

395 2485 572 2534 predicta
618 2485 818 2523 Beatricia
866 2487 1015 2523 sectam
1063 2483 1206 2522 habuit
1254 2487 1293 2521 et
1332 2483 1611 2533 probationem
1655 2496 1789 2521 coram
1834 2482 1958 2528 vobis,
1999 2484 2104 2533 quod

395 2547 514 2584 modo
552 2546 730 2596 predicto
768 2547 905 2584 dotata
944 2546 1077 2590 fuerit,
1120 2549 1216 2583 tunc
1255 2545 1357 2583 detis
1393 2545 1434 2582 in
1474 2545 1678 2583 mandatis
1723 2544 1868 2583 dilecto
1913 2548 1952 2582 et
1996 2545 2103 2583 fideli

394 2610 532 2647 nostro
571 2608 652 2646 Ade
691 2607 775 2646 filio
813 2607 1021 2653 Willelmi,
1062 2611 1100 2645 et
1148 2620 1195 2645 ex
1242 2610 1353 2656 parte
1392 2610 1543 2652 nostra,
1584 2607 1690 2656 quod
1733 2607 1867 2645 dotem
1911 2619 2026 2644 suam
2065 2609 2104 2645 et

394 2671 436 2708 in
475 2671 648 2709 formam
687 2670 906 2720 predictam
946 2670 980 2708 ei
1019 2669 1165 2708 habere
1202 2669 1337 2708 faciat.
1395 2669 1653 2718 Precepimus
1692 2669 1815 2707 etiam
1855 2668 1985 2706 eidem
2020 2669 2103 2707 Ade

394 2734 499 2783 quod
554 2733 597 2771 in
654 2733 784 2771 forma
840 2733 1017 2782 predicta
1074 2733 1208 2770 dotem
1260 2745 1375 2770 suam
1429 2731 1477 2769 ad
1534 2731 1774 2769 mandatum
1833 2733 2011 2769 vestrum
2068 2731 2104 2769 ei

396 2795 541 2834 habere
579 2795 712 2834 faciat.
797 2795 912 2833 Teste
952 2808 1042 2844 rege
1082 2798 1126 2833 ut
1167 2807 1300 2843 supra.

503 2875 558 2912 Et
596 2875 836 2912 mandatum
884 2878 944 2912 est
990 2874 1169 2923 predicto
1209 2873 1292 2911 Ade
1330 2873 1436 2923 quod
1483 2872 1524 2909 in
1564 2871 1697 2910 forma
1743 2870 2017 2920 suprascripta
2054 2870 2103 2909 ad

396 2937 635 2974 mandatum
671 2936 939 2985 predictorum
983 2935 1299 2986 justiciariorum
1348 2935 1483 2973 dotem
1533 2946 1648 2971 suain
1698 2933 1733 2971 ei
1782 2932 1928 2970 habere
1967 2932 2102 2971 faciat.

397 2998 514 3036 Teste
553 3002 597 3035 ut
634 3011 766 3047 supra.

506 3106 585 3142 Pro
636 3106 780 3141 Milone
826 3106 868 3141 de
919 3104 1299 3152 li'oclaff'1n·‹l’.—Rex
1344 3103 1490 3141 dilecto
1539 3106 1576 3140 et
1625 3101 1732 3139 fideli
1780 3114 1851 3139 suo
1905 3101 2102 3139 Mauricio

395 3166 479 3204 filio
535 3166 711 3211 Geroldi,
768 3165 992 3215 justiciario
1042 3178 1113 3203 suo
1167 3165 1374 3210 Hibernis,
1430 3164 1615 3202 salutem.
1697 3163 1939 3200 Mandamus
1990 3161 2104 3200 vobis

395 3229 500 3278 quod
539 3230 571 3266 si
611 3228 710 3266 Milo
749 3228 795 3265 de
836 3227 1087 3273 Rocheford’,
1125 3227 1191 3276 (1111
1240 3230 1383 3276 captus
1422 3226 1500 3264 fuit
1547 3226 1587 3263 in
1628 3224 1836 3275 Hybernia
1876 3224 1917 3261 in
1958 3237 2101 3273 guerra

394 3304 516 3340 quam
546 3289 661 3328 nobis
693 3290 820 3328 movit
855 3290 903 3327 R.
946 3289 1220 3335 Marescallus,
1254 3288 1460 3338 quondam
1498 3300 1631 3326 comes
1671 3285 1829 3331 Penbr'‚
1861 3285 2102 3324 satisfecerit

395 3351 506 3392 vobis
555 3352 604 3389 ad
652 3364 752 3401 opus
801 3354 988 3393 nostrum
1033 3351 1080 3393 de
1132 3350 1406 3403 redemptione
1452 3362 1537 3395 sua,
1578 3361 1647 3399 per
1684 3360 1805 3399 quam
1844 3346 1968 3386 finem
2008 3347 2103 3387 fecit

402 3424 405 3444 ῑ
499 3423 521 3443 ὲ
