2375 3587
217 185 300 225 132

279 314 424 363 1235.

280 381 340 422 [m.
358 380 410 421 5-]

1141 185 1327 229 GLOSE
1371 185 1576 229 ROLLS.

516 393 637 430 quam
676 382 854 432 predicto
892 382 1062 421 Ricardo
1098 382 1192 420 inde
1239 381 1326 420 fieri
1373 381 1556 420 fecimus.
1631 382 1688 420 Et
1725 382 1814 421 ideo
1850 381 1923 420 tibi
1962 382 2205 431 precipimus

514 444 620 492 quod
669 447 823 482 cartam
876 444 1005 494 ipsam
1045 445 1087 483 in
1128 444 1247 493 pleno
1298 443 1496 481 comitatu
1548 446 1618 481 tuo
1669 443 1747 492 legi
1800 446 1839 481 et
1898 445 2026 482 teneri
2067 444 2202 491 facias,

513 505 616 544 sicut
680 506 907 556 predictum
964 510 1038 545 est.
1125 507 1243 544 Teste
1296 517 1361 542 me
1411 505 1497 553 ipso
1546 505 1652 554 apud
1701 505 1922 552 Waltham‚
1970 506 2082 556 xxiij.
2141 506 2205 545 die

511 566 695 617 Augusti.

617 645 673 684 Et
721 647 960 685 mandatum
1009 648 1069 684 est
1119 644 1334 684 baronibus
1392 645 1440 682 de
1492 644 1706 684 Scaccario
1763 645 1869 695 quod
1920 645 1977 683 ita
2029 645 2115 684 fieri
2166 650 2205 685 et

509 706 722 746 inrotulari
759 709 922 747 faciant.
999 708 1115 746 Teste
1153 710 1197 746 ut
1236 719 1368 756 supra.

621 829 676 865 De
714 831 868 866 ementis
904 827 1405 876 faciendis—Mandatum
1443 829 1503 865 est
1541 826 1767 865 vicecomiti
1805 827 1955 866 Kancie
1993 829 2099 878 quod
2137 842 2207 879 per

514 893 814 927 sacramentum
880 890 1094 939 proborum
1153 892 1191 927 et
1256 888 1449 938 legalium
1508 888 1723 926 hominum
1780 889 1827 926 de
1883 889 2078 928 comitatu
2134 904 2207 930 suo

514 951 676 989 extendi
715 951 837 990 faciat
888 954 1065 1001 [terram]
1114 951 1244 989 David
1284 951 1330 988 de
1370 949 1512 989 Chalk’
1553 950 1595 987 in
1636 950 1792 997 Chalk’,
1833 964 1909 1001 que
1946 954 2006 989 est
2042 953 2206 992 vadium

515 1012 646 1050 Aaron
685 1013 835 1051 Blundi
883 1014 1002 1051 Judei
1049 1013 1193 1058 Lond,
1242 1012 1438 1058 videlicet,
1476 1014 1678 1062 quantum
1717 1015 1822 1050 terra
1861 1012 1932 1050 illa
1971 1013 2102 1053 valeat
2139 1028 2208 1065 per

510 1086 663 1112 annum
702 1075 741 1112 in
781 1075 993 1113 dominicis
1045 1074 1281 1120 redditibus,
1332 1073 1544 1122 homagiis,
1585 1073 1759 1111 servitiis
1812 1076 1850 1112 et
1891 1074 2080 1114 omnibus
2118 1077 2208 1116 aliis

512 1135 686 1174 exitibus
726 1140 850 1182 terre3
900 1139 939 1174 et
984 1139 1189 1174 extentam
1240 1135 1331 1173 inde
1370 1135 1517 1173 factam
1569 1134 1642 1173 sub
1692 1135 1825 1184 sigillo
1877 1149 1949 1174 suo
1986 1140 2024 1175 et
2063 1138 2207 1187 sigillis

511 1210 662 1245 eorum,
712 1212 781 1248 per
817 1212 916 1249 quos
955 1199 1060 1237 facta
1099 1198 1233 1244 fuerit,
1274 1197 1373 1236 scire
1412 1197 1533 1236 faciat
1572 1197 1807 1247 justiciariis
1844 1199 1948 1247 regis
1987 1199 2036 1237 ad
2075 1203 2206 1239 custo-

510 1259 617 1297 diam
675 1261 894 1299 Judeorum
951 1260 1179 1309 assignatis,
1238 1259 1383 1309 quibus
1441 1273 1508 1297 rex
1572 1260 1782 1298 mandavit
1844 1261 1964 1310 quod,
2025 1274 2072 1299 ex
2129 1276 2207 1313 quo

510 1325 714 1360 extentam
748 1323 861 1360 illam
896 1322 1130 1371 receperint,
1166 1322 1293 1360 eidem
1328 1321 1470 1360 David’
1505 1321 1789 1359 rationabilem
1824 1322 1948 1360 finem
1987 1326 2025 1361 et
2059 1325 2207 1363 ration—

510 1383 633 1422 abiles
690 1385 883 1423 terminos
940 1384 1084 1422 habere
1139 1384 1289 1422 faciant
1346 1384 1394 1421 ad
1451 1383 1649 1429 debitum,
1707 1397 1786 1433 quo
1842 1385 2021 1433 predicto
2079 1386 2207 1426 Judeo

513 1449 684 1493 tenetur,
734 1447 981 1484 reddendum
1028 1446 1250 1484 secundum
1288 1446 1465 1484 valorem
1504 1445 1679 1495 predicte
1719 1448 1821 1484 terre
1856 1449 1895 1484 et
1934 1447 2207 1496 quantitatem

513 1508 637 1547 debiti
670 1509 853 1558 predicti.
931 1509 1049 1547 Teste
1084 1511 1128 1546 ut
1168 1521 1300 1557 supra.

617 1596 771 1634 Eodem
828 1596 946 1634 modo
1002 1595 1242 1633 mandatum
1299 1597 1358 1633 est
1413 1594 1640 1634 vicecomiti
1697 1595 1932 1633 Middelsex'
1990 1596 2038 1634 de
2096 1599 2202 1636 terra

512 1657 705 1696 Willelmi
753 1658 801 1696 de
845 1658 884 1696 la
933 1658 1034 1695 Bare
1083 1657 1333 1696 extendenda
1382 1657 1423 1694 in
1468 1657 1566 1694 villa
1614 1658 1977 1703 Westmonasterii‚
2032 1671 2108 1708 que
2145 1662 2205 1699 est

513 1720 677 1758 vadium
715 1720 848 1758 Aaron
887 1719 962 1757 filii
1001 1718 1172 1764 Abrahe,
1214 1718 1333 1756 Judei
1372 1718 1517 1757 Lond’.

620 1841 700 1877 Pro
748 1841 925 1878 „Iohanne
980 1841 1022 1876 de
1076 1839 1568 1877 0016111611».--Μὲ111(111111111
1621 1841 1681 1876 est
1730 1838 1965 1877 custodibus
2021 1840 2209 1880 vinorum

513 1902 666 1939 domini
716 1902 818 1951 regis
866 1902 1079 1951 Suhampt'
1128 1901 1232 1951 quod
1278 1900 1422 1939 habere
1467 1901 1619 1939 faciant
1665 1900 1847 1939 ‘Iohanni
1895 1902 1942 1939 de
1990 1901 2206 1950 Colemere,

511 1964 728 2003 camerario
775 1965 917 2010 Lond',
967 1977 1094 2001 unum
1141 1964 1293 2001 dolium
1342 1963 1426 2001 vini
1469 1963 1515 2000 de
1562 1964 1670 2012 prisa
1703 1963 1820 2012 regis,
1864 1964 1912 2001 de
1950 1964 2054 2003 dono
2092 1966 2209 2015 regis.

513 2027 630 2065 Teste
667 2040 757 2076 rege
790 2027 895 2076 apud
930 2027 1095 2072 Walth',
1130 2026 1242 2076 xxiij.
1283 2026 1345 2064 die
1380 2026 1565 2075 Augusti.

578 2145 580 2147 ’
619 2149 675 2184 De
714 2155 860 2185 extenta
901 2146 1395 2194 facienda.—Mandatum
1440 2149 1499 2184 est
1546 2146 1772 2185 vicecomiti
1817 2146 1958 2185 Dereb'
1998 2148 2103 2198 quod
2142 2161 2211 2198 per

513 2212 808 2247 sacramentum
847 2208 1062 2258 proborum
1096 2212 1135 2246 et
1168 2208 1359 2256 legalium
1392 2208 1606 2246 hominum
1640 2208 1687 2245 de
1718 2208 1913 2246 comitatu
1947 2222 2019 2247 suo
2052 2210 2212 2248 extendi

512 2271 633 2309 faciat
681 2274 829 2309 terram
881 2270 1041 2308 Radulfi
1080 2271 1127 2309 de
1176 2270 1384 2308 Hereford’
1431 2270 1473 2307 in
1522 2269 1643 2308 ballia
1690 2283 1775 2315 sua,
1824 2283 1900 2319 que
1942 2274 2002 2309 est
2050 2271 2210 2310 vadium

515 2332 714 2371 Samuelis
752 2333 870 2370 -Judei
903 2332 1076 2370 Eboraci
1114 2334 1153 2369 et
1186 2331 1314 2369 David
1352 2331 1570 2369 Lumbard'
1610 2331 1728 2369 Judei
1766 2332 1975 2381 Noting’,‘³³‘⁵
2013 2336 2210 2382 quantum

512 2394 642 2432 valeat
680 2407 749 2444 pei·
795 2407 949 2432 annum
993 2394 1035 2431 in
1082 2393 1296 2431 dominicis
1335 2393 1556 2431 redditibus
1590 2396 1629 2431 et
1667 2393 1757 2431 aliis
1796 2393 1970 2432 exitibus
2005 2398 2130 2441 terre;
2172 2399 2211 2434 et

513 2458 719 2494 extentam
771 2456 884 2493 illam
940 2455 1013 2493 sub
1070 2455 1204 2504 sigillo
1261 2468 1332 2493 suo
1389 2458 1464 2493 etc.
1522 2455 1632 2493 mitti
1689 2454 1811 2493 faciat
1871 2456 2105 2505 justiciariis
2162 2458 2212 2495 ad

511 2518 735 2556 custodiam
767 2518 987 2556 Judeorum
1021 2517 1249 2566 assignatis,
1282 2517 1427 2567 quibus
1457 2529 1524 2555 rex
1555 2517 1763 2555 mandavit
1796 2518 1902 2567 quod
1932 2518 2212 2558 rationabilem

512 2578 634 2617 finem
683 2582 722 2617 et
773 2578 1032 2617 rationabiles
1082 2579 1277 2617 terminos
1333 2578 1479 2616 habere
1536 2578 1688 2617 faciant
1745 2579 1874 2617 eidem
1928 2579 2104 2619 Radulfo
2160 2582 2211 2619 ad

512 2640 706 2687 debitum,
752 2642 794 2678 in
846 2654 924 2691 quo
968 2641 1156 2690 predictis
1205 2640 1344 2678 Judeis
1397 2643 1568 2686 tenetur,
1619 2640 1931 2690 acquietandum
1989 2642 2211 2681 secundum

511 2703 687 2741 valorem
725 2706 827 2741 terre
865 2703 1038 2752 predicte
1075 2705 1114 2740 et
1145 2702 1415 2753 quantitatem
1450 2702 1575 2741 debiti
1606 2702 1787 2752 predicti.
1847 2704 1965 2742 Teste
1998 2706 2043 2743 ut
2076 2717 2210 2755 supra.

513 2764 589 2803 Per
626 2765 674 2803 R.
714 2764 844 2802 filium
879 2764 1077 2803 Nicholai.

620 2886 675 2922 De
712 2887 912 2934 quercubus
951 2885 1365 2922 datia—Mandatum
1405 2887 1465 2922 est
1505 2884 1684 2922 Johanni
1730 2885 1777 2923 de
1825 2886 1969 2924 Nevill’
2018 2889 2123 2938 quod
2169 2888 2211 2927 in

512 2945 660 2984 foresta
706 2946 809 2995 regis
861 2947 907 2984 (18
958 2946 1139 2983 Brehull‘
1191 2946 1311 2984 faciat
1364 2945 1508 2984 habere
1560 2945 1755 2984 Nicholao
1806 2947 1853 2985 de
1906 2948 2024 2987 Molis
2076 2950 2211 2988 decem

510 3020 678 3057 quercus
716 3008 765 3045 ad
803 3008 1080 3054 maeremfflm,
1110 3008 1157 3045 de
1195 3008 1299 3045 dono
1338 3007 1455 3056 regis.
1533 3007 1649 3046 Teste
1684 3011 1728 3046 ut
1767 3021 1900 3058 supra.
1977 3010 2055 3049 Per
2085 3011 2133 3050 G.
2164 3012 2212 3050 de

515 3068 768 3108 Craucumb'.

618 3191 675 3226 De
712 3191 820 3227 terris
863 3191 1006 3226 comicis
1048 3191 1090 3226 de
1136 3188 1588 3237 &flama—Mandatum
1631 3191 1691 3226 est
1734 3189 1959 3229 vicecomiti
2001 3192 2211 3232 Bedeford'

510 3253 627 3301 quod,
660 3264 741 3290 non
771 3251 956 3290 obstante
984 3253 1169 3300 precepto
1207 3250 1311 3299 regis
1340 3250 1445 3299 quod
1475 3262 1603 3298 nuper
1635 3250 1670 3287 ei
1705 3249 1798 3288 fecit
1828 3251 1875 3289 de
1910 3253 2025 3291 terris
2053 3255 2213 3294 comitis

1102 3349 1116 3364 *
1135 3346 1313 3380 Cori-ected
1343 3346 1429 3377 from
1463 3345 1620 3377 ⁴Lond‘.’
