2375 3587
261 219 344 260 372

322 347 469 394 1236.

315 415 374 453 [m.
400 411 477 452 ea]

376 3199 436 3237 [m.
454 3195 523 3234 5d„]

1194 210 1379 253 OLOSE
1424 210 1628 253 ROLLS.

672 412 913 450 Mandatum
952 413 1012 449 est
1051 410 1228 448 Henrico
1266 409 1313 446 de
1353 408 1603 453 Trublevill'‚
1643 408 1861 447 senescallo
1899 407 2123 454 Wasconie,
2162 407 2267 457 quod

564 473 791 512 dominium
839 473 1050 523 cujusdam
1101 471 1226 520 partis
1264 470 1357 508 ville
1396 470 1443 508 de
1483 470 1660 519 Buglun,
1699 483 1820 520 quam
1859 469 1963 519 cepit
2010 470 2052 506 in
2099 481 2268 506 manum

565 535 719 574 domini
757 535 861 584 regis
899 534 1106 573 occasione
1145 532 1292 570 felonie
1339 544 1460 581 quam
1499 531 1729 570 Willelmus
1767 531 1993 581 Reymund‘
2033 531 2080 568 de
2119 529 2272 568 Pinbus

567 598 673 644 fecit,
713 597 884 635 retineat
921 596 963 633 in
1003 607 1128 632 manu
1166 593 1293 643 ipsius
1333 592 1489 631 domini
1527 593 1632 642 regis
1670 595 1709 631 et
1747 592 1850 630 nulli
1887 593 1988 630 illud
2026 592 2217 630 dimittat.

678 701 1053 741 Leic’.—Radulfus
1090 701 1137 738 de
1175 699 1316 738 Nevill’
1355 699 1577 737 attornavit
1623 698 1845 737 Robertum
1892 698 1940 736 de
1977 697 2090 736 Paris
2136 699 2276 736 contra

571 765 791 804 Radulfum
839 764 970 802 filium
1019 762 1227 808 Gileberti‚
1268 761 1520 800 Willelmum
1568 760 1700 798 filium
1747 760 1908 800 Ricardi
1946 763 1985 799 et
2032 759 2131 798 alios
2176 772 2275 810 quos

571 828 721 866 clamat
758 826 916 864 nativos
955 837 1061 863 51105.

679 911 987 951 Memorandum
1043 910 1149 960 quod
1205 909 1438 947 Willelmus
1494 909 1603 946 filius
1658 907 1848 957 Hugonis
1912 907 1960 946 de
2025 906 2275 945 Melkesham

572 974 846 1014 summonitus
892 973 970 1010 fuit
1008 984 1144 1010 coram
1192 984 1283 1020 rege
1321 971 1384 1009 die
1423 970 1535 1009 Jovis
1582 969 1767 1020 proxima
1812 971 1903 1018 post
1940 969 2090 1007 festum
2139 967 2278 1008 Sancti

573 1036 682 1074 Petri
719 1036 769 1074 ad
808 1034 981 1073 Vincula
1019 1033 1068 1071 ad
1106 1033 1402 1071 ostendendum
1454 1044 1533 1082 quo
1570 1033 1750 1070 waranto
1787 1033 1898 1069 tenet
1936 1030 2036 1069 duas
2073 1032 2278 1068 carucatas

574 1102 674 1136 terre
724 1101 762 1135 et
815 1096 1025 1134 dimidiam
1077 1107 1168 1134 611111
1225 1094 1482 1144 pertinentiis
1538 1094 1580 1131 in
1637 1092 1902 1139 Melkesham,
1954 1104 2031 1141 que
2087 1093 2182 1130 sunt
2233 1091 2281 1129 de

575 1159 778 1198 dominico
816 1158 932 1207 regis.
998 1157 1075 1204 Qui
1115 1156 1226 1195 venit
1263 1159 1302 1194 et
1340 1155 1441 1193 dixit
1479 1155 1585 1205 quod
1623 1167 1704 1193 non
1744 1156 1854 1193 tenet
1891 1154 1970 1192 nisi
2007 1153 2062 1203 vj.
2101 1152 2278 1200 bovatas,

576 1226 614 1260 et
653 1221 759 1271 quod
806 1223 1079 1258 antecessores
1128 1218 1190 1256 sui
1238 1220 1276 1256 et
1321 1217 1406 1266 ipse
1453 1216 1682 1254 habuerunt
1730 1218 1877 1254 terram
1925 1215 2045 1253 istam
2084 1215 2132 1253 de
2178 1214 2283 1252 dono

578 1284 682 1333 regis
729 1282 910 1327 Η661161,
961 1281 1024 1319 11171
1074 1280 1127 1318 H.
1168 1280 1287 1329 regis,
1328 1279 1391 1317 avi
1439 1278 1593 1316 domini
1641 1278 1745 1328 regis
1793 1281 1831 1316 et
1887 1277 1973 1316 sine
2029 1278 2151 1315 carta.
2228 1276 2284 1314 Et

579 1347 697 1384 datus
744 1346 804 1382 est
850 1344 885 1382 ei
933 1342 1016 1380 (1165
1064 1355 1086 1380 11
1133 1341 1195 1379 (116
1245 1341 1385 1380 Sancti
1435 1340 1643 1379 Michaelis
1699 1340 1741 1377 in
1789 1353 1853 1377 xv.
1901 1338 1998 1377 dies.
2084 1337 2284 1377 Dominus

580 1406 842 1446 cancellarius
881 1404 997 1442 breve
1045 1416 1166 1453 penes
1205 1416 1258 1441 se.

690 1493 775 1531 Rex
824 1491 1051 1530 vicecomiti
1101 1490 1222 1536 Leic',
1272 1489 1460 1527 salutem.
1532 1488 1777 1527 Monstravit
1829 1487 1947 1526 nobis
1994 1486 2193 1525 Robertus
2240 1486 2288 1524 de

582 1555 789 1604 Petlinges
827 1553 946 1604 quod,
998 1565 1090 1591 cum
1130 1552 1380 1590 dedissemus
1428 1551 1470 1588 in
1510 1550 1715 1589 mandatis
1763 1549 1999 1599 justiciariis
2047 1548 2197 1587 nostris
2243 1548 2292 1586 ad

583 1617 808 1657 custodiam
860 1616 1082 1654 Judeorum
1146 1614 1364 1663 assignatis
1416 1613 1521 1663 quod
1572 1612 1606 1650 ei
1659 1612 1854 1650 terminos
1910 1611 2089 1650 facerent
2145 1609 2291 1648 habere

584 1678 844 1718 rationabiles
883 1677 932 1716 ab
970 1679 1112 1723 Ysaac,
1152 1676 1281 1714 Judeo
1320 1676 1502 1724 Notfflg',
1551 1675 1598 1712 de
1634 1673 1770 1712 debito
1808 1673 1914 1723 quod
1948 1673 2054 1711 idem
2094 1672 2293 1711 Robertus

585 1742 620 1780 ei
677 1740 807 1786 debet,
866 1743 905 1779 et
960 1738 1177 1790 justiciarii
1234 1738 1293 1775 illi
1350 1740 1487 1787 postea
1542 1736 1648 1774 diem
1706 1735 1849 1773 darent
1906 1735 2062 1785 prefato
2119 1733 2295 1772 Roberto

586 1803 775 1842 similiter
825 1804 863 1841 et
912 1801 1068 1851 prefato
1117 1801 1245 1839 Judeo
1293 1800 1335 1838 16
1374 1799 1551 1838 crastino
1585 1798 1827 1836 Animarum
1865 1810 1973 1836 anno
2012 1797 2126 1846 regni
2165 1796 2293 1835 nostri

586 1867 667 1917 xxj.
709 1865 757 1903 ad
796 1865 919 1903 finem
961 1864 1192 1902 faciendum
1232 1863 1279 1900 de
1318 1861 1452 1900 debito
1499 1863 1736 1906 memorato,
1785 1860 1890 1898 idem
1939 1859 2092 1898 Judeus
2125 1858 2295 1908 protulit

587 1928 660 1967 tibi
712 1927 868 1966 litteras
920 1929 1078 1965 nostras
1126 1925 1362 1975 impetratas
1401 1926 1618 1973 antequam
1657 1922 1739 1961 dies
1779 1922 1981 1971 predictus
2024 1921 2080 1959 eis
2118 1921 2293 1968 daretur,

588 2003 658 2040 per
695 2002 793 2039 quas
832 1991 875 2027 tu
915 1987 1045 2026 seisiri
1084 1986 1217 2026 fecisti
1251 1986 1384 2035 ipsum
1419 1985 1594 2023 Judeum
1634 1984 1681 2022 de
1715 1986 1820 2022 terra
1857 1983 2026 2033 predicti
2058 1981 2221 2021 Roberti
2253 1982 2295 2020 in

590 2052 763 2100 Petling'
804 2053 843 2089 et
882 2050 929 2088 de
969 2049 1112 2095 bladis,
1153 2047 1278 2086 bobus
1317 2050 1356 2086 et
1396 2047 1486 2085 aliis
1525 2045 1640 2084 bonis
1678 2045 1762 2084 suis
1800 2045 1842 2083 in
1873 2048 1979 2083 terra
2006 2044 2075 2082 illa
2108 2043 2296 2090 inventis,

591 2117 636 2151 ut
685 2114 732 2151 de
784 2112 900 2151 vadio
956 2124 1041 2149 suo.
1116 2111 1172 2148 Et
1220 2110 1314 2159 quia
1362 2109 1403 2146 in
1443 2109 1549 2147 facto
1597 2108 1667 2146 illo
1709 2107 1925 2145 manifeste
1964 2106 2203 2156 injuriatum
2241 2108 2302 2144 est

593 2175 769 2225 predicto
822 2173 1013 2218 Roberto,
1061 2173 1093 2211 51
1146 2173 1204 2210 ita
1251 2175 1323 2217 est,
1366 2170 1439 2209 tibi
1477 2170 1722 2220 precipimus
1760 2169 1864 2219 quod
1901 2168 2115 2218 diligenter
2152 2167 2302 2218 inquiri

592 2238 716 2275 facias
761 2239 899 2275 utrum
954 2235 1087 2273 littere
1136 2234 1326 2283 predicte,
1392 2245 1564 2282 quarum
1611 2231 1850 2270 auctoritate
1901 2229 2104 2280 predictus
2149 2229 2302 2267 Judeus

595 2300 742 2338 missus
780 2300 839 2336 est
878 2298 920 2335 in
960 2296 1153 2335 saisinam
1185 2295 1360 2345 predicte
1399 2298 1514 2340 terre,
1550 2293 1765 2343 impetrate
1797 2294 1931 2331 essent
1963 2294 2181 2341 antequam
2219 2291 2303 2330 dies

596 2361 798 2411 predictus
837 2359 1015 2409 prefixus
1054 2362 1158 2397 esset
1196 2358 1252 2396 eis
1291 2357 1340 2395 ad
1378 2357 1502 2395 finem
1542 2355 1769 2406 predictum
1809 2354 2039 2394 faciendum
2078 2353 2141 2392 vel
2178 2353 2302 2391 etiam

597 2426 734 2472 postea
772 2434 840 2471 per
879 2421 1061 2459 fraudem
1101 2423 1141 2458 et
1179 2419 1469 2468 deceptionem,
1524 2421 1563 2456 et
1603 2417 1635 2456 si
1675 2417 1749 2455 tibi
1796 2415 2024 2455 constiterit
2066 2415 2173 2465 quod
2211 2417 2304 2453 ante

598 2485 701 2522 diem
744 2483 969 2533 predictum
1022 2483 1235 2532 impetrate
1288 2480 1439 2519 fuerint
1491 2479 1553 2518 vel
1608 2481 1698 2528 post
1743 2491 1813 2528 per
1864 2477 2155 2527 deceptionem,
2207 2478 2304 2516 tunc

599 2547 731 2595 ipsum
771 2544 991 2583 Robertum
1029 2545 1076 2582 de
1115 2547 1219 2582 terra
1267 2556 1339 2581 sua
1378 2541 1553 2580 resaisiri
1592 2541 1716 2579 facias
1754 2552 1847 2579 cum
1885 2539 2075 2578 omnibus
2112 2537 2230 2576 rebus
2268 2541 2307 2576 et

601 2607 756 2646 catallis
807 2607 890 2644 suis
941 2619 1010 2655 per
1058 2606 1260 2655 prefatum
1316 2604 1490 2642 Judeum
1543 2603 1637 2640 inde
1685 2602 1844 2647 amotis,
1892 2604 1931 2640 et
1982 2601 2015 2640 si
2067 2601 2163 2650 quid
2214 2600 2307 2639 inde

602 2670 840 2707 distractum
892 2668 1013 2705 fuerit
1064 2667 1127 2705 vel
1177 2669 1376 2711 amotum,
1432 2665 1471 2702 id
1520 2664 1555 2702 ei
1602 2664 1713 2702 reddi
1758 2664 1894 2710 facias,
1942 2676 2023 2701 non
2071 2662 2310 2712 permittens

602 2731 707 2781 quod
744 2731 851 2768 idem
890 2730 1043 2768 Judeus
1081 2741 1249 2767 manum
1287 2728 1426 2766 mittat
1461 2727 1510 2764 ad
1550 2728 1697 2764 terram
1736 2725 1957 2775 predictam
1996 2725 2059 2763 vel
2089 2724 2138 2762 ad
2176 2724 2311 2773 aliqua

603 2793 748 2832 catalla
786 2805 857 2830 sua
897 2794 989 2829 ante
1029 2791 1135 2829 diem
1175 2789 1400 2839 predictum
1441 2789 1528 2827 sine
1567 2787 1730 2837 speciali
1764 2790 1952 2837 precepto
1990 2789 2143 2825 nostro.
2193 2786 2310 2824 Teste

605 2868 694 2904 rege
728 2854 833 2903 apud
873 2852 1120 2899 Wudestok',
1160 2852 1229 2902 vij.
1270 2851 1334 2889 die
1374 2850 1559 2899 Augusti.

719 2963 1152 3003 Norhamton'.—Prior
1216 2961 1443 3011 Hospitalis
1509 2960 1556 2998 de
1613 2959 1796 2998 Brackel’
1859 2959 2080 2997 attornavit
2144 2959 2310 2996 fratrem

613 3028 820 3067 Simonem
873 3026 919 3063 de
971 3024 1151 3063 Brackel’
1205 3027 1346 3063 contra
1393 3022 1636 3072 Magistrum
1684 3021 1955 3070 Reginaldum
2003 3021 2050 3059 de
2088 3021 2229 3058 Hauso
2266 3020 2314 3057 de

613 3089 740 3139 xxiiij.
780 3087 882 3127 acris
921 3090 1022 3125 terre
1060 3086 1102 3124 16
1141 3085 1372 3124 Wutefeld‘.

726 3183 966 3221 Mandatum
997 3183 1056 3219 est
1089 3180 1321 3231 justiciariis
1355 3180 1403 3217 de
1435 3179 1573 3217 Banco
1606 3177 1712 3228 quod
1746 3176 1950 3226 appellum
1984 3176 2090 3226 quod
2129 3176 2317 3215 Matheus

618 3247 666 3285 (16
705 3245 870 3283 Lovano
908 3243 1004 3282 facit
1041 3255 1179 3281 versus
1213 3242 1465 3281 Willelmum
1504 3241 1540 3278 16
1574 3239 1772 3289 Enveyse,
1807 3239 2024 3287 Hugonem
2063 3237 2099 3276 16
2140 3238 2314 3288 Serjant,

620 3308 823 3356 Rogerum
883 3305 930 3343 de
992 3303 1267 3354 Scogh’lund',
1323 3303 1552 3341 Walterum
1608 3301 1657 3339 de
1713 3299 1896 3344 Groten‘,
1953 3298 2206 3338 Gilebertum
2271 3299 2319 3337 de

622 3369 802 3415 Groten’,
852 3367 1024 3406 Odinell’
1072 3366 1108 3404 le
1156 3365 1281 3411 01616,
1331 3365 1563 3404 Johannem
1611 3363 1659 3404 de
1707 3360 1956 3407 Fakenham‚
1995 3360 2161 3401 Petrum
2209 3360 2314 3410 Hog,
