2375 3587
190 344 329 391 1236.

181 412 240 451 [m.
268 410 336 449 19.]

1060 217 1114 256 20
1155 215 1362 257 HENRY
1403 215 1484 257 ΙΙΙ.
2047 213 2129 252 229

534 414 625 450 Rea'.
697 413 747 450 De
773 407 889 451 ⁴fustis
918 415 967 450 ad
996 416 1226 462 operationes
1256 415 1448 450 domorum
1477 414 1594 450 castri
1628 409 2127 450 W'intonia—Mandatum

424 477 483 511 est
523 473 657 512 Avicie
695 475 741 512 de
777 475 1044 513 Columbariis
1083 475 1188 525 quod
1227 475 1347 513 faciat
1386 474 1529 512 habere
1567 473 1794 512 vicecomiti
1836 472 1953 511 Suht‘
1985 470 2129 509 sexties

424 534 568 584 viginti
617 536 725 574 fusta
764 537 805 574 in
846 536 975 575 boscis
1015 537 1117 586 regis
1156 538 1203 575 de
1241 537 1396 585 Fingel’
1436 540 1475 574 et
1513 536 1560 574 de
1607 538 1718 574 Cette
1759 535 1807 572 ad
1847 535 1987 572 domos
2026 531 2129 580 regis

424 597 543 696 {astri
593 598 696 647 regis
746 598 954 637 Wintonie
1004 599 1259 648 reparandas.
1355 598 1472 636 Teste
1520 610 1608 646 rege
1657 597 1762 646 apud
1803 596 1974 640 Roffam,
2017 593 2127 643 xviij.

453 659 487 697 ie
526 660 725 698 Januarii.

533 749 625 785 Har.
684 749 739 785 De
775 749 966 785 vastacione
1003 747 1344 796 capiendae—Rex
1383 747 1511 784 mittit
1545 745 1795 784 Willelmum
1830 745 1876 781 de
1911 744 1950 781 la
1983 743 2129 787 Lund',

426 808 647 846 Radulfum
704 811 751 847 de
808 810 1058 860 Kaywurth',
1118 809 1295 847 Henrico
1349 809 1395 847 de
1453 809 1491 846 la
1544 809 1748 857 Pomerey,
1807 806 2027 843 Robertum
2084 805 2130 842 de

429 871 655 920 Stopham’‚
710 872 960 910 &Villelmum
1020 872 1204 921 Caperun
1261 875 1299 909 et
1358 870 1629 920 Reginaldum
1687 869 1721 906 le
1794 871 1875 912 1116,
1934 867 2131 904 vadlettos

427 946 531 979 suos,
572 947 696 983 usque
735 935 784 972 ad
822 933 1039 972 Ricardum
1070 933 1117 971 de
1165 933 1410 971 Muntfichet
1458 933 1506 970 ad
1554 931 1790 980 capiendum
1838 929 1879 966 in
1930 941 2047 978 parco
2085 928 2131 965 de

429 995 647 1046 Havering'
687 997 736 1034 ad
775 1009 875 1046 opus
918 995 1021 1044 regis
1069 995 1213 1044 viginti
1260 995 1399 1033 damas
1448 995 1509 1032 vel
1559 994 1692 1043 plures
1742 992 1774 1030 si
1823 991 1991 1041 possint.
2078 990 2133 1027 Et

429 1058 668 1097 mandatum
706 1062 766 1097 est
803 1058 932 1096 eidem
972 1057 1142 1095 Ricardo
1181 1057 1285 1106 quod
1326 1057 1432 1107 ipsos
1471 1057 1519 1094 ad
1558 1056 1633 1094 hoc
1663 1054 1866 1092 admittat.
1942 1053 2058 1090 Teste
2088 1055 2132 1089 ut

430 1132 563 1170 supra.

538 1212 616 1247 Pro
654 1213 819 1259 episeopo
860 1211 1178 1260 Hymen—Rex
1216 1206 1433 1246 baronibus
1477 1207 1560 1244 suis
1608 1205 1654 1243 de
1703 1203 1907 1243 Scaccario
1947 1202 2132 1240 salutem.

434 1271 580 1311 Sciatis
618 1273 723 1322 quod
761 1273 1032 1312 concessimus
1071 1271 1288 1311 venerabili
1328 1269 1431 1319 patri
1481 1269 1534 1306 H.
1586 1267 1753 1318 Elyensi
1792 1266 1989 1315 episcopo,
2031 1264 2134 1313 quod

432 1334 515 1383 ipse
553 1338 592 1372 et
631 1348 875 1374 successores
915 1336 988 1381 sui,
1029 1334 1204 1385 episcopi
1246 1333 1456 1383 Elyenses,
1497 1335 1536 1369 et
1574 1330 1681 1380 prior
1721 1329 1910 1379 Elyensis
1962 1330 2001 1364 et
2050 1339 2134 1364 suc-

432 1410 607 1435 cessores
655 1397 716 1435 sui
765 1397 958 1447 colligant
1007 1401 1045 1436 et
1094 1396 1269 1434 habeant
1312 1396 1449 1433 omnia
1494 1392 1808 1431 amerciamenta
1855 1390 1901 1427 de
1949 1387 2137 1426 omnibus

434 1459 672 1498 hominibus
721 1463 759 1498 et
824 1460 939 1498 terris
1005 1460 1111 1497 infra
1176 1457 1386 1496 hundreda
1455 1455 1694 1504 subscripta,
1762 1452 1949 1491 videlicet
1965 1451 2138 1489 :—infra

433 1521 688 1560 hundredum
741 1526 780 1560 et
836 1522 1050 1560 dimidium
1108 1522 1155 1559 de
1207 1519 1387 1558 Mitford’
1440 1522 1478 1557 et
1535 1517 1641 1554 infra
1697 1515 1872 1565 quinque
1929 1513 2138 1550 hundreda

435 1587 474 1621 et
530 1583 744 1621 dimidium
801 1583 848 1621 de
901 1583 1130 1633 VVykelawe
1182 1585 1221 1620 et
1273 1580 1512 1629 tridlingum
1566 1579 1612 1616 de
1673 1577 1900 1615 Winestun’
1956 1578 2039 1613 tam
2092 1575 2138 1612 de

434 1645 564 1683 alieno
603 1645 717 1683 feodo
754 1658 875 1695 quam
915 1645 962 1683 de
1000 1658 1094 1686 suo:
1136 1647 1175 1681 et
1209 1643 1314 1692 quod
1349 1641 1524 1680 habeant
1558 1653 1698 1678 omnes
1733 1639 1833 1676 fines
1869 1637 1914 1674 de
1950 1636 2137 1674 amercia-

435 1708 583 1746 mentis
621 1708 703 1746 illis
740 1708 1020 1757 provenientes
1059 1710 1273 1756 postquam
1312 1704 1457 1754 aliquis
1496 1702 1681 1741 inciderit
1724 1701 1764 1738 in
1797 1699 2137 1744 misericordiam3

437 1774 475 1808 et
542 1771 646 1819 quod
715 1770 890 1808 habeant
958 1769 1096 1808 omnia
1159 1767 1475 1807 amerciamenta
1537 1766 1584 1803 de
1646 1762 1834 1802 omnibus
1893 1761 2138 1805 hominibus,

438 1833 552 1871 terris
590 1836 629 1870 et
668 1832 795 1871 feodis
834 1832 942 1878 suis;
984 1835 1022 1870 et
1061 1831 1165 1881 quod
1204 1829 1381 1868 habeant
1420 1841 1539 1866 omne
1578 1827 1679 1864 fines
1729 1825 1776 1863 de
1817 1823 2141 1861 amerciamentis

437 1895 518 1933 illis
570 1895 849 1945 provenientes
906 1896 1119 1943 postquam
1172 1892 1317 1942 aliquis
1379 1889 1565 1928 inciderit
1618 1889 1658 1925 in
1710 1885 2051 1926 misericordiam:
2104 1889 2142 1922 et

438 1958 543 2008 quod
608 1956 784 1995 habeant
851 1956 1121 2006 quietanciam
1190 1955 1237 1992 de
1303 1953 1467 1991 murdro
1531 1952 1578 1989 de
1639 1948 1828 1988 omnibus
1895 1946 2141 1991 hominibus,

439 2021 553 2060 terris
609 2024 648 2058 et
704 2019 830 2058 feodis
886 2020 968 2057 suis
1024 2022 1109 2057 tam
1166 2017 1272 2055 infra
1328 2015 1507 2066 predicta
1576 2012 1785 2051 hundreda
1841 2023 1962 2060 quam
2020 2016 2141 2055 extra7

438 2084 548 2123 salvo
605 2082 719 2122 nobis
776 2086 814 2121 et
871 2081 1084 2120 heredibus
1140 2079 1289 2119 nostris
1364 2078 1571 2117 forisfacto
1639 2074 1792 2113 murdri
1861 2073 1893 2111 si
1961 2072 2145 2110 inciderit

438 2148 485 2185 de
569 2145 709 2184 alienis
784 2145 909 2183 feodis
984 2144 1090 2181 infra
1164 2142 1341 2192 predicta
1415 2139 1638 2178 hundreda.
1735 2137 1791 2175 Et
1866 2136 1954 2173 ideo
2035 2134 2146 2173 vobis

439 2209 676 2247 mandamus
714 2208 820 2257 quod
857 2208 904 2245 de
941 2206 1140 2245 demanda
1177 2218 1298 2254 quam
1338 2203 1470 2242 facitis
1518 2202 1668 2240 eisdem
1717 2199 1902 2249 episcopo
1950 2201 1988 2235 et
2027 2197 2147 2246 priori

439 2285 508 2322 per
554 2270 912 2309 summonitionem
963 2268 1161 2308 Scaccarii
1209 2267 1337 2305 nostri
1385 2265 1591 2303 occasione
1641 2262 1911 2311 predictorum
1958 2259 2146 2297 amercia-

440 2337 667 2372 mentorum
710 2336 748 2370 et
787 2331 931 2369 finium
971 2330 1189 2369 eorundem
1244 2327 1651 2366 amerciamentorum
1692 2324 1799 2372 ipsos
1838 2322 2071 2371 episcopum
2110 2324 2149 2358 et

441 2396 613 2446 priorem
670 2394 825 2444 quietos
882 2406 965 2431 esse
1022 2396 1060 2429 et
1117 2391 1172 2429 sic
1231 2390 1329 2435 fieri⁷
1389 2387 1552 2426 allocari
1610 2389 1648 2424 et
1705 2383 1917 2422 inrotulari
1975 2382 2146 2421 faciatis.

442 2459 560 2497 Teste
598 2470 687 2507 rege
726 2456 831 2505 apud
872 2453 1290 2496 Westmonasterium,
1326 2465 1389 2489 xx.
1431 2450 1494 2488 die
1532 2448 1727 2487 Januarii.

550 2546 628 2584 Pro
668 2545 853 2582 Willelmo
887 2545 930 2579 de
969 2540 1344 2579 l'anelwhaZe—Rex
1378 2538 1525 2576 dilecto
1563 2539 1602 2574 et
1641 2534 1749 2573 fideli
1785 2546 1856 2571 suo
1891 2531 2070 2571 Johanni
2105 2532 2151 2569 de

443 2608 606 2654 Nevill',
645 2605 866 2657 justiciario
906 2618 977 2643 suo
1016 2604 1175 2648 foreste,
1217 2602 1403 2640 salutem.
1497 2598 1642 2638 Sciatis
1680 2596 1786 2646 quod
1826 2596 1873 2633 ad
1913 2594 2149 2644 petitionem

443 2671 578 2709 dilecti
617 2668 733 2707 nobis
763 2668 809 2706 A.
841 2667 976 2717 regine
1014 2668 1162 2711 nostre,
1202 2664 1265 2702 die
1303 2660 1576 2702 coronationis
1616 2664 1751 2697 nostre
1791 2661 1829 2696 et
1869 2670 1950 2703 sue,
1983 2657 2148 2706 perdon-

444 2734 601 2771 avimus
640 2731 844 2769 Willelmo
882 2730 929 2767 de
967 2726 1211 2766 Panchehal'
1253 2723 1613 2774 transgressionem
1658 2733 1779 2770 quam
1827 2719 1974 2756 dicitur
2013 2717 2151 2755 fecisse

445 2796 486 2833 in
526 2795 673 2833 foresta
710 2796 847 2831 nostra
884 2794 1044 2840 propter
1081 2802 1203 2839 quam
1248 2788 1381 2837 ipsum
1431 2784 1592 2834 cepistis
1642 2787 1680 2821 et
1729 2783 1769 2819 in
1815 2781 1977 2830 prisona
2015 2784 2152 2817 nostra

445 2857 592 2897 tenetis
648 2855 751 2905 apud
809 2854 1030 2904 Aylesbyr'.
1135 2852 1189 2889 Et
1246 2850 1333 2887 ideo
1388 2847 1500 2886 vobis
1558 2845 1800 2884 mandamus
1856 2843 1961 2892 quod
2016 2842 2150 2891 ipsum

447 2920 698 2959 Willelmum
757 2931 780 2955 a
837 2916 1000 2966 prisona
1065 2916 1203 2952 nostra
1267 2910 1495 2950 deliberetis
1559 2912 1598 2946 et
1663 2920 1740 2957 quo
1806 2905 1977 2944 voluerit
2043 2903 2151 2941 abire

447 2980 704 3032 permittatis.
793 2977 949 3017 Catalla
986 2977 1108 3015 etiam
1147 2975 1327 3025 ejusdem
1366 2970 1561 3010 willelmi
1600 2982 1675 3019 que
1714 2968 1921 3007 occasione
1973 2965 2152 3015 predicta

447 3048 565 3094 capta
595 3044 689 3081 sunt
719 3041 760 3078 in
791 3052 960 3078 manum
988 3043 1168 3076 nostram
1199 3037 1233 3075 ei
1264 3035 1373 3073 reddi
1404 3032 1574 3072 faciatis.
1670 3031 1786 3068 Teste
1817 3042 1905 3076 rege
1936 3031 1979 3065 ut
2019 3039 2151 3075 supra.

556 3133 634 3168 Pro
686 3130 841 3166 Ilohert«)
888 3129 930 3163 «le
978 3122 1389 3173 [ΗΜΛ-3011611116
1437 3121 1484 3158 de
1532 3119 1680 3169 Heyles
1727 3130 1845 3167 quem
1898 3129 1964 3153 rex
2026 3127 2152 3162 nuper

448 3194 535 3243 capi
574 3191 749 3241 precepit
796 3194 834 3227 et
881 3189 973 3238 poni
1024 3189 1063 3224 in
1104 3187 1307 3235 prisonam
1358 3184 1461 3231 regis
1499 3195 1569 3232 pro
1617 3180 1770 3218 roberia
1799 3185 1836 3216 et
1876 3176 2151 3215 vulneratione

449 3258 555 3295 facta
620 3254 771 3291 Thome
837 3251 884 3289 (16
950 3250 1171 3299 Sprotton’,
1219 3247 1395 3286 vadletto
1459 3243 1643 3293 Magistri
1712 3240 1892 3283 (1161111111,
1961 3237 2155 3276 satisfecit

448 3319 577 3357 eidem
626 3316 779 3353 Thome
826 3314 873 3351 de
920 3312 1097 3362 predicta
1144 3310 1299 3349 roberia
1345 3312 1383 3346 et
1431 3305 1723 3345 vulneratione.
1800 3302 1855 3340 Et
1914 3300 2152 3338 mandatum

448 3383 508 3419 est
562 3376 788 3417 vicecomiti
846 3375 960 3413 Linc’
1018 3374 1123 3423 quod
1188 3372 1321 3422 ipsum
1386 3369 1607 3407 Robertum
1665 3377 1801 3414 pacem
1861 3363 1952 3400 inde
2009 3361 2152 3399 habere

450 3441 670 3494 permittat.
758 3439 874 3476 Teste
913 3441 958 3475 ut
997 3449 1130 3486 supra.
