<?xml version="1.0" encoding="UTF-8"?>
<!DOCTYPE html PUBLIC "-//W3C//DTD XHTML 1.0 Transitional//EN"
    "http://www.w3.org/TR/xhtml1/DTD/xhtml1-transitional.dtd">
<html xmlns="http://www.w3.org/1999/xhtml" xml:lang="en" lang="en">
 <head>
  <title>
</title>
<meta http-equiv="Content-Type" content="text/html;charset=utf-8" />
  <meta name='ocr-system' content='tesseract 3.04.00' />
  <meta name='ocr-capabilities' content='ocr_page ocr_carea ocr_par ocr_line ocrx_word'/>
</head>
<body>
  <div class='ocr_page' id='page_1' title='image "./closerollsofreig03grea_0531.png"; bbox 0 0 2375 3587; ppageno 0'>
   <div class='ocr_carea' id='block_1_1' title="bbox 185 342 350 447">
    <p class='ocr_par' dir='ltr' id='par_1_1' title="bbox 185 342 350 447">
     <span class='ocr_line' id='line_1_1' title="bbox 200 342 342 390; baseline 0 -2"><span class='ocrx_word' id='word_1_1' title='bbox 200 342 342 390; x_wconf 70' lang='lat'><strong>1237.</strong></span> 
     </span>
     <span class='ocr_line' id='line_1_2' title="bbox 185 408 350 447; baseline -0.012 -7"><span class='ocrx_word' id='word_1_2' title='bbox 185 410 246 447; x_wconf 88' lang='lat' dir='ltr'>[m.</span> <span class='ocrx_word' id='word_1_3' title='bbox 260 408 350 446; x_wconf 64' lang='lat' dir='ltr'>wa]</span> 
     </span>
    </p>
   </div>
   <div class='ocr_carea' id='block_1_2' title="bbox 1068 213 2136 254">
    <p class='ocr_par' dir='ltr' id='par_1_2' title="bbox 1068 213 2136 254">
     <span class='ocr_line' id='line_1_3' title="bbox 1068 213 2136 254; baseline 0 -1"><span class='ocrx_word' id='word_1_4' title='bbox 1068 215 1119 253; x_wconf 74' lang='lat'>21</span> <span class='ocrx_word' id='word_1_5' title='bbox 1164 213 1371 254; x_wconf 76' lang='lat' dir='ltr'>HENRY</span> <span class='ocrx_word' id='word_1_6' title='bbox 1412 214 1494 253; x_wconf 87' lang='lat' dir='ltr'>Ill.</span> <span class='ocrx_word' id='word_1_7' title='bbox 2055 214 2136 254; x_wconf 81' lang='lat'>519</span> 
     </span>
    </p>
   </div>
   <div class='ocr_carea' id='block_1_3' title="bbox 944 309 1172 313">
    <p class='ocr_par' dir='ltr' id='par_1_3' title="bbox 944 309 1172 313">
     <span class='ocr_line' id='line_1_4' title="bbox 944 309 1172 313; baseline 0 0"><span class='ocrx_word' id='word_1_8' title='bbox 944 309 1172 313; x_wconf 95' lang='lat' dir='ltr'> </span> 
     </span>
    </p>
   </div>
   <div class='ocr_carea' id='block_1_4' title="bbox 1175 309 1404 313">
    <p class='ocr_par' dir='ltr' id='par_1_4' title="bbox 1175 309 1404 313">
     <span class='ocr_line' id='line_1_5' title="bbox 1175 309 1404 313; baseline 0 0"><span class='ocrx_word' id='word_1_9' title='bbox 1175 309 1404 313; x_wconf 95' lang='lat' dir='ltr'> </span> 
     </span>
    </p>
   </div>
   <div class='ocr_carea' id='block_1_5' title="bbox 1406 309 1633 313">
    <p class='ocr_par' dir='ltr' id='par_1_5' title="bbox 1406 309 1633 313">
     <span class='ocr_line' id='line_1_6' title="bbox 1406 309 1633 313; baseline 0 0"><span class='ocrx_word' id='word_1_10' title='bbox 1406 309 1633 313; x_wconf 95' lang='lat' dir='ltr'> </span> 
     </span>
    </p>
   </div>
   <div class='ocr_carea' id='block_1_6' title="bbox 431 407 2137 1204">
    <p class='ocr_par' dir='ltr' id='par_1_6' title="bbox 431 407 2135 1015">
     <span class='ocr_line' id='line_1_7' title="bbox 434 407 2133 456; baseline 0 -12"><span class='ocrx_word' id='word_1_11' title='bbox 434 408 592 445; x_wconf 89' lang='lat' dir='ltr'>eosdem</span> <span class='ocrx_word' id='word_1_12' title='bbox 650 407 818 446; x_wconf 79' lang='lat' dir='ltr'>ballivos</span> <span class='ocrx_word' id='word_1_13' title='bbox 874 408 920 445; x_wconf 88' lang='lat' dir='ltr'>de</span> <span class='ocrx_word' id='word_1_14' title='bbox 977 421 1021 445; x_wconf 82' lang='lat' dir='ltr'>eo</span> <span class='ocrx_word' id='word_1_15' title='bbox 1077 408 1181 456; x_wconf 86' lang='lat' dir='ltr'>quod</span> <span class='ocrx_word' id='word_1_16' title='bbox 1238 407 1314 456; x_wconf 90' lang='lat' dir='ltr'>ipsi</span> <span class='ocrx_word' id='word_1_17' title='bbox 1370 407 1506 445; x_wconf 77' lang='lat' dir='ltr'>ballivi</span> <span class='ocrx_word' id='word_1_18' title='bbox 1563 420 1643 444; x_wconf 87' lang='lat' dir='ltr'>non</span> <span class='ocrx_word' id='word_1_19' title='bbox 1702 408 1948 456; x_wconf 72' lang='lat' dir='ltr'>distringant</span> <span class='ocrx_word' id='word_1_20' title='bbox 2006 407 2133 455; x_wconf 85' lang='lat' dir='ltr'>ipsam</span> 
     </span>
     <span class='ocr_line' id='line_1_8' title="bbox 434 469 2132 513; baseline 0 -7"><span class='ocrx_word' id='word_1_21' title='bbox 434 469 617 508; x_wconf 76' lang='lat' dir='ltr'>Gratiam</span> <span class='ocrx_word' id='word_1_22' title='bbox 668 471 717 508; x_wconf 92' lang='lat' dir='ltr'>ad</span> <span class='ocrx_word' id='word_1_23' title='bbox 766 470 998 508; x_wconf 78' lang='lat' dir='ltr'>faciendum</span> <span class='ocrx_word' id='word_1_24' title='bbox 1049 470 1104 508; x_wconf 90' lang='lat' dir='ltr'>eis</span> <span class='ocrx_word' id='word_1_25' title='bbox 1153 470 1465 508; x_wconf 84' lang='lat' dir='ltr'>consuetudines</span> <span class='ocrx_word' id='word_1_26' title='bbox 1518 469 1579 506; x_wconf 76' lang='lat' dir='ltr'>vel</span> <span class='ocrx_word' id='word_1_27' title='bbox 1628 470 1795 507; x_wconf 80' lang='lat' dir='ltr'>servicia</span> <span class='ocrx_word' id='word_1_28' title='bbox 1845 473 1947 513; x_wconf 86' lang='lat' dir='ltr'>etc.;</span> <span class='ocrx_word' id='word_1_29' title='bbox 1997 471 2035 506; x_wconf 83' lang='lat' dir='ltr'>et</span> <span class='ocrx_word' id='word_1_30' title='bbox 2092 469 2132 505; x_wconf 89' lang='lat' dir='ltr'>in</span> 
     </span>
     <span class='ocr_line' id='line_1_9' title="bbox 432 529 2132 581; baseline 0 -14"><span class='ocrx_word' id='word_1_31' title='bbox 432 530 589 580; x_wconf 78' lang='lat' dir='ltr'>loquela</span> <span class='ocrx_word' id='word_1_32' title='bbox 645 545 720 581; x_wconf 88' lang='lat' dir='ltr'>que</span> <span class='ocrx_word' id='word_1_33' title='bbox 778 534 837 570; x_wconf 90' lang='lat' dir='ltr'>est</span> <span class='ocrx_word' id='word_1_34' title='bbox 894 532 934 568; x_wconf 92' lang='lat' dir='ltr'>in</span> <span class='ocrx_word' id='word_1_35' title='bbox 993 532 1189 570; x_wconf 89' lang='lat' dir='ltr'>comitatu</span> <span class='ocrx_word' id='word_1_36' title='bbox 1247 532 1429 569; x_wconf 84' lang='lat' dir='ltr'>Lincoln&#39;</span> <span class='ocrx_word' id='word_1_37' title='bbox 1484 532 1530 569; x_wconf 85' lang='lat' dir='ltr'>de</span> <span class='ocrx_word' id='word_1_38' title='bbox 1578 544 1623 569; x_wconf 90' lang='lat' dir='ltr'>eo</span> <span class='ocrx_word' id='word_1_39' title='bbox 1674 532 1779 580; x_wconf 85' lang='lat' dir='ltr'>quod</span> <span class='ocrx_word' id='word_1_40' title='bbox 1838 532 1960 580; x_wconf 77' lang='lat' dir='ltr'>Hugo</span> <span class='ocrx_word' id='word_1_41' title='bbox 2018 529 2132 567; x_wconf 77' lang='lat' dir='ltr'>Wak’</span> 
     </span>
     <span class='ocr_line' id='line_1_10' title="bbox 431 593 2135 643; baseline -0.001 -12"><span class='ocrx_word' id='word_1_42' title='bbox 431 594 777 643; x_wconf 73' lang='lat' dir='ltr'>acquietetipsani</span> <span class='ocrx_word' id='word_1_43' title='bbox 820 595 1003 632; x_wconf 80' lang='lat' dir='ltr'>Gratiam</span> <span class='ocrx_word' id='word_1_44' title='bbox 1042 595 1089 632; x_wconf 89' lang='lat' dir='ltr'>de</span> <span class='ocrx_word' id='word_1_45' title='bbox 1137 594 1303 632; x_wconf 84' lang='lat' dir='ltr'>servicio</span> <span class='ocrx_word' id='word_1_46' title='bbox 1351 594 1455 642; x_wconf 88' lang='lat' dir='ltr'>quod</span> <span class='ocrx_word' id='word_1_47' title='bbox 1505 593 1685 631; x_wconf 72' lang='lat' dir='ltr'>Hawisia</span> <span class='ocrx_word' id='word_1_48' title='bbox 1723 594 1770 630; x_wconf 80' lang='lat' dir='ltr'>de</span> <span class='ocrx_word' id='word_1_49' title='bbox 1809 594 1972 643; x_wconf 83' lang='lat' dir='ltr'>Quency</span> <span class='ocrx_word' id='word_1_50' title='bbox 2012 593 2135 641; x_wconf 74' lang='lat' dir='ltr'>exigit</span> 
     </span>
     <span class='ocr_line' id='line_1_11' title="bbox 431 655 2133 705; baseline -0.001 -11"><span class='ocrx_word' id='word_1_51' title='bbox 431 656 479 694; x_wconf 82' lang='lat' dir='ltr'>ab</span> <span class='ocrx_word' id='word_1_52' title='bbox 532 670 577 694; x_wconf 86' lang='lat' dir='ltr'>ea</span> <span class='ocrx_word' id='word_1_53' title='bbox 631 657 677 694; x_wconf 88' lang='lat' dir='ltr'>de</span> <span class='ocrx_word' id='word_1_54' title='bbox 726 657 850 695; x_wconf 91' lang='lat' dir='ltr'>libero</span> <span class='ocrx_word' id='word_1_55' title='bbox 906 660 1139 694; x_wconf 71' lang='lat' dir='ltr'>tenemento</span> <span class='ocrx_word' id='word_1_56' title='bbox 1196 657 1300 705; x_wconf 86' lang='lat' dir='ltr'>quod</span> <span class='ocrx_word' id='word_1_57' title='bbox 1357 657 1405 693; x_wconf 84' lang='lat' dir='ltr'>de</span> <span class='ocrx_word' id='word_1_58' title='bbox 1461 656 1638 705; x_wconf 86' lang='lat' dir='ltr'>predicto</span> <span class='ocrx_word' id='word_1_59' title='bbox 1696 655 1869 703; x_wconf 68' lang='lat' dir='ltr'>Hugone</span> <span class='ocrx_word' id='word_1_60' title='bbox 1926 657 2036 693; x_wconf 86' lang='lat' dir='ltr'>tenet</span> <span class='ocrx_word' id='word_1_61' title='bbox 2092 655 2133 692; x_wconf 87' lang='lat' dir='ltr'>in</span> 
     </span>
     <span class='ocr_line' id='line_1_12' title="bbox 433 716 2133 767; baseline -0.002 -11"><span class='ocrx_word' id='word_1_62' title='bbox 433 719 667 761; x_wconf 84' lang='lat' dir='ltr'>Glentham‚</span> <span class='ocrx_word' id='word_1_63' title='bbox 710 719 958 756; x_wconf 83' lang='lat' dir='ltr'>Damintone</span> <span class='ocrx_word' id='word_1_64' title='bbox 1010 721 1049 756; x_wconf 89' lang='lat' dir='ltr'>et</span> <span class='ocrx_word' id='word_1_65' title='bbox 1103 719 1142 755; x_wconf 87' lang='lat' dir='ltr'>in</span> <span class='ocrx_word' id='word_1_66' title='bbox 1193 718 1473 767; x_wconf 65' lang='lat' dir='ltr'>Hemingeby3</span> <span class='ocrx_word' id='word_1_67' title='bbox 1514 720 1552 754; x_wconf 83' lang='lat' dir='ltr'>et</span> <span class='ocrx_word' id='word_1_68' title='bbox 1592 717 1632 754; x_wconf 90' lang='lat' dir='ltr'>in</span> <span class='ocrx_word' id='word_1_69' title='bbox 1672 717 1830 765; x_wconf 84' lang='lat' dir='ltr'>loquela</span> <span class='ocrx_word' id='word_1_70' title='bbox 1868 729 1943 765; x_wconf 80' lang='lat' dir='ltr'>que</span> <span class='ocrx_word' id='word_1_71' title='bbox 1995 719 2053 753; x_wconf 82' lang='lat' dir='ltr'>est</span> <span class='ocrx_word' id='word_1_72' title='bbox 2092 716 2133 753; x_wconf 91' lang='lat' dir='ltr'>in</span> 
     </span>
     <span class='ocr_line' id='line_1_13' title="bbox 431 777 2135 829; baseline -0.002 -11"><span class='ocrx_word' id='word_1_73' title='bbox 431 781 569 818; x_wconf 85' lang='lat' dir='ltr'>eodem</span> <span class='ocrx_word' id='word_1_74' title='bbox 626 781 822 818; x_wconf 84' lang='lat' dir='ltr'>comitatu</span> <span class='ocrx_word' id='word_1_75' title='bbox 877 781 983 818; x_wconf 87' lang='lat' dir='ltr'>inter</span> <span class='ocrx_word' id='word_1_76' title='bbox 1039 781 1166 829; x_wconf 87' lang='lat' dir='ltr'>ipsam</span> <span class='ocrx_word' id='word_1_77' title='bbox 1226 780 1409 817; x_wconf 84' lang='lat' dir='ltr'>Gratiam</span> <span class='ocrx_word' id='word_1_78' title='bbox 1467 783 1506 816; x_wconf 83' lang='lat' dir='ltr'>et</span> <span class='ocrx_word' id='word_1_79' title='bbox 1562 779 1735 827; x_wconf 76' lang='lat' dir='ltr'>priorem</span> <span class='ocrx_word' id='word_1_80' title='bbox 1796 778 1842 815; x_wconf 84' lang='lat' dir='ltr'>de</span> <span class='ocrx_word' id='word_1_81' title='bbox 1911 777 2032 815; x_wconf 69' lang='lat' dir='ltr'>Sixel&#39;</span> <span class='ocrx_word' id='word_1_82' title='bbox 2088 778 2135 814; x_wconf 86' lang='lat' dir='ltr'>de</span> 
     </span>
     <span class='ocr_line' id='line_1_14' title="bbox 431 840 2135 892; baseline -0.002 -12"><span class='ocrx_word' id='word_1_83' title='bbox 431 843 757 880; x_wconf 86' lang='lat' dir='ltr'>amensuratione</span> <span class='ocrx_word' id='word_1_84' title='bbox 796 846 957 891; x_wconf 87' lang='lat' dir='ltr'>pasture</span> <span class='ocrx_word' id='word_1_85' title='bbox 994 842 1035 879; x_wconf 90' lang='lat' dir='ltr'>in</span> <span class='ocrx_word' id='word_1_86' title='bbox 1076 842 1277 892; x_wconf 71' lang='lat' dir='ltr'>Heynton&#39;</span> <span class='ocrx_word' id='word_1_87' title='bbox 1317 844 1356 879; x_wconf 86' lang='lat' dir='ltr'>et</span> <span class='ocrx_word' id='word_1_88' title='bbox 1395 842 1436 878; x_wconf 88' lang='lat' dir='ltr'>in</span> <span class='ocrx_word' id='word_1_89' title='bbox 1488 840 1658 890; x_wconf 79' lang='lat' dir='ltr'>Saleby;</span> <span class='ocrx_word' id='word_1_90' title='bbox 1708 843 1746 878; x_wconf 89' lang='lat' dir='ltr'>et</span> <span class='ocrx_word' id='word_1_91' title='bbox 1785 840 1825 876; x_wconf 90' lang='lat' dir='ltr'>in</span> <span class='ocrx_word' id='word_1_92' title='bbox 1867 840 2024 888; x_wconf 78' lang='lat' dir='ltr'>loquela</span> <span class='ocrx_word' id='word_1_93' title='bbox 2061 852 2135 889; x_wconf 84' lang='lat' dir='ltr'>que</span> 
     </span>
     <span class='ocr_line' id='line_1_15' title="bbox 431 901 2134 951; baseline -0.003 -8"><span class='ocrx_word' id='word_1_94' title='bbox 431 908 490 943; x_wconf 82' lang='lat' dir='ltr'>est</span> <span class='ocrx_word' id='word_1_95' title='bbox 529 905 571 942; x_wconf 89' lang='lat' dir='ltr'>in</span> <span class='ocrx_word' id='word_1_96' title='bbox 611 905 749 943; x_wconf 86' lang='lat' dir='ltr'>eodem</span> <span class='ocrx_word' id='word_1_97' title='bbox 789 905 984 943; x_wconf 82' lang='lat' dir='ltr'>comitatu</span> <span class='ocrx_word' id='word_1_98' title='bbox 1023 905 1128 942; x_wconf 84' lang='lat' dir='ltr'>inter</span> <span class='ocrx_word' id='word_1_99' title='bbox 1166 904 1334 942; x_wconf 85' lang='lat' dir='ltr'>eandem</span> <span class='ocrx_word' id='word_1_100' title='bbox 1378 903 1563 942; x_wconf 83' lang='lat' dir='ltr'>Gratiam</span> <span class='ocrx_word' id='word_1_101' title='bbox 1611 906 1649 940; x_wconf 84' lang='lat' dir='ltr'>et</span> <span class='ocrx_word' id='word_1_102' title='bbox 1698 901 1921 951; x_wconf 84' lang='lat' dir='ltr'>predictum</span> <span class='ocrx_word' id='word_1_103' title='bbox 1963 901 2134 950; x_wconf 79' lang='lat' dir='ltr'>priorem</span> 
     </span>
     <span class='ocr_line' id='line_1_16' title="bbox 431 966 1894 1015; baseline -0.003 -10"><span class='ocrx_word' id='word_1_104' title='bbox 431 967 478 1005; x_wconf 89' lang='lat' dir='ltr'>de</span> <span class='ocrx_word' id='word_1_105' title='bbox 516 967 645 1005; x_wconf 89' lang='lat' dir='ltr'>tribus</span> <span class='ocrx_word' id='word_1_106' title='bbox 684 967 786 1005; x_wconf 86' lang='lat' dir='ltr'>acris</span> <span class='ocrx_word' id='word_1_107' title='bbox 825 972 927 1005; x_wconf 87' lang='lat' dir='ltr'>terre</span> <span class='ocrx_word' id='word_1_108' title='bbox 966 967 1007 1003; x_wconf 89' lang='lat' dir='ltr'>in</span> <span class='ocrx_word' id='word_1_109' title='bbox 1048 966 1315 1015; x_wconf 74' lang='lat' dir='ltr'>Tharestorp&#39;.</span> <span class='ocrx_word' id='word_1_110' title='bbox 1390 966 1508 1003; x_wconf 82' lang='lat' dir='ltr'>Teste</span> <span class='ocrx_word' id='word_1_111' title='bbox 1547 978 1636 1014; x_wconf 76' lang='lat' dir='ltr'>rege</span> <span class='ocrx_word' id='word_1_112' title='bbox 1676 967 1720 1001; x_wconf 87' lang='lat' dir='ltr'>ut</span> <span class='ocrx_word' id='word_1_113' title='bbox 1760 976 1894 1012; x_wconf 88' lang='lat' dir='ltr'>supra.</span> 
     </span>
    </p>

    <p class='ocr_par' dir='ltr' id='par_1_7' title="bbox 432 1025 2137 1204">
     <span class='ocr_line' id='line_1_17' title="bbox 540 1025 2135 1078; baseline -0.003 -12"><span class='ocrx_word' id='word_1_114' title='bbox 540 1029 653 1067; x_wconf 83' lang='lat' dir='ltr'>Idem</span> <span class='ocrx_word' id='word_1_115' title='bbox 702 1029 809 1078; x_wconf 89' lang='lat' dir='ltr'>prior</span> <span class='ocrx_word' id='word_1_116' title='bbox 856 1029 1078 1067; x_wconf 70' lang='lat' dir='ltr'>attornavit</span> <span class='ocrx_word' id='word_1_117' title='bbox 1126 1029 1212 1066; x_wconf 94' lang='grc'>1000</span> <span class='ocrx_word' id='word_1_118' title='bbox 1260 1041 1331 1066; x_wconf 90' lang='grc'>0110</span> <span class='ocrx_word' id='word_1_119' title='bbox 1372 1027 1592 1065; x_wconf 79' lang='lat' dir='ltr'>Unfridum</span> <span class='ocrx_word' id='word_1_120' title='bbox 1631 1026 1678 1064; x_wconf 92' lang='lat' dir='ltr'>de</span> <span class='ocrx_word' id='word_1_121' title='bbox 1723 1025 1855 1071; x_wconf 79' lang='lat' dir='ltr'>Sixel’‚</span> <span class='ocrx_word' id='word_1_122' title='bbox 1896 1025 2135 1063; x_wconf 85' lang='lat' dir='ltr'>canonicum</span> 
     </span>
     <span class='ocr_line' id='line_1_18' title="bbox 432 1087 2137 1141; baseline -0.004 -11"><span class='ocrx_word' id='word_1_123' title='bbox 432 1105 564 1138; x_wconf 85' lang='lat' dir='ltr'>suum,</span> <span class='ocrx_word' id='word_1_124' title='bbox 605 1092 647 1129; x_wconf 85' lang='lat' dir='ltr'>in</span> <span class='ocrx_word' id='word_1_125' title='bbox 686 1092 844 1141; x_wconf 79' lang='lat' dir='ltr'>loquela</span> <span class='ocrx_word' id='word_1_126' title='bbox 881 1104 957 1141; x_wconf 87' lang='lat' dir='ltr'>que</span> <span class='ocrx_word' id='word_1_127' title='bbox 995 1095 1054 1129; x_wconf 88' lang='lat' dir='ltr'>est</span> <span class='ocrx_word' id='word_1_128' title='bbox 1094 1091 1135 1128; x_wconf 91' lang='lat' dir='ltr'>in</span> <span class='ocrx_word' id='word_1_129' title='bbox 1175 1091 1313 1129; x_wconf 82' lang='lat' dir='ltr'>eodem</span> <span class='ocrx_word' id='word_1_130' title='bbox 1351 1090 1546 1128; x_wconf 84' lang='lat' dir='ltr'>comitatu</span> <span class='ocrx_word' id='word_1_131' title='bbox 1586 1089 1692 1126; x_wconf 89' lang='lat' dir='ltr'>inter</span> <span class='ocrx_word' id='word_1_132' title='bbox 1737 1088 1906 1126; x_wconf 86' lang='lat' dir='ltr'>eandem</span> <span class='ocrx_word' id='word_1_133' title='bbox 1955 1087 2137 1125; x_wconf 84' lang='lat' dir='ltr'>Gratiam</span> 
     </span>
     <span class='ocr_line' id='line_1_19' title="bbox 433 1151 2072 1204; baseline -0.004 -12"><span class='ocrx_word' id='word_1_134' title='bbox 433 1158 471 1192; x_wconf 88' lang='lat' dir='ltr'>et</span> <span class='ocrx_word' id='word_1_135' title='bbox 510 1154 644 1204; x_wconf 88' lang='lat' dir='ltr'>ipsum</span> <span class='ocrx_word' id='word_1_136' title='bbox 683 1155 730 1192; x_wconf 90' lang='lat' dir='ltr'>de</span> <span class='ocrx_word' id='word_1_137' title='bbox 769 1154 828 1204; x_wconf 86' lang='lat' dir='ltr'>iij.</span> <span class='ocrx_word' id='word_1_138' title='bbox 869 1153 970 1192; x_wconf 88' lang='lat' dir='ltr'>acris</span> <span class='ocrx_word' id='word_1_139' title='bbox 1010 1156 1113 1191; x_wconf 90' lang='lat' dir='ltr'>terre</span> <span class='ocrx_word' id='word_1_140' title='bbox 1152 1154 1193 1190; x_wconf 89' lang='lat' dir='ltr'>in</span> <span class='ocrx_word' id='word_1_141' title='bbox 1234 1153 1506 1201; x_wconf 84' lang='lat' dir='ltr'>Tharestorp’.</span> <span class='ocrx_word' id='word_1_142' title='bbox 1567 1151 1685 1189; x_wconf 83' lang='lat' dir='ltr'>Teste</span> <span class='ocrx_word' id='word_1_143' title='bbox 1725 1163 1815 1200; x_wconf 81' lang='lat' dir='ltr'>rege</span> <span class='ocrx_word' id='word_1_144' title='bbox 1854 1154 1899 1188; x_wconf 87' lang='lat' dir='ltr'>ut</span> <span class='ocrx_word' id='word_1_145' title='bbox 1939 1163 2072 1199; x_wconf 87' lang='lat' dir='ltr'>supra.</span> 
     </span>
    </p>
   </div>
   <div class='ocr_carea' id='block_1_7' title="bbox 434 1252 2140 1556">
    <p class='ocr_par' dir='ltr' id='par_1_8' title="bbox 434 1252 2140 1556">
     <span class='ocr_line' id='line_1_20' title="bbox 541 1252 2137 1296; baseline -0.004 0"><span class='ocrx_word' id='word_1_146' title='bbox 541 1257 674 1296; x_wconf 84' lang='lat' dir='ltr'>Abbas</span> <span class='ocrx_word' id='word_1_147' title='bbox 721 1258 768 1295; x_wconf 89' lang='lat' dir='ltr'>de</span> <span class='ocrx_word' id='word_1_148' title='bbox 816 1258 984 1295; x_wconf 83' lang='lat' dir='ltr'>Burton&#39;</span> <span class='ocrx_word' id='word_1_149' title='bbox 1034 1256 1255 1295; x_wconf 84' lang='lat' dir='ltr'>attornavit</span> <span class='ocrx_word' id='word_1_150' title='bbox 1301 1256 1387 1294; x_wconf 93' lang='grc'>1000</span> <span class='ocrx_word' id='word_1_151' title='bbox 1427 1269 1498 1293; x_wconf 88' lang='grc'>0110</span> <span class='ocrx_word' id='word_1_152' title='bbox 1538 1255 1790 1293; x_wconf 85' lang='lat' dir='ltr'>Willelmum</span> <span class='ocrx_word' id='word_1_153' title='bbox 1831 1254 1877 1292; x_wconf 87' lang='lat' dir='ltr'>de</span> <span class='ocrx_word' id='word_1_154' title='bbox 1915 1252 2137 1292; x_wconf 84' lang='lat' dir='ltr'>Esseburn&#39;</span> 
     </span>
     <span class='ocr_line' id='line_1_21' title="bbox 435 1315 2139 1368; baseline -0.003 -10"><span class='ocrx_word' id='word_1_155' title='bbox 435 1321 484 1358; x_wconf 88' lang='lat' dir='ltr'>ad</span> <span class='ocrx_word' id='word_1_156' title='bbox 541 1320 781 1358; x_wconf 85' lang='lat' dir='ltr'>lucrandum</span> <span class='ocrx_word' id='word_1_157' title='bbox 837 1320 900 1357; x_wconf 71' lang='lat' dir='ltr'>vel</span> <span class='ocrx_word' id='word_1_158' title='bbox 955 1319 1202 1368; x_wconf 86' lang='lat' dir='ltr'>perdendum</span> <span class='ocrx_word' id='word_1_159' title='bbox 1259 1319 1301 1355; x_wconf 90' lang='lat' dir='ltr'>in</span> <span class='ocrx_word' id='word_1_160' title='bbox 1366 1318 1524 1367; x_wconf 85' lang='lat' dir='ltr'>loquela</span> <span class='ocrx_word' id='word_1_161' title='bbox 1582 1330 1657 1367; x_wconf 90' lang='lat' dir='ltr'>que</span> <span class='ocrx_word' id='word_1_162' title='bbox 1713 1320 1774 1355; x_wconf 86' lang='lat' dir='ltr'>est</span> <span class='ocrx_word' id='word_1_163' title='bbox 1832 1317 1874 1354; x_wconf 87' lang='lat' dir='ltr'>in</span> <span class='ocrx_word' id='word_1_164' title='bbox 1941 1315 2139 1355; x_wconf 87' lang='lat' dir='ltr'>comitatu</span> 
     </span>
     <span class='ocr_line' id='line_1_22' title="bbox 437 1377 2140 1429; baseline -0.004 -9"><span class='ocrx_word' id='word_1_165' title='bbox 437 1382 625 1421; x_wconf 80' lang='lat' dir='ltr'>Stafford’</span> <span class='ocrx_word' id='word_1_166' title='bbox 675 1383 721 1420; x_wconf 89' lang='grc'>(10</span> <span class='ocrx_word' id='word_1_167' title='bbox 769 1381 1128 1420; x_wconf 84' lang='lat' dir='ltr'>consuetudinibus</span> <span class='ocrx_word' id='word_1_168' title='bbox 1177 1383 1215 1418; x_wconf 89' lang='lat' dir='ltr'>et</span> <span class='ocrx_word' id='word_1_169' title='bbox 1263 1380 1438 1418; x_wconf 84' lang='lat' dir='ltr'>serviciis</span> <span class='ocrx_word' id='word_1_170' title='bbox 1484 1392 1559 1429; x_wconf 88' lang='lat' dir='ltr'>que</span> <span class='ocrx_word' id='word_1_171' title='bbox 1608 1379 1713 1416; x_wconf 85' lang='lat' dir='ltr'>idem</span> <span class='ocrx_word' id='word_1_172' title='bbox 1762 1377 1883 1416; x_wconf 86' lang='lat' dir='ltr'>abbas</span> <span class='ocrx_word' id='word_1_173' title='bbox 1921 1377 2044 1426; x_wconf 82' lang='lat' dir='ltr'>exigit</span> <span class='ocrx_word' id='word_1_174' title='bbox 2091 1378 2140 1415; x_wconf 89' lang='grc'>(10</span> 
     </span>
     <span class='ocr_line' id='line_1_23' title="bbox 435 1439 2139 1492; baseline -0.003 -10"><span class='ocrx_word' id='word_1_175' title='bbox 435 1445 609 1483; x_wconf 86' lang='lat' dir='ltr'>Roberto</span> <span class='ocrx_word' id='word_1_176' title='bbox 656 1444 703 1482; x_wconf 90' lang='lat' dir='ltr'>de</span> <span class='ocrx_word' id='word_1_177' title='bbox 750 1444 788 1481; x_wconf 89' lang='lat' dir='ltr'>la</span> <span class='ocrx_word' id='word_1_178' title='bbox 836 1444 946 1482; x_wconf 85' lang='lat' dir='ltr'>More</span> <span class='ocrx_word' id='word_1_179' title='bbox 993 1447 1031 1481; x_wconf 89' lang='lat' dir='ltr'>et</span> <span class='ocrx_word' id='word_1_180' title='bbox 1078 1442 1320 1492; x_wconf 86' lang='lat' dir='ltr'>quibusdam</span> <span class='ocrx_word' id='word_1_181' title='bbox 1360 1442 1450 1479; x_wconf 85' lang='lat' dir='ltr'>aliis</span> <span class='ocrx_word' id='word_1_182' title='bbox 1490 1441 1531 1478; x_wconf 91' lang='lat' dir='ltr'>in</span> <span class='ocrx_word' id='word_1_183' title='bbox 1571 1441 1678 1479; x_wconf 83' lang='lat' dir='ltr'>brevi</span> <span class='ocrx_word' id='word_1_184' title='bbox 1719 1440 1935 1479; x_wconf 81' lang='lat' dir='ltr'>contentis.</span> <span class='ocrx_word' id='word_1_185' title='bbox 2023 1439 2139 1477; x_wconf 83' lang='lat' dir='ltr'>Teste</span> 
     </span>
     <span class='ocr_line' id='line_1_24' title="bbox 434 1504 1598 1556; baseline -0.004 -11"><span class='ocrx_word' id='word_1_186' title='bbox 434 1520 524 1556; x_wconf 81' lang='lat' dir='ltr'>rege</span> <span class='ocrx_word' id='word_1_187' title='bbox 563 1507 667 1555; x_wconf 86' lang='lat' dir='ltr'>apud</span> <span class='ocrx_word' id='word_1_188' title='bbox 708 1505 1127 1551; x_wconf 84' lang='lat' dir='ltr'>Westmonasterium,</span> <span class='ocrx_word' id='word_1_189' title='bbox 1168 1518 1260 1542; x_wconf 76' lang='lat' dir='ltr'>xxx.</span> <span class='ocrx_word' id='word_1_190' title='bbox 1300 1504 1363 1542; x_wconf 86' lang='lat' dir='ltr'>die</span> <span class='ocrx_word' id='word_1_191' title='bbox 1401 1504 1598 1541; x_wconf 85' lang='lat' dir='ltr'>Januarii.</span> 
     </span>
    </p>
   </div>
   <div class='ocr_carea' id='block_1_8' title="bbox 434 1605 2141 1837">
    <p class='ocr_par' dir='ltr' id='par_1_9' title="bbox 434 1605 2141 1837">
     <span class='ocr_line' id='line_1_25' title="bbox 541 1605 2139 1656; baseline -0.004 -8"><span class='ocrx_word' id='word_1_192' title='bbox 541 1611 783 1648; x_wconf 84' lang='lat' dir='ltr'>Mandatum</span> <span class='ocrx_word' id='word_1_193' title='bbox 822 1613 881 1647; x_wconf 83' lang='lat' dir='ltr'>est</span> <span class='ocrx_word' id='word_1_194' title='bbox 928 1608 1153 1647; x_wconf 68' lang='lat' dir='ltr'>vicecomiti</span> <span class='ocrx_word' id='word_1_195' title='bbox 1193 1609 1344 1646; x_wconf 78' lang='lat' dir='ltr'>Oxonie</span> <span class='ocrx_word' id='word_1_196' title='bbox 1383 1607 1488 1656; x_wconf 87' lang='lat' dir='ltr'>quod</span> <span class='ocrx_word' id='word_1_197' title='bbox 1523 1606 1732 1644; x_wconf 80' lang='lat' dir='ltr'>Johannes</span> <span class='ocrx_word' id='word_1_198' title='bbox 1776 1605 1823 1643; x_wconf 85' lang='lat' dir='ltr'>de</span> <span class='ocrx_word' id='word_1_199' title='bbox 1859 1605 1987 1655; x_wconf 88' lang='lat' dir='ltr'>Curcy</span> <span class='ocrx_word' id='word_1_200' title='bbox 2020 1618 2139 1654; x_wconf 86' lang='lat' dir='ltr'>quem</span> 
     </span>
     <span class='ocr_line' id='line_1_26' title="bbox 435 1668 2141 1720; baseline -0.004 -8"><span class='ocrx_word' id='word_1_201' title='bbox 435 1674 572 1712; x_wconf 87' lang='lat' dir='ltr'>ballivi</span> <span class='ocrx_word' id='word_1_202' title='bbox 612 1673 765 1712; x_wconf 80' lang='lat' dir='ltr'>Oxonie</span> <span class='ocrx_word' id='word_1_203' title='bbox 803 1673 838 1710; x_wconf 90' lang='lat' dir='ltr'>ei</span> <span class='ocrx_word' id='word_1_204' title='bbox 876 1671 1106 1710; x_wconf 87' lang='lat' dir='ltr'>liberabunt</span> <span class='ocrx_word' id='word_1_205' title='bbox 1154 1671 1320 1720; x_wconf 87' lang='lat' dir='ltr'>recipiat</span> <span class='ocrx_word' id='word_1_206' title='bbox 1358 1674 1396 1708; x_wconf 85' lang='lat' dir='ltr'>et</span> <span class='ocrx_word' id='word_1_207' title='bbox 1435 1671 1568 1719; x_wconf 89' lang='lat' dir='ltr'>ipsum</span> <span class='ocrx_word' id='word_1_208' title='bbox 1619 1669 1729 1707; x_wconf 74' lang='lat' dir='ltr'>salvo</span> <span class='ocrx_word' id='word_1_209' title='bbox 1778 1668 1972 1706; x_wconf 84' lang='lat' dir='ltr'>custodiri</span> <span class='ocrx_word' id='word_1_210' title='bbox 2020 1668 2141 1706; x_wconf 75' lang='lat' dir='ltr'>faciat</span> 
     </span>
     <span class='ocr_line' id='line_1_27' title="bbox 434 1730 2139 1786; baseline -0.004 -12"><span class='ocrx_word' id='word_1_211' title='bbox 434 1737 477 1774; x_wconf 89' lang='lat' dir='ltr'>in</span> <span class='ocrx_word' id='word_1_212' title='bbox 515 1736 678 1786; x_wconf 86' lang='lat' dir='ltr'>prisona</span> <span class='ocrx_word' id='word_1_213' title='bbox 720 1735 842 1773; x_wconf 77' lang='lat' dir='ltr'>castri</span> <span class='ocrx_word' id='word_1_214' title='bbox 887 1734 1054 1772; x_wconf 75' lang='lat' dir='ltr'>Oxonie.</span> <span class='ocrx_word' id='word_1_215' title='bbox 1127 1734 1244 1771; x_wconf 83' lang='lat' dir='ltr'>Teste</span> <span class='ocrx_word' id='word_1_216' title='bbox 1282 1745 1372 1782; x_wconf 81' lang='lat' dir='ltr'>rege</span> <span class='ocrx_word' id='word_1_217' title='bbox 1420 1732 1525 1781; x_wconf 86' lang='lat' dir='ltr'>apud</span> <span class='ocrx_word' id='word_1_218' title='bbox 1574 1730 1997 1776; x_wconf 83' lang='lat' dir='ltr'>Westmonasterium‚</span> <span class='ocrx_word' id='word_1_219' title='bbox 2047 1743 2139 1768; x_wconf 82' lang='lat' dir='ltr'>xxx.</span> 
     </span>
     <span class='ocr_line' id='line_1_28' title="bbox 435 1798 734 1837; baseline -0.007 0"><span class='ocrx_word' id='word_1_220' title='bbox 435 1799 497 1837; x_wconf 89' lang='lat' dir='ltr'>die</span> <span class='ocrx_word' id='word_1_221' title='bbox 536 1798 734 1836; x_wconf 81' lang='lat' dir='ltr'>Januarii.</span> 
     </span>
    </p>
   </div>
   <div class='ocr_carea' id='block_1_9' title="bbox 434 1862 2141 1981">
    <p class='ocr_par' dir='ltr' id='par_1_10' title="bbox 434 1862 2141 1981">
     <span class='ocr_line' id='line_1_29' title="bbox 542 1862 2141 1914; baseline -0.004 -7"><span class='ocrx_word' id='word_1_222' title='bbox 542 1870 598 1908; x_wconf 86' lang='lat' dir='ltr'>Et</span> <span class='ocrx_word' id='word_1_223' title='bbox 636 1869 879 1906; x_wconf 88' lang='lat' dir='ltr'>mandatum</span> <span class='ocrx_word' id='word_1_224' title='bbox 919 1870 978 1906; x_wconf 89' lang='lat' dir='ltr'>est</span> <span class='ocrx_word' id='word_1_225' title='bbox 1016 1866 1166 1905; x_wconf 85' lang='lat' dir='ltr'>eisdem</span> <span class='ocrx_word' id='word_1_226' title='bbox 1205 1865 1364 1904; x_wconf 86' lang='lat' dir='ltr'>ballivis</span> <span class='ocrx_word' id='word_1_227' title='bbox 1402 1865 1507 1914; x_wconf 87' lang='lat' dir='ltr'>quod</span> <span class='ocrx_word' id='word_1_228' title='bbox 1542 1864 1676 1914; x_wconf 87' lang='lat' dir='ltr'>ipsum</span> <span class='ocrx_word' id='word_1_229' title='bbox 1711 1863 1944 1902; x_wconf 81' lang='lat' dir='ltr'>Johannem</span> <span class='ocrx_word' id='word_1_230' title='bbox 1979 1862 2141 1912; x_wconf 79' lang='lat' dir='ltr'>capiant</span> 
     </span>
     <span class='ocr_line' id='line_1_30' title="bbox 434 1927 1906 1981; baseline -0.005 -11"><span class='ocrx_word' id='word_1_231' title='bbox 434 1936 473 1971; x_wconf 91' lang='lat' dir='ltr'>et</span> <span class='ocrx_word' id='word_1_232' title='bbox 511 1932 643 1981; x_wconf 89' lang='lat' dir='ltr'>ipsum</span> <span class='ocrx_word' id='word_1_233' title='bbox 683 1931 853 1969; x_wconf 84' lang='lat' dir='ltr'>liberent</span> <span class='ocrx_word' id='word_1_234' title='bbox 891 1929 1070 1980; x_wconf 84' lang='lat' dir='ltr'>predicto</span> <span class='ocrx_word' id='word_1_235' title='bbox 1104 1928 1344 1967; x_wconf 79' lang='lat' dir='ltr'>vicecomiti.</span> <span class='ocrx_word' id='word_1_236' title='bbox 1402 1927 1520 1965; x_wconf 87' lang='lat' dir='ltr'>Teste</span> <span class='ocrx_word' id='word_1_237' title='bbox 1560 1939 1649 1975; x_wconf 81' lang='lat' dir='ltr'>rege</span> <span class='ocrx_word' id='word_1_238' title='bbox 1689 1928 1733 1963; x_wconf 91' lang='lat' dir='ltr'>ut</span> <span class='ocrx_word' id='word_1_239' title='bbox 1772 1939 1906 1975; x_wconf 82' lang='lat' dir='ltr'>supra.</span> 
     </span>
    </p>
   </div>
   <div class='ocr_carea' id='block_1_10' title="bbox 436 2028 2144 2202">
    <p class='ocr_par' dir='ltr' id='par_1_11' title="bbox 436 2028 2144 2202">
     <span class='ocr_line' id='line_1_31' title="bbox 546 2028 2138 2083; baseline -0.006 -9"><span class='ocrx_word' id='word_1_240' title='bbox 546 2036 788 2074; x_wconf 86' lang='lat' dir='ltr'>Mandatum</span> <span class='ocrx_word' id='word_1_241' title='bbox 835 2037 896 2072; x_wconf 90' lang='lat' dir='ltr'>est</span> <span class='ocrx_word' id='word_1_242' title='bbox 944 2033 1088 2083; x_wconf 86' lang='lat' dir='ltr'>majori</span> <span class='ocrx_word' id='word_1_243' title='bbox 1136 2035 1175 2070; x_wconf 88' lang='lat' dir='ltr'>et</span> <span class='ocrx_word' id='word_1_244' title='bbox 1222 2031 1380 2070; x_wconf 75' lang='lat' dir='ltr'>ballivis</span> <span class='ocrx_word' id='word_1_245' title='bbox 1430 2029 1583 2069; x_wconf 82' lang='lat' dir='ltr'>Oxonie</span> <span class='ocrx_word' id='word_1_246' title='bbox 1631 2029 1738 2080; x_wconf 86' lang='lat' dir='ltr'>quod</span> <span class='ocrx_word' id='word_1_247' title='bbox 1786 2028 1956 2066; x_wconf 85' lang='lat' dir='ltr'>assisam</span> <span class='ocrx_word' id='word_1_248' title='bbox 2009 2040 2138 2066; x_wconf 86' lang='lat' dir='ltr'>coram</span> 
     </span>
     <span class='ocr_line' id='line_1_32' title="bbox 436 2089 2144 2148; baseline -0.006 -11"><span class='ocrx_word' id='word_1_249' title='bbox 436 2112 526 2148; x_wconf 74' lang='lat' dir='ltr'>rege</span> <span class='ocrx_word' id='word_1_250' title='bbox 564 2098 765 2148; x_wconf 83' lang='lat' dir='ltr'>provisam</span> <span class='ocrx_word' id='word_1_251' title='bbox 805 2096 907 2146; x_wconf 86' lang='lat' dir='ltr'>apud</span> <span class='ocrx_word' id='word_1_252' title='bbox 949 2094 1179 2134; x_wconf 82' lang='lat' dir='ltr'>Wodestok’</span> <span class='ocrx_word' id='word_1_253' title='bbox 1218 2094 1265 2131; x_wconf 92' lang='lat' dir='ltr'>de</span> <span class='ocrx_word' id='word_1_254' title='bbox 1304 2106 1405 2142; x_wconf 88' lang='lat' dir='ltr'>pane</span> <span class='ocrx_word' id='word_1_255' title='bbox 1444 2095 1482 2131; x_wconf 87' lang='lat' dir='ltr'>et</span> <span class='ocrx_word' id='word_1_256' title='bbox 1530 2092 1698 2130; x_wconf 82' lang='lat' dir='ltr'>cervisia</span> <span class='ocrx_word' id='word_1_257' title='bbox 1744 2093 1783 2129; x_wconf 85' lang='lat' dir='ltr'>et</span> <span class='ocrx_word' id='word_1_258' title='bbox 1831 2091 1921 2128; x_wconf 91' lang='lat' dir='ltr'>aliis</span> <span class='ocrx_word' id='word_1_259' title='bbox 1969 2090 2011 2127; x_wconf 90' lang='lat' dir='ltr'>in</span> <span class='ocrx_word' id='word_1_260' title='bbox 2048 2089 2144 2127; x_wconf 87' lang='lat' dir='ltr'>villa</span> 
     </span>
     <span class='ocr_line' id='line_1_33' title="bbox 439 2154 2080 2202; baseline -0.006 -3"><span class='ocrx_word' id='word_1_261' title='bbox 439 2161 591 2200; x_wconf 75' lang='lat' dir='ltr'>Oxonie</span> <span class='ocrx_word' id='word_1_262' title='bbox 630 2160 795 2199; x_wconf 85' lang='lat' dir='ltr'>clamari</span> <span class='ocrx_word' id='word_1_263' title='bbox 834 2162 872 2197; x_wconf 83' lang='lat' dir='ltr'>et</span> <span class='ocrx_word' id='word_1_264' title='bbox 911 2158 1081 2196; x_wconf 87' lang='lat' dir='ltr'>firmiter</span> <span class='ocrx_word' id='word_1_265' title='bbox 1119 2156 1319 2195; x_wconf 86' lang='lat' dir='ltr'>observari</span> <span class='ocrx_word' id='word_1_266' title='bbox 1359 2155 1525 2193; x_wconf 82' lang='lat' dir='ltr'>faciant.</span> <span class='ocrx_word' id='word_1_267' title='bbox 1586 2154 1702 2192; x_wconf 84' lang='lat' dir='ltr'>Teste</span> <span class='ocrx_word' id='word_1_268' title='bbox 1742 2166 1832 2202; x_wconf 80' lang='lat' dir='ltr'>rege</span> <span class='ocrx_word' id='word_1_269' title='bbox 1864 2156 1909 2190; x_wconf 90' lang='lat' dir='ltr'>ut</span> <span class='ocrx_word' id='word_1_270' title='bbox 1948 2165 2080 2201; x_wconf 89' lang='lat' dir='ltr'>supra.</span> 
     </span>
    </p>
   </div>
   <div class='ocr_carea' id='block_1_11' title="bbox 438 2255 2144 2564">
    <p class='ocr_par' dir='ltr' id='par_1_12' title="bbox 438 2255 2144 2564">
     <span class='ocr_line' id='line_1_34' title="bbox 546 2255 2143 2308; baseline -0.006 -5"><span class='ocrx_word' id='word_1_271' title='bbox 546 2265 786 2303; x_wconf 85' lang='lat' dir='ltr'>Mandatum</span> <span class='ocrx_word' id='word_1_272' title='bbox 826 2265 885 2301; x_wconf 85' lang='lat' dir='ltr'>est</span> <span class='ocrx_word' id='word_1_273' title='bbox 923 2261 1222 2301; x_wconf 81' lang='lat' dir='ltr'>constabulario</span> <span class='ocrx_word' id='word_1_274' title='bbox 1260 2259 1380 2298; x_wconf 87' lang='lat' dir='ltr'>castri</span> <span class='ocrx_word' id='word_1_275' title='bbox 1421 2258 1575 2297; x_wconf 81' lang='lat' dir='ltr'>Oxonie</span> <span class='ocrx_word' id='word_1_276' title='bbox 1614 2258 1719 2308; x_wconf 90' lang='lat' dir='ltr'>quod</span> <span class='ocrx_word' id='word_1_277' title='bbox 1753 2270 1845 2295; x_wconf 87' lang='lat' dir='ltr'>cum</span> <span class='ocrx_word' id='word_1_278' title='bbox 1880 2255 2143 2294; x_wconf 88' lang='lat' dir='ltr'>cancellarius</span> 
     </span>
     <span class='ocr_line' id='line_1_35' title="bbox 439 2317 2142 2370; baseline -0.008 -4"><span class='ocrx_word' id='word_1_279' title='bbox 439 2326 714 2366; x_wconf 86' lang='lat' dir='ltr'>universitatis</span> <span class='ocrx_word' id='word_1_280' title='bbox 765 2325 919 2363; x_wconf 79' lang='lat' dir='ltr'>Oxonie</span> <span class='ocrx_word' id='word_1_281' title='bbox 968 2324 1003 2362; x_wconf 88' lang='lat' dir='ltr'>ei</span> <span class='ocrx_word' id='word_1_282' title='bbox 1059 2322 1287 2361; x_wconf 77' lang='lat' dir='ltr'>liberaverit</span> <span class='ocrx_word' id='word_1_283' title='bbox 1338 2321 1514 2370; x_wconf 88' lang='lat' dir='ltr'>aliquem</span> <span class='ocrx_word' id='word_1_284' title='bbox 1564 2320 1754 2358; x_wconf 87' lang='lat' dir='ltr'>clericum</span> <span class='ocrx_word' id='word_1_285' title='bbox 1812 2318 2043 2368; x_wconf 84' lang='lat' dir='ltr'>ponendum</span> <span class='ocrx_word' id='word_1_286' title='bbox 2101 2317 2142 2354; x_wconf 90' lang='lat' dir='ltr'>in</span> 
     </span>
     <span class='ocr_line' id='line_1_36' title="bbox 438 2379 2143 2440; baseline -0.007 -11"><span class='ocrx_word' id='word_1_287' title='bbox 438 2391 599 2440; x_wconf 81' lang='lat' dir='ltr'>prisona</span> <span class='ocrx_word' id='word_1_288' title='bbox 646 2389 749 2438; x_wconf 78' lang='lat' dir='ltr'>regis</span> <span class='ocrx_word' id='word_1_289' title='bbox 798 2388 847 2425; x_wconf 88' lang='lat' dir='ltr'>ad</span> <span class='ocrx_word' id='word_1_290' title='bbox 894 2387 1029 2436; x_wconf 86' lang='lat' dir='ltr'>ipsum</span> <span class='ocrx_word' id='word_1_291' title='bbox 1090 2385 1381 2435; x_wconf 84' lang='lat' dir='ltr'>justiciandum</span> <span class='ocrx_word' id='word_1_292' title='bbox 1430 2383 1471 2420; x_wconf 91' lang='lat' dir='ltr'>in</span> <span class='ocrx_word' id='word_1_293' title='bbox 1520 2382 1631 2420; x_wconf 81' lang='lat' dir='ltr'>exitu</span> <span class='ocrx_word' id='word_1_294' title='bbox 1680 2394 1751 2420; x_wconf 92' lang='lat' dir='ltr'>suo</span> <span class='ocrx_word' id='word_1_295' title='bbox 1799 2394 1880 2419; x_wconf 89' lang='lat' dir='ltr'>non</span> <span class='ocrx_word' id='word_1_296' title='bbox 1934 2379 2143 2430; x_wconf 84' lang='lat' dir='ltr'>permittat</span> 
     </span>
     <span class='ocr_line' id='line_1_37' title="bbox 438 2442 2144 2503; baseline -0.007 -12"><span class='ocrx_word' id='word_1_297' title='bbox 438 2453 543 2503; x_wconf 89' lang='lat' dir='ltr'>quod</span> <span class='ocrx_word' id='word_1_298' title='bbox 582 2454 715 2490; x_wconf 84' lang='lat' dir='ltr'>custos</span> <span class='ocrx_word' id='word_1_299' title='bbox 753 2450 882 2499; x_wconf 81' lang='lat' dir='ltr'>gaiole</span> <span class='ocrx_word' id='word_1_300' title='bbox 921 2461 993 2487; x_wconf 83' lang='lat' dir='ltr'>nec</span> <span class='ocrx_word' id='word_1_301' title='bbox 1031 2448 1180 2499; x_wconf 88' lang='lat' dir='ltr'>janitor</span> <span class='ocrx_word' id='word_1_302' title='bbox 1218 2449 1330 2496; x_wconf 85' lang='lat' dir='ltr'>porte</span> <span class='ocrx_word' id='word_1_303' title='bbox 1377 2444 1529 2495; x_wconf 88' lang='lat' dir='ltr'>aliquid</span> <span class='ocrx_word' id='word_1_304' title='bbox 1576 2443 1625 2482; x_wconf 90' lang='lat' dir='ltr'>ab</span> <span class='ocrx_word' id='word_1_305' title='bbox 1672 2457 1718 2482; x_wconf 87' lang='lat' dir='ltr'>eo</span> <span class='ocrx_word' id='word_1_306' title='bbox 1765 2444 1939 2493; x_wconf 84' lang='lat' dir='ltr'>capiant.</span> <span class='ocrx_word' id='word_1_307' title='bbox 2026 2442 2144 2480; x_wconf 85' lang='lat' dir='ltr'>Teste</span> 
     </span>
     <span class='ocr_line' id='line_1_38' title="bbox 438 2518 782 2564; baseline -0.009 -11"><span class='ocrx_word' id='word_1_308' title='bbox 438 2528 528 2564; x_wconf 81' lang='lat' dir='ltr'>rege</span> <span class='ocrx_word' id='word_1_309' title='bbox 566 2518 610 2552; x_wconf 92' lang='lat' dir='ltr'>ut</span> <span class='ocrx_word' id='word_1_310' title='bbox 650 2526 782 2562; x_wconf 85' lang='lat' dir='ltr'>supra.</span> 
     </span>
    </p>
   </div>
   <div class='ocr_carea' id='block_1_12' title="bbox 440 2593 2146 3393">
    <p class='ocr_par' dir='ltr' id='par_1_13' title="bbox 440 2593 2146 3393">
     <span class='ocr_line' id='line_1_39' title="bbox 546 2593 2144 2644; baseline -0.007 -4"><span class='ocrx_word' id='word_1_311' title='bbox 546 2602 785 2640; x_wconf 83' lang='lat' dir='ltr'>Mandatum</span> <span class='ocrx_word' id='word_1_312' title='bbox 821 2602 880 2637; x_wconf 88' lang='lat' dir='ltr'>est</span> <span class='ocrx_word' id='word_1_313' title='bbox 915 2598 1086 2636; x_wconf 83' lang='lat' dir='ltr'>Ricardo</span> <span class='ocrx_word' id='word_1_314' title='bbox 1121 2598 1168 2635; x_wconf 88' lang='lat' dir='ltr'>de</span> <span class='ocrx_word' id='word_1_315' title='bbox 1200 2595 1427 2634; x_wconf 86' lang='lat' dir='ltr'>Munfichet</span> <span class='ocrx_word' id='word_1_316' title='bbox 1461 2595 1567 2644; x_wconf 89' lang='lat' dir='ltr'>quod</span> <span class='ocrx_word' id='word_1_317' title='bbox 1601 2594 1642 2631; x_wconf 88' lang='lat' dir='ltr'>in</span> <span class='ocrx_word' id='word_1_318' title='bbox 1678 2593 1838 2643; x_wconf 85' lang='lat' dir='ltr'>propria</span> <span class='ocrx_word' id='word_1_319' title='bbox 1871 2604 2041 2642; x_wconf 90' lang='lat' dir='ltr'>persona</span> <span class='ocrx_word' id='word_1_320' title='bbox 2072 2604 2144 2630; x_wconf 86' lang='lat' dir='ltr'>sua</span> 
     </span>
     <span class='ocr_line' id='line_1_40' title="bbox 440 2654 2146 2711; baseline -0.008 -7"><span class='ocrx_word' id='word_1_321' title='bbox 440 2665 602 2704; x_wconf 82' lang='lat' dir='ltr'>accedat</span> <span class='ocrx_word' id='word_1_322' title='bbox 640 2663 689 2701; x_wconf 89' lang='lat' dir='ltr'>ad</span> <span class='ocrx_word' id='word_1_323' title='bbox 728 2661 908 2711; x_wconf 82' lang='lat' dir='ltr'>singulos</span> <span class='ocrx_word' id='word_1_324' title='bbox 947 2660 1087 2698; x_wconf 87' lang='lat' dir='ltr'>boscos</span> <span class='ocrx_word' id='word_1_325' title='bbox 1127 2660 1231 2708; x_wconf 77' lang='lat' dir='ltr'>regis</span> <span class='ocrx_word' id='word_1_326' title='bbox 1278 2658 1528 2708; x_wconf 85' lang='lat' dir='ltr'>pertinentes</span> <span class='ocrx_word' id='word_1_327' title='bbox 1575 2656 1623 2694; x_wconf 84' lang='lat' dir='ltr'>ad</span> <span class='ocrx_word' id='word_1_328' title='bbox 1671 2655 1874 2693; x_wconf 84' lang='lat' dir='ltr'>dominica</span> <span class='ocrx_word' id='word_1_329' title='bbox 1922 2654 2024 2703; x_wconf 84' lang='lat' dir='ltr'>regis</span> <span class='ocrx_word' id='word_1_330' title='bbox 2071 2666 2146 2703; x_wconf 90' lang='lat' dir='ltr'>que</span> 
     </span>
     <span class='ocr_line' id='line_1_41' title="bbox 441 2718 2145 2770; baseline -0.007 -5"><span class='ocrx_word' id='word_1_331' title='bbox 441 2730 536 2766; x_wconf 86' lang='lat' dir='ltr'>sunt</span> <span class='ocrx_word' id='word_1_332' title='bbox 584 2727 624 2764; x_wconf 89' lang='lat' dir='ltr'>in</span> <span class='ocrx_word' id='word_1_333' title='bbox 673 2724 857 2763; x_wconf 84' lang='lat' dir='ltr'>custodia</span> <span class='ocrx_word' id='word_1_334' title='bbox 918 2723 980 2761; x_wconf 85' lang='lat' dir='ltr'>W.</span> <span class='ocrx_word' id='word_1_335' title='bbox 1031 2723 1077 2760; x_wconf 87' lang='lat' dir='ltr'>de</span> <span class='ocrx_word' id='word_1_336' title='bbox 1126 2722 1262 2770; x_wconf 76' lang='lat' dir='ltr'>Burgo</span> <span class='ocrx_word' id='word_1_337' title='bbox 1309 2723 1347 2759; x_wconf 87' lang='lat' dir='ltr'>et</span> <span class='ocrx_word' id='word_1_338' title='bbox 1398 2718 1583 2757; x_wconf 83' lang='lat' dir='ltr'>Warneri</span> <span class='ocrx_word' id='word_1_339' title='bbox 1632 2718 1830 2768; x_wconf 79' lang='lat' dir='ltr'>Engayne</span> <span class='ocrx_word' id='word_1_340' title='bbox 1878 2720 1917 2755; x_wconf 88' lang='lat' dir='ltr'>et</span> <span class='ocrx_word' id='word_1_341' title='bbox 1964 2718 2145 2754; x_wconf 79' lang='lat' dir='ltr'>assumat</span> 
     </span>
     <span class='ocr_line' id='line_1_42' title="bbox 440 2777 2143 2831; baseline -0.008 -2"><span class='ocrx_word' id='word_1_342' title='bbox 440 2803 575 2829; x_wconf 88' lang='lat' dir='ltr'>secum</span> <span class='ocrx_word' id='word_1_343' title='bbox 641 2786 871 2826; x_wconf 82' lang='lat' dir='ltr'>forestarios</span> <span class='ocrx_word' id='word_1_344' title='bbox 924 2788 962 2823; x_wconf 89' lang='lat' dir='ltr'>et</span> <span class='ocrx_word' id='word_1_345' title='bbox 1013 2784 1223 2823; x_wconf 87' lang='lat' dir='ltr'>viridarios</span> <span class='ocrx_word' id='word_1_346' title='bbox 1275 2782 1527 2831; x_wconf 75' lang='lat' dir='ltr'>singulorum</span> <span class='ocrx_word' id='word_1_347' title='bbox 1581 2780 1792 2818; x_wconf 79' lang='lat' dir='ltr'>hoscorum</span> <span class='ocrx_word' id='word_1_348' title='bbox 1846 2779 1887 2816; x_wconf 91' lang='lat' dir='ltr'>in</span> <span class='ocrx_word' id='word_1_349' title='bbox 1941 2777 2143 2828; x_wconf 87' lang='lat' dir='ltr'>presentia</span> 
     </span>
     <span class='ocr_line' id='line_1_43' title="bbox 440 2839 2141 2891; baseline -0.008 -1"><span class='ocrx_word' id='word_1_350' title='bbox 440 2852 608 2891; x_wconf 56' lang='lat' dir='ltr'>XValteri</span> <span class='ocrx_word' id='word_1_351' title='bbox 652 2853 690 2888; x_wconf 89' lang='lat' dir='ltr'>et</span> <span class='ocrx_word' id='word_1_352' title='bbox 729 2847 913 2886; x_wconf 77' lang='lat' dir='ltr'>Warneri</span> <span class='ocrx_word' id='word_1_353' title='bbox 962 2847 1025 2885; x_wconf 68' lang='lat' dir='ltr'>vel</span> <span class='ocrx_word' id='word_1_354' title='bbox 1071 2846 1237 2884; x_wconf 88' lang='lat' dir='ltr'>alterius</span> <span class='ocrx_word' id='word_1_355' title='bbox 1285 2845 1448 2882; x_wconf 88' lang='lat' dir='ltr'>illorum</span> <span class='ocrx_word' id='word_1_356' title='bbox 1497 2843 1713 2891; x_wconf 80' lang='lat' dir='ltr'>diligenter</span> <span class='ocrx_word' id='word_1_357' title='bbox 1760 2841 1882 2879; x_wconf 88' lang='lat' dir='ltr'>videri</span> <span class='ocrx_word' id='word_1_358' title='bbox 1931 2840 2053 2878; x_wconf 83' lang='lat' dir='ltr'>faciat</span> <span class='ocrx_word' id='word_1_359' title='bbox 2100 2839 2141 2876; x_wconf 89' lang='lat' dir='ltr'>in</span> 
     </span>
     <span class='ocr_line' id='line_1_44' title="bbox 441 2901 2144 2965; baseline -0.009 -12"><span class='ocrx_word' id='word_1_360' title='bbox 441 2914 585 2965; x_wconf 84' lang='lat' dir='ltr'>quibus</span> <span class='ocrx_word' id='word_1_361' title='bbox 623 2912 753 2951; x_wconf 86' lang='lat' dir='ltr'>boscis</span> <span class='ocrx_word' id='word_1_362' title='bbox 791 2914 829 2948; x_wconf 87' lang='lat' dir='ltr'>et</span> <span class='ocrx_word' id='word_1_363' title='bbox 868 2910 909 2947; x_wconf 88' lang='lat' dir='ltr'>in</span> <span class='ocrx_word' id='word_1_364' title='bbox 949 2908 1094 2959; x_wconf 87' lang='lat' dir='ltr'>quibus</span> <span class='ocrx_word' id='word_1_365' title='bbox 1133 2909 1229 2946; x_wconf 74' lang='lat' dir='ltr'>locis</span> <span class='ocrx_word' id='word_1_366' title='bbox 1268 2906 1446 2944; x_wconf 71' lang='lat' dir='ltr'>venditio</span> <span class='ocrx_word' id='word_1_367' title='bbox 1486 2905 1569 2943; x_wconf 80' lang='lat' dir='ltr'>fieri</span> <span class='ocrx_word' id='word_1_368' title='bbox 1618 2905 1744 2954; x_wconf 86' lang='lat' dir='ltr'>possit</span> <span class='ocrx_word' id='word_1_369' title='bbox 1779 2904 1826 2941; x_wconf 88' lang='lat' dir='ltr'>de</span> <span class='ocrx_word' id='word_1_370' title='bbox 1864 2901 2058 2941; x_wconf 83' lang='lat' dir='ltr'>subbosco</span> <span class='ocrx_word' id='word_1_371' title='bbox 2104 2904 2144 2939; x_wconf 85' lang='lat' dir='ltr'>et</span> 
     </span>
     <span class='ocr_line' id='line_1_45' title="bbox 441 2963 2142 3022; baseline -0.009 -7"><span class='ocrx_word' id='word_1_372' title='bbox 441 2978 519 3015; x_wconf 89' lang='lat' dir='ltr'>alio</span> <span class='ocrx_word' id='word_1_373' title='bbox 558 2976 677 3014; x_wconf 87' lang='lat' dir='ltr'>bosco</span> <span class='ocrx_word' id='word_1_374' title='bbox 716 2973 818 3022; x_wconf 79' lang='lat' dir='ltr'>regis</span> <span class='ocrx_word' id='word_1_375' title='bbox 850 2973 897 3010; x_wconf 89' lang='lat' dir='ltr'>ad</span> <span class='ocrx_word' id='word_1_376' title='bbox 930 2972 1189 3010; x_wconf 87' lang='lat' dir='ltr'>commodum</span> <span class='ocrx_word' id='word_1_377' title='bbox 1222 2969 1326 3018; x_wconf 82' lang='lat' dir='ltr'>regis</span> <span class='ocrx_word' id='word_1_378' title='bbox 1358 2971 1396 3006; x_wconf 89' lang='lat' dir='ltr'>et</span> <span class='ocrx_word' id='word_1_379' title='bbox 1430 2971 1527 3017; x_wconf 84' lang='lat' dir='ltr'>quot</span> <span class='ocrx_word' id='word_1_380' title='bbox 1558 2980 1647 3005; x_wconf 89' lang='lat' dir='ltr'>acre</span> <span class='ocrx_word' id='word_1_381' title='bbox 1681 2968 1728 3004; x_wconf 90' lang='lat' dir='ltr'>de</span> <span class='ocrx_word' id='word_1_382' title='bbox 1763 2964 1957 3003; x_wconf 85' lang='lat' dir='ltr'>subbosco</span> <span class='ocrx_word' id='word_1_383' title='bbox 1991 2966 2030 3001; x_wconf 88' lang='lat' dir='ltr'>et</span> <span class='ocrx_word' id='word_1_384' title='bbox 2064 2963 2142 3000; x_wconf 88' lang='lat' dir='ltr'>alio</span> 
     </span>
     <span class='ocr_line' id='line_1_46' title="bbox 440 3026 2141 3086; baseline -0.008 -10"><span class='ocrx_word' id='word_1_385' title='bbox 440 3039 559 3078; x_wconf 83' lang='lat' dir='ltr'>vendi</span> <span class='ocrx_word' id='word_1_386' title='bbox 599 3036 753 3086; x_wconf 84' lang='lat' dir='ltr'>possint</span> <span class='ocrx_word' id='word_1_387' title='bbox 792 3035 833 3071; x_wconf 91' lang='lat' dir='ltr'>in</span> <span class='ocrx_word' id='word_1_388' title='bbox 873 3033 1045 3082; x_wconf 80' lang='lat' dir='ltr'>singulis</span> <span class='ocrx_word' id='word_1_389' title='bbox 1084 3032 1212 3070; x_wconf 88' lang='lat' dir='ltr'>boscis</span> <span class='ocrx_word' id='word_1_390' title='bbox 1251 3035 1290 3069; x_wconf 83' lang='lat' dir='ltr'>et</span> <span class='ocrx_word' id='word_1_391' title='bbox 1328 3031 1369 3067; x_wconf 87' lang='lat' dir='ltr'>in</span> <span class='ocrx_word' id='word_1_392' title='bbox 1408 3029 1552 3079; x_wconf 87' lang='lat' dir='ltr'>quibus</span> <span class='ocrx_word' id='word_1_393' title='bbox 1592 3028 1722 3066; x_wconf 88' lang='lat' dir='ltr'>boscis</span> <span class='ocrx_word' id='word_1_394' title='bbox 1761 3027 1918 3076; x_wconf 85' lang='lat' dir='ltr'>possint</span> <span class='ocrx_word' id='word_1_395' title='bbox 1965 3026 2141 3074; x_wconf 81' lang='lat' dir='ltr'>elargare</span> 
     </span>
     <span class='ocr_line' id='line_1_47' title="bbox 441 3089 2141 3147; baseline -0.009 -7"><span class='ocrx_word' id='word_1_396' title='bbox 441 3100 644 3140; x_wconf 89' lang='lat' dir='ltr'>dominica</span> <span class='ocrx_word' id='word_1_397' title='bbox 683 3097 786 3147; x_wconf 76' lang='lat' dir='ltr'>regis</span> <span class='ocrx_word' id='word_1_398' title='bbox 816 3109 884 3145; x_wconf 90' lang='lat' dir='ltr'>per</span> <span class='ocrx_word' id='word_1_399' title='bbox 913 3098 1192 3145; x_wconf 85' lang='lat' dir='ltr'>purpresturas</span> <span class='ocrx_word' id='word_1_400' title='bbox 1231 3096 1269 3131; x_wconf 86' lang='lat' dir='ltr'>et</span> <span class='ocrx_word' id='word_1_401' title='bbox 1309 3095 1462 3131; x_wconf 86' lang='lat' dir='ltr'>assarta</span> <span class='ocrx_word' id='word_1_402' title='bbox 1500 3092 1541 3129; x_wconf 86' lang='lat' dir='ltr'>in</span> <span class='ocrx_word' id='word_1_403' title='bbox 1577 3091 1725 3129; x_wconf 85' lang='lat' dir='ltr'>eisdem</span> <span class='ocrx_word' id='word_1_404' title='bbox 1756 3089 1939 3127; x_wconf 83' lang='lat' dir='ltr'>facienda</span> <span class='ocrx_word' id='word_1_405' title='bbox 1969 3091 2007 3125; x_wconf 90' lang='lat' dir='ltr'>et</span> <span class='ocrx_word' id='word_1_406' title='bbox 2047 3089 2141 3137; x_wconf 89' lang='lat' dir='ltr'>quot</span> 
     </span>
     <span class='ocr_line' id='line_1_48' title="bbox 441 3149 2143 3211; baseline -0.009 -10"><span class='ocrx_word' id='word_1_407' title='bbox 441 3177 529 3203; x_wconf 84' lang='lat' dir='ltr'>acre</span> <span class='ocrx_word' id='word_1_408' title='bbox 563 3161 720 3211; x_wconf 87' lang='lat' dir='ltr'>possint</span> <span class='ocrx_word' id='word_1_409' title='bbox 758 3158 969 3203; x_wconf 78' lang='lat' dir='ltr'>essartari3</span> <span class='ocrx_word' id='word_1_410' title='bbox 1010 3161 1049 3195; x_wconf 85' lang='lat' dir='ltr'>et</span> <span class='ocrx_word' id='word_1_411' title='bbox 1087 3160 1184 3206; x_wconf 88' lang='lat' dir='ltr'>quot</span> <span class='ocrx_word' id='word_1_412' title='bbox 1222 3169 1311 3194; x_wconf 85' lang='lat' dir='ltr'>acre</span> <span class='ocrx_word' id='word_1_413' title='bbox 1349 3155 1433 3192; x_wconf 90' lang='lat' dir='ltr'>fieri</span> <span class='ocrx_word' id='word_1_414' title='bbox 1474 3154 1521 3191; x_wconf 88' lang='lat' dir='ltr'>de</span> <span class='ocrx_word' id='word_1_415' title='bbox 1570 3151 1841 3202; x_wconf 88' lang='lat' dir='ltr'>purpresturis</span> <span class='ocrx_word' id='word_1_416' title='bbox 1880 3150 1921 3187; x_wconf 87' lang='lat' dir='ltr'>in</span> <span class='ocrx_word' id='word_1_417' title='bbox 1972 3149 2143 3198; x_wconf 80' lang='lat' dir='ltr'>singulis</span> 
     </span>
     <span class='ocr_line' id='line_1_49' title="bbox 441 3210 2143 3267; baseline -0.01 -2"><span class='ocrx_word' id='word_1_418' title='bbox 441 3225 570 3265; x_wconf 89' lang='lat' dir='ltr'>boscis</span> <span class='ocrx_word' id='word_1_419' title='bbox 609 3227 648 3262; x_wconf 87' lang='lat' dir='ltr'>et</span> <span class='ocrx_word' id='word_1_420' title='bbox 686 3221 818 3259; x_wconf 90' lang='lat' dir='ltr'>landis</span> <span class='ocrx_word' id='word_1_421' title='bbox 855 3223 893 3258; x_wconf 91' lang='lat' dir='ltr'>et</span> <span class='ocrx_word' id='word_1_422' title='bbox 927 3219 1081 3257; x_wconf 89' lang='lat' dir='ltr'>brueris</span> <span class='ocrx_word' id='word_1_423' title='bbox 1120 3219 1205 3256; x_wconf 90' lang='lat' dir='ltr'>sine</span> <span class='ocrx_word' id='word_1_424' title='bbox 1253 3218 1363 3267; x_wconf 79' lang='lat' dir='ltr'>gravi</span> <span class='ocrx_word' id='word_1_425' title='bbox 1403 3216 1646 3254; x_wconf 85' lang='lat' dir='ltr'>detrimento</span> <span class='ocrx_word' id='word_1_426' title='bbox 1695 3214 1839 3251; x_wconf 79' lang='lat' dir='ltr'>foreste</span> <span class='ocrx_word' id='word_1_427' title='bbox 1884 3211 2002 3261; x_wconf 86' lang='lat' dir='ltr'>regis.</span> <span class='ocrx_word' id='word_1_428' title='bbox 2087 3210 2143 3248; x_wconf 89' lang='lat' dir='ltr'>Et</span> 
     </span>
     <span class='ocr_line' id='line_1_50' title="bbox 442 3274 2145 3330; baseline -0.009 -3"><span class='ocrx_word' id='word_1_429' title='bbox 442 3289 497 3327; x_wconf 87' lang='lat' dir='ltr'>rei</span> <span class='ocrx_word' id='word_1_430' title='bbox 544 3286 755 3325; x_wconf 80' lang='lat' dir='ltr'>veritatem</span> <span class='ocrx_word' id='word_1_431' title='bbox 789 3282 981 3320; x_wconf 86' lang='lat' dir='ltr'>distincte</span> <span class='ocrx_word' id='word_1_432' title='bbox 1014 3284 1052 3319; x_wconf 89' lang='lat' dir='ltr'>et</span> <span class='ocrx_word' id='word_1_433' title='bbox 1083 3283 1216 3330; x_wconf 87' lang='lat' dir='ltr'>aperte</span> <span class='ocrx_word' id='word_1_434' title='bbox 1254 3280 1298 3317; x_wconf 90' lang='lat' dir='ltr'>in</span> <span class='ocrx_word' id='word_1_435' title='bbox 1336 3279 1531 3328; x_wconf 85' lang='lat' dir='ltr'>scriptum</span> <span class='ocrx_word' id='word_1_436' title='bbox 1570 3277 1771 3314; x_wconf 85' lang='lat' dir='ltr'>redactam</span> <span class='ocrx_word' id='word_1_437' title='bbox 1808 3274 1895 3323; x_wconf 79' lang='lat' dir='ltr'>regi.</span> <span class='ocrx_word' id='word_1_438' title='bbox 1928 3274 2067 3312; x_wconf 84' lang='lat' dir='ltr'>mittat</span> <span class='ocrx_word' id='word_1_439' title='bbox 2106 3275 2145 3311; x_wconf 82' lang='lat' dir='ltr'>et</span> 
     </span>
     <span class='ocr_line' id='line_1_51' title="bbox 442 3337 1845 3393; baseline -0.011 -3"><span class='ocrx_word' id='word_1_440' title='bbox 442 3352 517 3390; x_wconf 86' lang='lat' dir='ltr'>hoc</span> <span class='ocrx_word' id='word_1_441' title='bbox 550 3349 681 3388; x_wconf 87' lang='lat' dir='ltr'>breve.</span> <span class='ocrx_word' id='word_1_442' title='bbox 739 3345 856 3383; x_wconf 82' lang='lat' dir='ltr'>Teste</span> <span class='ocrx_word' id='word_1_443' title='bbox 885 3357 975 3393; x_wconf 82' lang='lat' dir='ltr'>rege</span> <span class='ocrx_word' id='word_1_444' title='bbox 1005 3343 1111 3392; x_wconf 86' lang='lat' dir='ltr'>apud</span> <span class='ocrx_word' id='word_1_445' title='bbox 1141 3342 1395 3387; x_wconf 85' lang='lat' dir='ltr'>Clarendon⁷‚</span> <span class='ocrx_word' id='word_1_446' title='bbox 1437 3341 1505 3391; x_wconf 78' lang='lat' dir='ltr'>xij.</span> <span class='ocrx_word' id='word_1_447' title='bbox 1546 3339 1608 3377; x_wconf 89' lang='lat' dir='ltr'>die</span> <span class='ocrx_word' id='word_1_448' title='bbox 1648 3337 1845 3376; x_wconf 83' lang='lat' dir='ltr'>Januarii.</span> 
     </span>
    </p>
   </div>
   <div class='ocr_carea' id='block_1_13' title="bbox 551 3416 2009 3470">
    <p class='ocr_par' dir='ltr' id='par_1_14' title="bbox 551 3416 2009 3470">
     <span class='ocr_line' id='line_1_52' title="bbox 551 3416 2009 3470; baseline -0.01 -5"><span class='ocrx_word' id='word_1_449' title='bbox 551 3427 781 3466; x_wconf 84' lang='lat' dir='ltr'>Willelmus</span> <span class='ocrx_word' id='word_1_450' title='bbox 817 3424 864 3461; x_wconf 81' lang='lat' dir='ltr'>de</span> <span class='ocrx_word' id='word_1_451' title='bbox 904 3423 1018 3460; x_wconf 81' lang='lat' dir='ltr'>Bello</span> <span class='ocrx_word' id='word_1_452' title='bbox 1057 3421 1209 3470; x_wconf 86' lang='lat' dir='ltr'>Campo</span> <span class='ocrx_word' id='word_1_453' title='bbox 1248 3419 1469 3459; x_wconf 76' lang='lat' dir='ltr'>attornavit</span> <span class='ocrx_word' id='word_1_454' title='bbox 1507 3418 1594 3456; x_wconf 93' lang='grc'>1000</span> <span class='ocrx_word' id='word_1_455' title='bbox 1633 3429 1705 3455; x_wconf 89' lang='grc'>0110</span> <span class='ocrx_word' id='word_1_456' title='bbox 1729 3416 2009 3464; x_wconf 46' lang='lat' dir='ltr'>[Casinis-hed}</span> 
     </span>
    </p>
   </div>
  </div>
 </body>
</html>
