2375 3587
237 163 291 203 92

298 285 441 332 1235.

290 351 350 390 [m.
379 350 451 389 ir]

1170 165 1355 208 OLOSE
1399 164 1603 208 ROLLS.

648 362 725 398 Pro
766 363 812 399 Α.
854 363 1044 399 comitissa
1083 361 1533 399 Penbr’.——Mandatum
1583 363 1642 399 est
1696 359 1879 398 Galfrido
1928 358 2091 397 Estum’
2129 357 2233 407 quod

537 421 681 460 habere
718 423 839 461 faciat
878 423 924 460 A.
956 423 1159 462 comitisse
1189 422 1333 461 Penbr’
1370 436 1437 460 sex
1475 423 1615 460 damos
1654 422 1695 459 in
1735 422 1882 460 foresta
1911 422 1958 459 de
1999 419 2230 466 Savernak'‚

536 484 583 521 de
621 485 726 522 dono
765 484 881 533 regis.
968 485 1084 523 Teste
1123 487 1167 522 ut
1206 497 1338 533 supra.
1416 484 1492 521 Per
1531 484 1578 520 R.
1619 483 1749 520 filium
1790 482 1989 521 Nicholai.

644 592 699 627 De
738 593 846 628 terris
889 592 1072 628 (sr'z'leberti
1124 593 1165 627 de
1204 590 1512 637 Atton'.—-Quia
1563 589 1751 627 dominus
1798 602 1866 626 rex
1917 587 2117 627 intellexit
2166 600 2234 637 per

533 651 836 701 inquisitionem
876 652 1024 690 factam
1063 665 1131 701 per
1169 654 1400 700 preceptum
1439 650 1565 700 ipsius
1605 650 1709 699 quod
1741 649 1969 688 Gilebertus
2007 650 2055 687 de
2093 649 2231 688 Atton'

533 714 663 752 tenuit
712 714 759 751 de
821 726 910 763 rege
964 714 1006 750 in
1069 713 1197 762 capite
1259 713 1344 763 viij.
1402 715 1607 751 carucatas
1668 714 1769 749 terre
1822 724 1914 749 cum
1979 710 2234 760 pertinentiis

532 775 574 813 in
632 775 768 813 Atton'
823 775 865 812 in
931 774 1102 812 liberum
1162 774 1389 823 soccagium
1453 776 1492 811 et
1556 773 1683 811 nichil
1740 773 1870 811 tenuit
1932 772 1980 810 de
2036 785 2125 821 rege
2190 772 2233 810 in

533 837 661 886 capite
713 849 781 885 per
829 836 1044 874 servicium
1096 835 1297 881 militare;
1361 836 1601 873 mandatum
1665 837 1725 872 est
1782 833 2006 872 vicecomiti
2063 833 2234 872 Eboraci

532 899 637 947 quod
697 898 817 936 faciat
873 897 1017 935 habere
1060 898 1107 935 R.
1167 897 1435 935 Dunolmensi
1494 897 1679 945 episcopo
1729 896 1890 944 plenam
1938 895 2131 934 saisinam
2187 895 2234 934 de

534 961 649 998 terris
696 973 794 1009 quas
843 960 948 997 idem
1008 958 1236 997 Gilebertus
1293 960 1340 997 de
1394 959 1532 997 eodem
1590 959 1776 1007 episcopo
1826 958 1957 995 tenuit
2008 958 2049 994 in
2100 956 2235 995 baillia

533 1035 604 1060 sua
660 1035 727 1071 per
784 1021 993 1059 servitium
1049 1021 1238 1066 militare,
1297 1021 1480 1059 tenendis
1538 1033 1661 1069 usque
1715 1019 1763 1057 ad
1813 1019 2036 1069 legitimam
2085 1021 2233 1057 etatem

532 1083 726 1121 Willelmi
765 1083 839 1120 filii
876 1086 914 1120 et
953 1082 1111 1120 heredis
1149 1082 1274 1132 ipsius
1325 1082 1534 1128 Gileberti‚
1586 1082 1696 1119 salva
1743 1081 1983 1130 Margarete,
2033 1093 2109 1130 que
2157 1080 2235 1118 fuit

532 1159 630 1183 uxor
681 1145 807 1195 ipsius
858 1145 1066 1191 Gileberti,
1118 1144 1349 1183 rationabili
1401 1146 1494 1183 dote
1544 1158 1615 1182 sua
1667 1144 1714 1182 de
1762 1143 1912 1181 eisdem
1960 1143 2089 1189 terris,
2137 1156 2235 1192 quas

530 1208 691 1258 quidem
727 1211 850 1246 terras
885 1207 992 1245 idem
1027 1207 1248 1246 vicecomes
1279 1207 1384 1256 cepit
1415 1207 1456 1244 in
1487 1219 1655 1244 manum
1686 1206 1791 1255 regis
1821 1218 1866 1244 eo
1896 1206 2000 1256 quod
2029 1204 2236 1243 dicebatur

530 1270 635 1320 quod
673 1269 779 1307 idem
819 1269 1047 1308 Gilebertus
1083 1269 1214 1307 tenuit
1245 1269 1293 1307 de
1324 1282 1412 1318 rege
1446 1269 1488 1306 in
1522 1269 1652 1318 capite
1684 1281 1752 1317 per
1786 1267 1999 1306 servicium
2033 1266 2232 1306 militare:

531 1335 569 1370 et
607 1332 712 1381 quod
750 1330 890 1370 liberet
928 1331 1056 1369 eidem
1097 1331 1322 1381 Margarete
1362 1331 1613 1369 Willelmum
1648 1330 1778 1367 filium
1818 1333 1857 1368 et
1888 1329 2075 1367 heredem
2108 1328 2235 1378 ipsius

532 1393 726 1432 Gileberti
791 1393 1055 1432 nutriendum
1129 1397 1169 1432 et
1234 1393 1544 1432 custodiendum
1610 1393 1737 1431 donec
1794 1391 2041 1430 discuciatur
2096 1394 2235 1429 utrum

531 1456 790 1505 maritagium
828 1456 955 1505 ipsius
993 1455 1149 1494 heredis
1189 1456 1237 1494 ad
1277 1469 1411 1505 regem
1452 1455 1652 1504 pertineat
1692 1454 1846 1492 ratione
1893 1456 2089 1492 terrarum
2136 1466 2235 1503 quas

529 1518 634 1556 idem
674 1517 902 1556 Gilebertus
939 1518 986 1556 de
1025 1531 1114 1567 rege
1154 1518 1285 1556 tenuit
1324 1518 1365 1555 in
1405 1517 1598 1567 soccagio,
1640 1517 1701 1555 vel
1740 1517 1789 1554 ad
1830 1516 1964 1565 ipsum
2003 1515 2234 1565 episcopum

529 1580 684 1618 ratione
731 1583 927 1618 terrarum
975 1592 1074 1629 quas
1122 1580 1228 1618 idem
1278 1579 1507 1618 Gilebertus
1557 1579 1688 1617 tenuit
1735 1579 1781 1616 de
1829 1590 1873 1616 60
1916 1590 1984 1627 per
2022 1576 2235 1616 servicium

531 1642 719 1681 militare.
796 1642 912 1681 Teste
953 1646 997 1680 ut
1036 1655 1169 1692 supra.

642 1752 719 1787 Pro
759 1751 979 1798 illaryareta
1018 1764 1086 1798 que
1124 1751 1200 1792 fuit
1236 1763 1328 1786 lta-02·
1370 1750 1552 1786 (iilebertl
1590 1750 1631 1785 de
1679 1746 2127 1786 Att‹m‘.—Mandatum
2175 1748 2235 1784 est

530 1812 755 1851 vicecomiti
794 1810 966 1850 Eboraci
1004 1811 1110 1861 quod
1149 1812 1196 1849 de
1236 1811 1366 1857 terris,
1407 1824 1505 1860 quas
1545 1809 1774 1848 Gilebertus
1812 1810 1859 1848 de
1907 1811 2043 1847 Atton'
2092 1807 2235 1846 habuit

530 1875 572 1912 in
608 1873 744 1912 baillia
781 1886 853 1912 sua
882 1874 929 1911 de
965 1874 1185 1912 hereditate
1217 1873 1298 1911 sive
1329 1873 1376 1911 de
1408 1872 1621 1921 maritagio
1654 1872 1879 1921 Margarete
1917 1870 2052 1909 uxoris
2091 1883 2159 1908 sue
2196 1873 2236 1908 et

530 1950 628 1987 quas
666 1936 707 1973 in
746 1948 914 1974 manum
954 1935 1057 1985 regis
1097 1935 1214 1984 cepit,
1256 1948 1300 1973 eo
1339 1935 1445 1985 quod
1484 1935 1590 1972 idem
1624 1933 1854 1972 Grilebertus
1885 1935 2069 1971 mortuus
2104 1935 2164 1970 est
2197 1934 2236 1970 et

532 1999 661 2036 tenuit
708 1998 755 2035 de
799 2010 889 2047 rege
938 1998 980 2035 in
1030 1997 1173 2047 capite,
1224 1997 1310 2035 sine
1358 1996 1552 2034 dilatione
1603 1996 1731 2034 eidem
1790 1995 2015 2044 Margarete
2071 1994 2234 2043 plenam

532 2060 722 2099 saisinam
776 2058 922 2098 habere
972 2059 1107 2098 faciat.
1196 2060 1313 2097 Teste
1364 2072 1452 2108 rege
1503 2058 1607 2108 apud
1660 2056 2081 2101 Westmonasterium,
2122 2055 2234 2106 xviij.

532 2122 594 2161 die
633 2122 744 2160 Maii.

641 2231 718 2267 Pro
771 2231 982 2267 hominibus
1033 2231 1239 2266 tenentibus
1301 2231 1342 2265 sle.
1391 2230 1526 2265 honore
1570 2226 2128 2265 Hicleemnnat—Mandatum
2177 2227 2237 2264 est

532 2291 755 2330 vicecomiti
794 2291 908 2329 Linc'
947 2291 1053 2340 quod
1088 2304 1169 2329 non
1200 2294 1315 2328 vexet
1345 2290 1406 2328 vel
1436 2289 1570 2327 vexari
1601 2289 1811 2339 permittat
1841 2288 2026 2326 homines
2055 2290 2236 2327 tenentes

532 2354 579 2392 de
627 2354 777 2392 honore
825 2353 1094 2391 Richemund’
1154 2353 1195 2390 in
1244 2352 1366 2390 bailia
1417 2365 1500 2398 sua,
1550 2364 1669 2401 quem
1717 2351 1878 2401 quidem
1926 2350 2121 2388 honorem
2168 2362 2236 2388 rex

532 2415 735 2454 commisit
756 2415 983 2453 Alexandro
1012 2415 1152 2453 Bacun
1183 2414 1491 2453 custodiendum
1521 2413 1714 2463 quamdiu
1744 2413 1827 2462 regi
1856 2412 2065 2462 placuerit,
2095 2414 2236 2450 contra

531 2478 734 2516 libertates
772 2478 1018 2527 pertinentes
1048 2477 1096 2515 ad
1117 2477 1343 2526 predictum
1373 2477 1581 2521 honorem,
1613 2474 1757 2526 quibus
1786 2473 2040 2513 libertatibus
2070 2473 2236 2523 predicti

532 2541 717 2579 homines
755 2540 961 2589 hucusque
1000 2539 1061 2577 usi
1101 2542 1210 2577 sunt.
1288 2538 1592 2588 Quinquaginta
1630 2537 1754 2575 etiam
1794 2536 1954 2582 solidos,
1995 2548 2094 2586 quos
2133 2535 2237 2585 cepit

531 2603 579 2640 (16
617 2615 708 2641 soca
745 2602 793 2640 de
824 2602 995 2652 Geyton'
1027 2604 1241 2651 postquam
1271 2613 1339 2638 rex
1368 2600 1593 2650 predictum
1625 2600 1820 2638 honorem
1850 2598 1979 2636 eidem
2010 2597 2237 2636 Alexandro

532 2664 749 2711 commisit,
791 2664 825 2702 ei
865 2664 951 2702 sine
988 2663 1184 2702 dilatione
1222 2663 1333 2701 reddi
1372 2663 1507 2701 faciat.
1584 2662 1702 2700 Teste
1739 2664 1784 2698 ut
1824 2673 1957 2710 supra.

641 2775 719 2811 Pro
753 2773 987 2820 reparatione
1010 2772 1137 2819 pontis
1166 2771 1283 2808 castri
1312 2772 1352 2806 de
1372 2767 1938 2817 Rolciuyltccm'.——-Mandatum
1968 2771 2028 2805 est
2057 2766 2238 2805 <Iohanni

532 2836 579 2873 de
618 2834 761 2873 Nevill’
802 2834 907 2884 quod
946 2833 987 2871 in
1026 2833 1174 2877 foresta
1212 2832 1259 2870 de
1290 2831 1561 2881 Rokingham'
1591 2831 1712 2870 faciat
1756 2829 1901 2868 habere
1940 2827 2237 2868 constabulario

534 2897 581 2936 de
637 2896 908 2946 Rokingham’
967 2908 1035 2934 sex
1092 2907 1261 2945 quercus
1322 2894 1371 2932 ad
1436 2896 1602 2942 pontem
1667 2891 1787 2931 castri
1848 2891 1895 2929 de
1960 2890 2234 2940 Rokingham'

535 2957 814 3008 reparandum.
893 2957 1008 2995 Teste
1047 2960 1092 2995 ut
1131 2969 1264 3006 supra.
1342 2956 1418 2993 Per
1458 2955 1518 2993 W.
1559 2955 1605 2992 de
1644 2954 1746 2992 Ral'.

644 3066 722 3102 Pro
761 3065 802 3101 J.
835 3065 1086 3101 Batlmniensi
1130 3062 1452 3111 episcopo.-Rex
1509 3061 1704 3100 concessit
1760 3058 1978 3098 venerabili
2034 3058 2138 3109 patri
2195 3059 2234 3096 J.

536 3125 802 3165 Bathoniensi
857 3125 1040 3173 episcopo
1097 3124 1201 3173 quod
1257 3124 1304 3161 de
1363 3123 1527 3162 licentia
1583 3122 1686 3172 regis
1742 3121 1898 3171 perfodi
1954 3120 2074 3159 faciat
2131 3119 2237 3169 apud

534 3188 695 3239 Hydon’
735 3190 774 3225 et
812 3186 906 3224 alibi
946 3198 1063 3234 super
1096 3188 1277 3223 montem
1316 3186 1364 3223 (16
1394 3185 1623 3234 Munedep',
1664 3184 1706 3221 in
1745 3183 1859 3222 terris
1907 3194 2238 3232 quorumcunque

534 3248 740 3288 licentiam
779 3247 959 3297 optinere
997 3246 1157 3296 poterit,
1198 3247 1247 3284 ad
1283 3246 1530 3296 querendum
1570 3245 1768 3284 mineram
1808 3244 1901 3282 ferri
1931 3247 1969 3282 et
1997 3242 2166 3293 plumbi,
2199 3245 2239 3281 et

535 3311 640 3362 quod
688 3311 734 3348 de
781 3309 939 3347 minera
986 3308 1056 3345 illa
1103 3307 1253 3345 ferrum
1301 3311 1339 3345 et
1386 3306 1599 3357 plumbum
1648 3306 1734 3345 fieri
1783 3305 1904 3344 faciat
1951 3305 1999 3343 de
2043 3304 2238 3344 vestitura
