2375 3587
193 171 246 212 78

250 302 395 353 1235.

252 367 309 408 [m.
340 368 409 410 la]

1129 179 1312 222 CLOSE
1357 180 1560 223 ROLLs.

598 375 676 411 Pro
716 377 865 413 Matheo
904 379 946 413 de
990 379 1149 426 Tim-eyn,
1189 380 1231 414 de
1275 378 1698 426 psa-«1022atinum—Rex
1736 379 1972 428 perdonavit
2019 378 2182 416 Matheo

491 436 538 473 de
576 436 731 474 Luvein
771 438 905 475 decem
944 438 1064 476 libras
1102 452 1199 489 quas
1238 439 1403 477 barones
1442 441 1488 478 de
1529 440 1734 479 Scaccario
1764 440 1812 478 ab
1844 454 1888 479 eo
1917 441 2084 489 exigunt
2114 453 2183 489 per

491 499 848 537 summonitionem
910 500 1117 539 Scaccarii.
1218 502 1272 539 Et
1319 502 1557 540 mandatum
1604 506 1664 540 est
1722 502 1936 540 baronibus
1994 502 2181 552 predictis

489 561 593 610 (1110(1
631 561 765 609 ipsum
804 561 894 600 inde
930 562 1112 611 quietum
1151 576 1234 601 esse
1274 563 1435 601 faciant.
1514 564 1629 602 Teste
1668 568 1712 602 ut
1752 577 1883 613 supra.

594 669 671 705 Pro
694 670 848 706 lieberto
870 671 911 705 de
934 671 1048 718 Ila-asa
1076 672 1277 707 vicecomite
1299 671 1765 718 S«{0211‘22.—Mandatmn
1795 673 1854 708 est
1883 670 2180 709 constabulario

486 730 532 767 de
571 729 693 779 Brug'
728 731 831 779 quod
870 731 916 769 de
954 731 1058 770 vinis
1096 732 1212 780 regis,
1248 745 1323 781 que
1362 735 1457 770 sunt
1497 733 1537 770 in
1575 733 1756 770 custodia
1796 745 1867 769 sua
1905 732 2011 780 apud
2042 732 2179 781 Brug’,

484 791 628 829 habere
667 792 785 830 faciat
828 792 1001 831 Roberto
1039 794 1085 831 de
1125 795 1255 844 Haya,
1304 794 1526 832 vicecomiti
1578 793 1736 843 Salopie
1786 796 1824 831 et
1874 793 2004 840 Staff',
2052 807 2178 831 unum

482 853 633 891 dolium
669 854 750 891 vini
789 855 835 892 de
874 855 977 893 dono
1018 856 1132 904 regis.
1193 856 1308 894 Teste
1336 869 1425 904 rege
1463 856 1568 905 apud
1612 855 2031 901 Westmonasterfflm,
2071 856 2177 893 xxix.

483 915 544 953 die
585 916 745 964 Aprilis.
804 919 877 954 Per
916 917 1144 955 Johannem
1182 918 1312 954 filium
1353 918 1544 966 Philippi.

590 1013 667 1048 Pru
712 1013 918 1049 lzmttinilm.s¹
964 1014 1132 1050 jordani
1178 1015 1219 1049 alc
1252 1014 1460 1050 Jsslosmill'
1504 1015 1544 1050 in
1595 1013 1928 1050 ll'ale‹20t'.—-Rex
1962 1012 2177 1051 baronibus

480 1073 562 1111 suis
614 1074 661 1111 de
713 1074 919 1112 Scaccario
964 1075 1147 1112 salutem.
1227 1075 1373 1113 Sciatis
1430 1075 1533 1125 (1110(1
1590 1074 1901 1123 perdonavimus
1943 1074 2176 1113 hominibus

480 1136 709 1174 tenentibus
748 1137 795 1174 de
831 1137 1008 1174 Jordano
1042 1138 1088 1174 de
1123 1137 1348 1175 Blossevill’
1382 1138 1422 1174 in
1464 1137 1661 1175 Waleton'
1697 1139 1858 1186 propter
1898 1140 2175 1186 paupertatem

478 1211 589 1235 suam
630 1199 744 1249 lxiiij.
786 1199 932 1236 solidos
972 1207 1009 1236 et
1048 1199 1120 1249 iiij.
1170 1200 1367 1245 denarios,
1413 1212 1512 1249 quos
1560 1199 1608 1237 ab
1652 1212 1697 1237 00
1744 1199 1903 1248 exigitis
1950 1212 2019 1248 per
2066 1212 2173 1237 sum-

478 1260 743 1297 monitionem
792 1260 968 1309 ejusdem
1033 1261 1227 1298 Scaccarii
1283 1274 1353 1309 pro
1409 1260 1590 1309 pluribus
1649 1260 1839 1309 scutagiis
1894 1261 1941 1298 de
1996 1263 2174 1310 tempore

477 1326 626 1360 nostro.
705 1323 759 1360 Et
807 1322 892 1359 ideo
939 1321 1049 1359 vobis
1099 1323 1340 1360 mandamus
1383 1323 1485 1372 quod
1533 1322 1731 1371 predictos
1779 1321 1964 1359 homines
2019 1322 2173 1372 quietos

477 1383 567 1420 inde
601 1396 683 1421 esse
718 1383 885 1422 faciatis.
948 1383 1063 1421 Teste
1102 1388 1146 1421 ut
1186 1396 1318 1433 supra.
1379 1384 1455 1422 Per
1488 1384 1620 1434 ipsum
1661 1396 1806 1433 regem.

585 1491 657 1525 I'ro
695 1490 848 1531 (wilia,
878 1504 943 1538 ‹sm›
972 1491 1047 1531 fm't
1081 1491 1356 1526 1‹.¹·«»·}l‹›n›·f‹-i
1391 1489 1821 1526 Hm«.—Mandatum
1854 1491 1913 1526 est
1947 1488 2171 1527 vicecomiti

476 1551 702 1599 Suliampt',
749 1551 852 1600 quod
899 1551 1059 1600 plenam
1090 1551 1279 1589 seisinam
1314 1550 1458 1588 habere
1489 1550 1610 1589 faciat
1650 1550 1808 1596 Cecilie‚
1848 1563 1923 1599 que
1962 1550 2039 1588 fuit
2073 1563 2172 1588 uxor

474 1613 637 1651 Henrici
668 1614 830 1659 Huoes‘,
867 1614 912 1651 (10
951 1614 1130 1651 manerio
1168 1614 1214 1650 de
1254 1613 1421 1662 Elinges
1460 1626 1551 1651 cum
1584 1613 1853 1662 pertinentiis,
1887 1613 1990 1662 quod
2031 1613 2169 1651 eadem

474 1676 621 1713 Cecilia
657 1675 775 1713 habet
816 1676 861 1713 de
899 1676 1003 1713 dono
1041 1676 1193 1713 domini
1230 1675 1432 1713 Johannis
1472 1675 1588 1724 regis,
1630 1675 1754 1724 patris
1795 1675 1916 1724 hujus
1966 1675 2080 1724 regis,
2131 1679 2170 1712 et

473 1737 577 1775 unde
632 1736 752 1775 habet
812 1737 1160 1775 confirmationem
1211 1737 1327 1782 regis,
1368 1740 1406 1775 et
1453 1737 1557 1786 quod
1606 1736 1710 1785 cepit
1761 1737 1801 1774 in
1850 1750 2017 1774 manum
2065 1738 2168 1786 regis

472 1799 676 1837 occasione
711 1799 850 1837 mortis
884 1799 1049 1848 predicti
1091 1799 1269 1845 Hemici,
1301 1799 1504 1848 quondam
1533 1798 1606 1837 viri
1639 1798 1712 1836 sui.
1773 1799 1889 1836 Teste
1928 1801 1973 1836 ut
2007 1811 2139 1848 supra.

580 1906 655 1941 I'ro
694 1907 797 1941 «laum
847 1919 1100 1942 cunm-sorum
1147 1905 1190 1941 de
1235 1903 1600 1941 ,VeerevstretH—Rex
1649 1902 1844 1941 concessit
1896 1915 1965 1950 per
2015 1906 2166 1940 cartam

470 1978 582 2003 suam
620 1967 755 2003 domui
794 1980 913 2016 quam
949 1966 1109 2004 fundari
1148 1966 1241 2004 fecit
1278 1966 1319 2003 in
1360 1966 1444 2003 vico
1482 1966 1548 2015 qui
1588 1969 1753 2003 vocatur
1784 1965 2030 2010 Newestret’,
2064 1965 2168 2003 inter

470 2029 590 2065 Vetus
647 2029 858 2077 Templum
914 2033 952 2066 et
1022 2029 1179 2066 Novum
1243 2028 1441 2073 London’,
1504 2028 1553 2065 ad
1602 2027 1937 2065 sustentationem
1996 2027 2165 2065 fratrum

469 2103 747 2128 conversorum
787 2096 824 2129 et
858 2091 1218 2129 convertendorum
1269 2091 1315 2128 de
1347 2090 1558 2128 »ludaismo
1604 2090 1652 2127 ad
1692 2090 1811 2127 fidem
1851 2089 2091 2127 catholicam
2126 2090 2166 2127 in

469 2152 664 2189 auxilium
720 2153 1026 2191 sustentationis
1078 2153 1295 2190 eorundem
1346 2153 1516 2190 fratrum
1567 2152 1607 2189 in
1664 2152 1799 2189 eadem
1849 2152 1968 2189 domo
2006 2164 2164 2190 conver-

469 2215 659 2261 santium,
699 2216 837 2253 domos
876 2218 913 2252 et
953 2220 1077 2252 terras
1117 2228 1191 2263 que
1229 2214 1391 2251 fuerunt
1429 2213 1628 2251 »Iohannis
1663 2213 1858 2251 Herlicun
1898 2213 1939 2250 in
1981 2213 2164 2251 London‘

467 2280 505 2314 et
543 2281 637 2315 sunt
676 2278 716 2314 in
755 2290 879 2315 manu
918 2278 1019 2326 regis
1059 2281 1266 2326 tamquam
1305 2279 1458 2314 escaeta
1504 2276 1619 2325 regis,
1660 2278 1824 2325 excepto
1857 2275 2024 2324 gardino
2062 2276 2166 2325 quod

467 2338 544 2376 fuit
599 2340 776 2389 ejusdem
829 2340 1029 2377 Johannis
1085 2340 1127 2376 in
1195 2339 1282 2377 vico
1336 2339 1512 2388 predicto
1575 2338 1621 2375 de
1685 2338 1916 2375 Newestret'
1974 2340 2012 2375 et
2060 2338 2163 2387 quod

467 2401 653 2439 dominus
719 2415 785 2439 rex
841 2401 951 2450 prius
1007 2414 1075 2450 per
1144 2404 1296 2439 cartam
1369 2413 1483 2438 suam
1558 2399 1754 2438 concessit
1818 2399 1866 2436 R.
1926 2398 2165 2437 Cicestrensi

465 2463 661 2512 episcopo,
697 2463 934 2502 cancellario
967 2476 1050 2509 suo,
1090 2468 1128 2500 et
1177 2475 1315 2500 onmes
1354 2463 1452 2500 alias
1491 2465 1666 2500 escaetas
1703 2474 1778 2511 que
1826 2464 2004 2509 tempore
2042 2461 2164 2511 hujus

466 2525 567 2574 regis
601 2539 669 2574 per
719 2526 909 2563 feloniam
958 2526 1019 2563 vel
1069 2538 1319 2575 quacumque
1369 2538 1415 2562 ex
1471 2537 1591 2563 causa
1646 2523 1809 2561 domino
1864 2523 1947 2571 regi
1985 2523 2165 2561 accident

466 2588 506 2624 in
563 2587 721 2625 civitate
778 2587 879 2636 regis
931 2588 993 2625 vel
1045 2588 1085 2624 in
1136 2587 1326 2625 suburbio
1388 2586 1495 2624 infra
1557 2585 1783 2623 libertatem
1834 2584 2008 2623 civitatis
2061 2585 2164 2633 regis

466 2650 659 2695 London’,
705 2650 807 2688 310111
862 2650 1018 2698 plenius
1069 2651 1298 2688 continetur
1350 2649 1391 2686 in
1440 2651 1549 2686 carta
1601 2647 1703 2696 regis
1759 2660 1875 2696 (1110111
1929 2646 2020 2684 inde
2076 2646 2161 2684 fieri

464 2711 569 2750 fecit.
627 2712 682 2749 Et
715 2712 951 2749 mandatum
990 2716 1049 2749 est
1097 2712 1266 2749 Ricardo
1310 2711 1356 2748 de
1408 2711 1446 2748 la
1497 2710 1605 2747 Lade
1644 2716 1682 2747 et
1716 2709 1799 2747 Ade
1846 2708 1930 2746 filio
1968 2708 2160 2746 Willelmi

462 2774 566 2823 quod
604 2774 650 2811 de
690 2774 803 2812 terris
842 2777 879 2811 et
918 2773 1103 2811 domibus
1141 2773 1330 2822 predictis
1368 2772 1488 2810 Joceo
1538 2771 1622 2809 filio
1660 2771 1781 2816 Petri,
1823 2770 1979 2808 custodi
2017 2770 2160 2808 domus

463 2836 648 2884 predicte,
705 2836 751 2873 de
807 2836 921 2873 terris
990 2838 1028 2873 et
1084 2834 1269 2873 domibus
1343 2834 1531 2883 predictis
1600 2833 1649 2871 ad
1723 2845 1822 2881 opus
1891 2832 2160 2880 predictorum

462 2911 742 2936 conversorum
808 2898 968 2947 plenam
1041 2898 1228 2935 seisinam
1308 2896 1452 2934 habere
1517 2895 1650 2933 faciat.
1737 2895 1853 2932 Teste
1918 2897 1962 2931 ut
2027 2906 2159 2943 supra.

463 2961 615 2998 Eodem
656 2961 773 2998 modo
812 2959 998 2998 scribitur
1036 2958 1338 2998 vicecomitibus
1375 2958 1574 2996 London'.

569 3067 644 3102 Pro
682 3065 891 3112 Ιίιῃίιιαῖιῖω
930 3066 971 3100 de
1011 3063 1476 3100 Hedum'.—Mandatum
1510 3064 1569 3099 est
1608 3059 1832 3099 vicecomiti
1877 3059 2020 3096 Norht’
2056 3059 2160 3108 quod

461 3126 619 3164 liberari
658 3125 776 3163 faciat
811 3125 1032 3173 Reginaldo
1071 3125 1117 3161 de
1157 3124 1328 3170 Hedon’,
1369 3123 1432 3161 cui
1472 3136 1538 3160 rex
1576 3122 1773 3161 concessit
1803 3121 2029 3159 custodiam
2060 3124 2162 3158 terre

461 3192 499 3226 et
564 3187 757 3225 heredum
807 3185 1003 3223 Willelmi
1071 3185 1118 3221 de
1172 3184 1370 3234 Gymeges
1418 3197 1487 3232 per
1535 3183 1659 3221 finem
1714 3185 1877 3220 centum
1929 3185 1968 3219 et
2024 3181 2158 3219 decem

460 3260 684 3287 marcarum
718 3259 839 3296 quam
878 3246 972 3283 fecit
1010 3258 1101 3283 cum
1134 3246 1297 3283 domino
1336 3258 1437 3293 rege,
1475 3244 1697 3282 Robertum
1732 3243 1864 3281 filium
1905 3245 1943 3280 et
1973 3243 2158 3280 heredem

456 3310 623 3360 predicti
660 3308 864 3354 wilielmi,
910 3320 1028 3357 quem
1070 3307 1191 3347 habet
1230 3307 1271 3344 in
1314 3307 1496 3346 custodia
1544 3319 1615 3344 sua
1658 3318 1726 3355 per
1767 3307 2000 3354 preceptum
2041 3303 2156 3353 regis.

461 3373 577 3410 Teste
615 3373 659 3408 ut
699 3382 834 3419 supra.
