2375 3587
224 237 306 275 242

284 366 405 411 1236

276 432 335 470 [m.
354 432 422 469 17.]

1152 238 1337 280 CLOSE
1382 238 1584 280 ROLLS,

519 437 656 475 reddat
702 438 901 487 arreragia
937 450 1013 487 que
1051 438 1106 476 eis
1145 437 1342 475 debentur
1380 437 1427 475 de
1474 437 1686 487 stipendiis
1725 438 1820 485 suis,
1866 440 1934 488 [et]
1975 438 2060 477 fieri
2098 439 2219 478 faciat

519 500 769 548 operationes
806 499 847 536 in
883 503 1015 538 castro
1054 500 1158 549 regis
1195 499 1404 538 Wintonie
1454 500 1674 538 secundum
1721 501 1825 549 quod
1862 501 2054 550 Magister
2092 501 2217 552 Elyas

519 561 566 598 de
616 561 748 607 Derh’,
805 562 869 599 cui
920 575 987 599 rex
1037 562 1292 600 voluntatem
1348 574 1463 599 suam
1515 561 1672 611 plenius
1723 563 1919 611 exposuit,
1971 563 2006 601 ei
2056 563 2217 602 dixerit.

519 623 635 660 Teste
674 636 763 673 rege
803 624 908 673 apud
948 623 1198 668 Clarendon',
1240 622 1341 673 xiiij.
1381 623 1443 661 die
1481 622 1706 661 Februarii.

627 736 704 771 Pr«)
742 737 961 784 quibasdam
1000 734 1292 772 ,sudem—Rex
1330 734 1565 785 justiciariis
1606 734 1688 772 suis
1728 735 1777 772 ad
1811 735 2036 774 custodiam
2072 735 2216 774 Judeo-

517 808 605 833 rum
659 796 875 845 assignatis
934 796 1122 834 salutem.
1202 796 1349 835 Sciatis
1404 797 1509 845 quod
1564 797 1757 835 ducentas
1806 800 1845 834 et
1896 797 2043 846 viginti
2095 797 2218 836 libras

517 871 614 907 quas
655 859 774 908 Hugo
811 859 858 896 de
899 859 1065 909 Gurnay
1104 858 1242 896 debuit
1277 859 1411 896 Aaron
1455 859 1540 897 filio
1578 859 1750 905 Abrahe,
1789 859 1921 897 Mosse
1968 859 2053 898 filio
2090 860 2217 907 Isaac,

516 919 645 959 David
684 921 731 958 de
769 920 938 966 Oxonia‚
984 920 1205 958 Benedicto
1244 920 1430 969 Cresspin
1479 924 1518 959 et
1557 920 1721 967 jacobo,
1762 921 1879 959 fratri
1925 922 2024 972 ejus,
2064 922 2216 969 judeis,

516 983 826 1034 perdonavimus
877 983 1004 1021 eidem
1054 983 1221 1032 Hugoni
1270 995 1394 1032 usque
1443 983 1492 1021 ad
1540 986 1713 1032 quatuor
1761 983 1907 1032 viginti
1958 986 1996 1022 et
2041 984 2218 1034 quinque

516 1058 684 1090 marcas,
736 1058 810 1094 que
856 1048 952 1083 sunt
1001 1057 1084 1083 sors
1134 1044 1323 1094 predicti;
1375 1048 1413 1082 et
1461 1045 1649 1083 volumus
1702 1044 1806 1094 quod
1857 1047 1941 1083 tota
1985 1046 2219 1095 perdonatio

516 1107 693 1156 predicta
730 1106 918 1156 predictis
958 1106 1097 1144 Judeis
1136 1107 1330 1144 allocetur
1368 1105 1407 1143 in
1451 1106 1597 1145 debitis
1645 1107 1727 1145 suis
1774 1120 1850 1156 que
1897 1106 2013 1146 nobis
2059 1107 2215 1148 debent.

516 1170 571 1207 Et
610 1169 696 1206 ideo
735 1168 846 1206 vobis
884 1169 1126 1206 mandamus
1164 1168 1283 1217 quod,
1323 1169 1474 1206 vocatis
1522 1182 1655 1207 coram
1695 1169 1808 1209 vobis
1854 1169 1993 1208 Judeis
2031 1170 2218 1219 predictis

515 1234 554 1269 et
600 1230 793 1280 inquisito
834 1230 1048 1280 diligenter
1083 1244 1151 1280 per
1185 1230 1336 1279 scripta
1373 1234 1412 1268 et
1449 1230 1583 1269 tallias
1621 1235 1820 1280 quantum
1859 1231 2061 1280 predictus
2098 1232 2219 1281 Hugo

516 1293 685 1342 singulis
724 1292 912 1342 predictis
953 1292 1093 1330 Judeis
1129 1292 1297 1330 debebat
1338 1293 1385 1330 de
1423 1295 1508 1330 toto
1555 1293 1732 1342 predicto
1781 1292 1914 1332 debito
1952 1294 2217 1333 ducentarum

515 1359 554 1393 et
591 1355 735 1403 viginti
770 1353 962 1392 librarum
996 1354 1327 1403 perdonationem
1362 1355 1581 1404 predictam
1620 1368 1745 1405 usque
1777 1356 1825 1393 ad
1860 1355 2146 1405 quaterviginti
2180 1360 2219 1395 et

514 1418 690 1468 quinque
739 1430 895 1455 marcas
953 1417 1173 1455 secundum
1231 1417 1459 1466 portionem
1508 1429 1621 1454 suam
1672 1418 1779 1467 ipsos
1824 1418 2127 1467 contingentem
2176 1419 2216 1457 in

515 1478 659 1518 debitis
695 1492 770 1528 que
809 1478 924 1517 nobis
965 1477 1109 1516 debent
1149 1478 1204 1516 eis
1245 1478 1406 1516 allocari
1443 1477 1615 1516 faciatis.
1687 1479 1803 1517 Teste
1842 1481 1887 1516 ut
1921 1491 2053 1528 supra.

627 1593 701 1629 l'ro
740 1595 904 1639 episcopo
943 1599 975 1627 ct
1007 1593 1135 1639 priore
1173 1599 1204 1628 st
1244 1593 1433 1628 ›mmaelaez's
1472 1591 1856 1640 Jh'lyensibus.—<Rex
1887 1590 2103 1630 baronibus
2137 1593 2219 1630 suis

515 1655 562 1692 de
603 1654 809 1693 Scaccario
848 1654 1033 1691 salutem.
1104 1653 1347 1690 Mandamus
1386 1652 1497 1691 vobis
1527 1653 1632 1702 quod
1667 1653 1829 1691 allocari
1864 1654 2022 1692 faciatis
2055 1667 2216 1693 venera-

515 1716 584 1754 bili
633 1716 736 1766 patri
785 1716 837 1753 H.
888 1715 1076 1765 Elyensis
1123 1715 1320 1764 episcopo,
1371 1718 1409 1752 et
1456 1715 1578 1764 priori
1626 1718 1664 1753 et
1715 1716 1925 1754 monachis
1974 1716 2218 1767 Elyensibus

515 1779 828 1817 amerciamenta
860 1778 1073 1815 hominum
1114 1790 1278 1814 suorum
1312 1777 1418 1814 infra
1452 1777 1662 1815 hundreda
1697 1790 1769 1815 sua
1802 1781 1841 1816 et
1872 1780 1997 1824 extra,
2031 1778 2218 1817 similiter

513 1844 552 1880 et
586 1840 732 1879 catalla
766 1839 1029 1887 fugitivorum
1060 1842 1098 1876 et
1132 1851 1416 1887 suspensorum
1452 1839 1498 1876 de
1530 1839 1719 1888 predictis
1748 1839 1968 1877 hundredis
1996 1841 2215 1879 secundum

514 1907 694 1942 tenorem
733 1905 933 1941 cartarum
978 1913 1141 1939 suarum
1181 1914 1279 1950 quas
1322 1901 1489 1950 predicti
1531 1901 1753 1950 episcopus,
1793 1901 1900 1950 prior
1942 1904 1980 1940 et
2028 1904 2216 1942 monachi

514 1966 664 2004 habent
713 1978 734 2003 a
781 1963 896 2003 nobis
945 1967 982 2002 et
1030 1963 1375 2013 predecessoribus
1423 1963 1573 2001 nostris
1621 1962 1779 2012 regibus
1819 1963 1986 2013 Anglie3
2036 1968 2074 2003 et
2113 1965 2216 2004 sicut

514 2027 692 2078 predicta
739 2026 1052 2065 amerciamenta
1099 2029 1137 2063 et
1184 2026 1329 2063 catalla
1378 2025 1641 2073 fugitivorum
1695 2028 1733 2063 et
1781 2038 2068 2075 suspensorum
2116 2027 2215 2066 alias

514 2093 805 2129 consueverunt
860 2088 915 2126 eis
972 2088 1133 2126 allocari
1190 2088 1238 2125 ad
1301 2087 1557 2126 Scaccarium
1620 2090 1806 2125 nostrum
1863 2100 1932 2136 per
1987 2088 2214 2128 libertatem

514 2153 784 2202 predictarum
823 2153 1038 2189 cartarum.
1126 2149 1242 2188 Teste
1282 2153 1325 2187 ut
1365 2162 1498 2199 supra.

624 2266 699 2301 Pro
741 2264 919 2300 Niclmlas
967 2265 1008 2299 de
1056 2262 1522 2311 (la-eleay.—Mandatum
1571 2264 1631 2299 est
1677 2260 1974 2300 constabulario
2011 2262 2215 2301 Bristollie

512 2326 616 2375 quod
655 2325 864 2374 permittat
902 2324 1096 2362 Nicholao
1134 2324 1181 2361 de
1214 2324 1377 2373 Oxehay
1408 2323 1576 2361 vendere
1607 2325 1770 2360 centum
1805 2323 1995 2361 solidatos
2026 2323 2133 2363 bosci
2172 2325 2214 2362 in

513 2387 630 2426 bosco
679 2400 750 2425 suo
798 2387 844 2424 de
896 2387 1074 2431 Butt0n⁷‚
1123 2386 1191 2435 qui
1239 2390 1299 2424 est
1348 2385 1389 2423 in
1439 2386 1542 2435 haya
1588 2385 1692 2433 regis
1740 2385 1787 2423 de
1837 2385 2106 2434 Gingeswud'‚
2158 2387 2215 2425 ita

513 2450 618 2500 quod
659 2452 818 2487 vastum
865 2449 906 2485 in
950 2448 1068 2487 bosco
1113 2448 1182 2486 illo
1228 2460 1308 2486 non
1354 2447 1437 2486 fiat.
1525 2447 1641 2485 Teste
1685 2459 1774 2496 rege
1820 2448 1924 2496 apud
1968 2447 2211 2498 Merleberg',

513 2513 625 2563 xviij.
662 2512 725 2550 die
763 2510 983 2550 Februarii.

622 2626 700 2662 Pro
752 2625 807 2661 W.
857 2624 1070 2660 Eli-oniensi
1115 2621 1593 2670 episcopa—Mandatum
1650 2624 1709 2659 est
1765 2621 1990 2660 vicecomiti
2050 2621 2211 2661 Sussex’

513 2687 617 2737 quod
665 2699 746 2725 non
793 2684 1002 2734 permittat
1048 2684 1153 2733 quod
1209 2684 1343 2721 Hamo
1397 2684 1443 2720 de
1499 2683 1759 2732 Crevequoer,
1809 2684 2016 2723 occasione
2070 2685 2212 2723 mortis

513 2749 669 2787 heredis
708 2746 903 2786 Willelmi
947 2746 994 2784 de
1041 2745 1255 2784 Abbrincis
1301 2745 1369 2795 qui
1418 2745 1496 2783 fuit
1543 2745 1585 2783 in
1633 2745 1816 2784 custodia
1855 2745 1918 2784 W.
1968 2746 2212 2786 Exoniensis

513 2810 701 2861 episcopi,
751 2821 919 2847 manum
968 2808 1105 2846 mittat
1157 2807 1206 2845 ad
1251 2807 1396 2845 catalla
1448 2819 1524 2856 que
1578 2807 1683 2845 idem
1736 2807 1946 2856 episcopus
1997 2807 2118 2846 habet
2169 2809 2211 2846 in

514 2873 628 2912 terris
693 2884 768 2921 que
834 2871 997 2908 fuerunt
1062 2869 1231 2918 predicti
1287 2869 1482 2907 Willelmi
1547 2869 1609 2907 vel
1674 2869 1723 2907 ad
1785 2868 1902 2907 blada
1967 2883 2042 2919 que
2107 2870 2213 2909 idem

513 2936 721 2985 episcopus
771 2931 962 2971 seminari
1012 2931 1104 2970 fecit
1159 2931 1199 2968 in
1249 2931 1395 2969 eisdem
1449 2931 1589 2975 terris;
1647 2944 1722 2980 que
1773 2931 1936 2981 quidem
1985 2931 2131 2970 catalla
2174 2936 2212 2971 et

513 2997 631 3036 blada
667 2996 795 3033 eidem
835 2994 1019 3043 episcopo
1058 2992 1328 3031 concessimus
1366 2991 1550 3030 habenda
1587 2993 1792 3031 occasione
1831 2993 2009 3031 custodie
2039 2994 2212 3043 predicte

513 3072 594 3097 non
633 3057 818 3096 obstante
856 3058 984 3093 morte
1024 3054 1190 3103 predicti
1230 3054 1400 3093 heredis.
1493 3054 1549 3093 Et
1589 3055 1622 3093 si
1661 3055 1763 3093 forte
1802 3054 1907 3092 idem
1948 3054 2082 3093 Hamo
2120 3055 2211 3093 inde

512 3120 737 3159 molestiam
788 3118 850 3156 vel
900 3117 1123 3165 dampnum
1173 3117 1313 3154 intulit
1365 3119 1506 3155 contra
1559 3115 1873 3165 prohibitionem
1923 3116 2026 3165 regis
2081 3117 2210 3155 eidem

512 3181 691 3221 Hamoni
735 3180 828 3217 inde
874 3179 1022 3216 factam
1070 3178 1154 3227 ipse
1193 3178 1277 3216 sine
1315 3178 1508 3216 dilatione
1546 3178 1586 3216 id
1631 3177 1752 3216 faciat
1792 3178 2011 3224 emendari,
2051 3191 2101 3216 ne
2139 3191 2210 3227 pro

511 3245 668 3283 defectu
707 3243 768 3281 sui
802 3241 851 3280 ad
889 3253 1021 3289 regem
1061 3240 1212 3279 clamor
1249 3240 1341 3278 inde
1380 3240 1586 3289 pervenire
1624 3239 1776 3278 debeat.
1849 3239 1965 3278 Teste
1998 3242 2043 3278 ut
2076 3253 2208 3289 supra.

619 3321 773 3359 Eodem
803 3319 923 3357 modo
953 3318 1193 3356 mandatum
1232 3322 1291 3357 est
1330 3318 1634 3358 vicecomitibus
1673 3317 1838 3364 Kancie,
1879 3316 2014 3365 Berk',
2055 3318 2208 3366 Bedef‘,

512 3383 731 3423 Hertford’.
