2375 3587
231 206 314 248 250

290 337 433 384 1236.

289 404 431 443 mus]

1163 209 1349 254 CLOSE
1394 207 1597 254 ROLLs

633 404 787 442 Eodem
827 405 946 443 modo
984 405 1172 444 scribitur
1209 406 1389 444 Johanni
1427 406 1474 445 de
1522 406 1677 453 Nevill',
1725 406 1932 457 justiciaro
1977 406 2135 452 foreste,
2177 406 2224 444 de

526 477 562 502 v.
603 465 828 514 quercubus
873 466 1068 506 habendis
1119 468 1160 505 in
1213 480 1331 517 parco
1381 468 1427 506 de
1478 468 1688 506 Hathfeld’
1741 469 1790 506 ad
1839 471 1973 518 postes
2021 467 2223 506 faciendos

526 526 575 564 ad
614 528 780 566 eandem
819 529 1043 578 grangiam.
1121 530 1238 567 Teste
1276 532 1320 567 ut
1360 542 1493 579 supra.

633 658 712 693 Pro
744 659 923 705 hospitali
956 660 999 694 de
1036 658 1538 706 Ossp›ruffi—Mandatum
1578 662 1637 697 est
1675 658 1899 697 vicecomiti
1935 657 2084 696 Rancie
2118 658 2222 707 quod

523 717 563 754 in
611 717 728 756 bosco
777 732 848 757 suo
890 720 937 757 de
979 719 1176 757 Mereden'
1215 719 1337 758 faciat
1384 719 1528 758 habere
1571 720 1685 759 fratri
1725 720 1774 758 G.
1815 719 2095 758 elemosinario
2137 732 2221 765 suo,

523 780 679 818 custodi
728 780 939 829 hospitalis
987 781 1033 819 de
1082 781 1312 830 Hospring',
1364 782 1417 832 vj.
1471 782 1579 820 fusta
1636 782 1685 820 ad
1734 783 1786 832 vj.
1840 784 1973 831 postes
2025 784 2064 820 et
2115 782 2223 819 fusta

524 842 766 880 necesssaria
805 843 853 880 ad
889 855 1044 892 pannas
1083 843 1286 881 faciendas
1324 844 1371 882 de
1409 844 1661 893 longitudine
1699 845 1752 883 lx.
1791 844 1937 893 pedum
1977 846 2015 882 et
2053 846 2224 893 quatuor

523 904 653 942 trabes
696 907 734 942 et
772 905 934 954 laqueos
977 906 1221 944 necessarios
1268 906 1316 944 ad
1354 907 1576 955 predictum
1623 906 1887 945 maereinium
1935 905 1984 943 ad
2022 906 2223 956 quendam

523 966 688 1004 domuin
736 967 777 1004 in
826 966 1004 1016 predicto
1051 968 1243 1017 hospitali
1290 968 1532 1015 faciendam,
1574 969 1621 1007 de
1659 969 1762 1008 dono
1810 969 1926 1018 regis.
2023 968 2139 1006 Teste
2179 970 2223 1005 ut

521 1041 655 1080 supra.

629 1157 760 1193 leei.
839 1158 892 1193 De
961 1165 1064 1194 terra
1127 1159 1320 1195 ,Iohannis
1386 1159 1488 1208 Rnffi
1562 1157 2105 1195 artendemla.—Mandatum
2162 1160 2222 1194 est

523 1217 756 1266 justiciariis
804 1219 851 1256 ad
900 1219 1123 1257 custodiam
1162 1219 1383 1257 Judeorum
1431 1220 1648 1269 assignatis
1686 1220 1791 1270 quod
1834 1223 1982 1258 terram
2022 1218 2222 1258 Johannis

523 1279 628 1316 Ruffi
686 1279 726 1318 in
775 1281 971 1319 comitatu
1029 1280 1281 1330 Cantebrigie
1328 1294 1403 1331 que
1456 1285 1515 1320 est
1569 1281 1732 1319 vadium
1780 1280 1919 1320 Jacobi
1968 1281 2134 1330 Crespin
2182 1283 2221 1318 et

523 1340 652 1379 Joscei
718 1342 753 1380 le
821 1343 991 1387 Prestre,
1048 1343 1270 1382 Judeorum
1327 1344 1520 1389 London',
1579 1344 1738 1382 extendi
1805 1343 1970 1389 faciant,
2036 1343 2220 1381 videlicet

521 1407 718 1452 quantum
753 1405 883 1443 valeat
918 1418 986 1454 per
1015 1418 1168 1444 annum
1199 1406 1239 1443 in
1275 1405 1510 1452 redditibus,
1538 1406 1764 1452 dominicis,
1798 1406 2010 1455 homagiis,
2045 1405 2221 1444 serviciis

522 1469 560 1503 et
626 1465 715 1503 aliis
780 1466 954 1505 exitibus
1020 1471 1134 1512 terre,
1202 1467 1393 1506 facientes
1450 1468 1541 1505 inde
1597 1467 1740 1505 habere
1806 1467 1983 1516 predicto
2040 1467 2220 1505 Johanni

521 1528 800 1566 rationabilem
848 1530 971 1567 finem
1019 1533 1057 1568 et
1105 1530 1362 1568 rationabiles
1411 1530 1604 1569 terminos
1651 1530 1700 1568 ad
1749 1530 1985 1568 solvendum
2033 1529 2221 1579 predictis

522 1589 661 1628 Judeis
707 1590 888 1628 debitum
931 1591 972 1628 in
1010 1604 1088 1641 quo
1131 1591 1187 1630 eis
1235 1595 1394 1630 tenetur
1432 1591 1651 1630 secundum
1691 1592 1866 1629 valorem
1906 1591 2080 1640 predicte
2119 1594 2220 1629 terre

520 1655 558 1689 et
604 1653 874 1701 quantitatem
923 1653 1141 1702 supradicti
1189 1653 1327 1693 debiti.
1411 1653 1527 1692 Teste
1575 1666 1664 1702 rege
1712 1653 1817 1703 apud
1857 1655 2024 1692 Crucem
2064 1653 2219 1700 Roesie‚

521 1713 599 1751 xvi.
640 1714 702 1752 die
741 1714 895 1752 Marcii.

631 1844 706 1880 Pro
743 1845 911 1880 Hem-ica
950 1845 992 1880 de
1030 1844 1169 1880 Sancto
1211 1842 1543 1880 Hillario.-Rex
1583 1843 1630 1880 R.
1671 1842 1718 1880 de
1761 1842 1973 1881 Lexinton’
2017 1846 2056 1881 et
2103 1843 2220 1882 sociis

519 1904 613 1950 suis,
669 1905 903 1954 justiciariis
958 1904 1244 1943 itinerantibus
1310 1904 1351 1942 in
1417 1904 1612 1943 comitatu
1668 1905 1797 1950 Dors‘,
1856 1905 2040 1943 salutem.
2117 1905 2220 1952 Quia

520 1966 715 2005 Gunnora
763 1967 809 2004 de
864 1967 1012 2005 Sancto
1069 1967 1242 2005 Hillario
1298 1966 1460 2004 demisit
1517 1979 1569 2012 se,
1629 1967 1732 2005 sicut
1789 1967 1930 2005 datum
1987 1970 2046 2005 est
2103 1966 2218 2006 nobis

518 2028 704 2077 intelligi,
749 2029 795 2066 de
842 2029 1023 2067 manerio
1070 2029 1117 2066 de
1165 2029 1330 2067 Cortun'
1370 2029 1473 2077 quod
1523 2029 1730 2082 Galfridus
1778 2029 1825 2066 de
1873 2029 2069 2079 Dynaunt
2117 2029 2218 2079 petit

518 2104 655 2129 versus
711 2090 841 2140 ipsam
899 2104 966 2140 per
1023 2090 1139 2128 breve
1191 2094 1375 2128 nostrum
1428 2103 1560 2128 coram
1619 2090 1743 2136 vobis,
1794 2093 1832 2128 et
1889 2091 1982 2129 inde
2039 2091 2219 2140 cepimus

518 2153 752 2201 homagium
801 2153 966 2191 Henrici
1015 2153 1061 2190 de
1111 2152 1259 2191 Sancto
1307 2152 1505 2202 Hyllario,
1555 2152 1629 2190 filii
1678 2152 1752 2197 sui,
1803 2155 1847 2190 ut
1894 2153 2054 2198 dicitur,
2106 2152 2218 2191 vobis

518 2214 759 2252 mandamus
792 2215 896 2264 quod
930 2215 1130 2264 loquelam
1161 2228 1235 2264 que
1270 2217 1330 2253 est
1364 2215 1468 2252 inter
1494 2214 1717 2263 predictum
1751 2214 1979 2252 Galfridum
2012 2218 2050 2253 et
2089 2215 2217 2264 ipsam

519 2276 757 2315 Gunnoram
805 2277 850 2314 de
894 2276 1073 2314 manerio
1112 2277 1289 2325 predicto
1335 2277 1494 2326 ponatis
1536 2276 1578 2314 in
1622 2279 1847 2325 respectum
1896 2289 2020 2326 usque
2064 2277 2104 2314 in
2153 2291 2216 2315 xv.

518 2338 601 2376 dies
640 2352 662 2376 a
695 2339 863 2384 Pascha,
900 2352 1006 2377 anno
1046 2339 1158 2388 regni
1198 2338 1325 2377 nostri
1364 2352 1444 2382 xx„
1481 2341 1525 2376 ut
1563 2338 1725 2376 interim
1765 2338 1915 2387 inquiri
1951 2338 2146 2377 faciamus
2186 2339 2218 2376 si

518 2401 695 2449 predicta
747 2402 944 2439 Gunnora
993 2401 1040 2439 de
1089 2401 1267 2450 predicto
1316 2401 1495 2439 manerio
1547 2414 1587 2439 se
1634 2400 1840 2438 demiserit
1889 2404 1928 2439 et
1981 2401 2217 2451 homagium

519 2463 686 2512 predicti
739 2463 906 2501 Henrici
960 2463 1051 2501 inde
1102 2463 1338 2512 ceperimus,
1387 2462 1490 2501 sicut
1537 2462 1762 2512 predictum
1812 2465 1884 2500 est.
1973 2464 2089 2501 Teste
2130 2475 2220 2512 rege

521 2525 625 2574 apud
661 2524 827 2563 Crucem
868 2524 1025 2569 Roesie‚
1065 2527 1140 2563 etc.
1188 2527 1232 2562 ut
1272 2536 1403 2574 supra.

632 2668 706 2703 Pro
748 2667 954 2714 &odessi-[11¹0
993 2667 1033 2701 de
1074 2664 1614 2702 Craucmnb’.—Mandatum
1653 2667 1712 2702 est
1751 2664 1985 2703 custodibus
2032 2665 2218 2703 vinorum

519 2741 683 2767 suorum
723 2727 876 2765 Oxonie
913 2726 1019 2776 quod
1057 2726 1207 2764 faciant
1255 2726 1400 2764 habere
1448 2726 1666 2765 Godefrido
1708 2726 1755 2764 de
1804 2726 2039 2765 Craucumb'
2094 2739 2220 2764 unum

519 2791 672 2829 dolium
720 2789 803 2827 vini
851 2789 899 2827 de
946 2788 1050 2826 vinis
1099 2789 1248 2827 nostris
1295 2801 1370 2838 que
1417 2792 1512 2826 sunt
1559 2788 1601 2826 in
1640 2788 1821 2827 custodia
1858 2792 1991 2827 vestra
2029 2802 2100 2838 pro
2137 2802 2218 2827 uno

520 2853 625 2891 dolio
681 2852 765 2890 vini
821 2852 926 2901 quod
984 2850 1101 2889 nobis
1158 2851 1429 2889 commodavit
1482 2863 1572 2889 cum
1639 2863 1767 2899 nuper
1832 2850 2048 2889 fuissemus
2113 2851 2218 2900 apud

520 2914 768 2953 Bernewell’.
846 2913 962 2952 Teste
996 2916 1041 2951 ut
1080 2926 1212 2962 supra.

632 3055 844 3091 Wasconia.
921 3055 1000 3090 Pro
1040 3055 1206 3102 Amenyo
1245 3056 1288 3091 (Ie
1326 3052 1794 3091 Lenbretr—Mandatum
1835 3054 1895 3090 est
1934 3051 2137 3091 Willelmo
2170 3053 2218 3090 de

520 3116 758 3155 Haverhull’
791 3118 830 3153 et
863 3115 1066 3153 Willelmo
1100 3115 1258 3154 scissori
1292 3128 1363 3154 suo
1401 3115 1505 3165 quod
1547 3115 1625 3153 emi
1664 3114 1815 3152 faciant
1863 3126 1987 3152 unam
2035 3114 2217 3163 pulcram

519 3179 730 3218 culcitram
779 3178 825 3215 de
874 3177 998 3216 serico
1045 3180 1083 3215 et
1131 3190 1257 3215 unum
1305 3177 1546 3215 matracium
1591 3180 1629 3214 et
1677 3176 1878 3226 quoddam
1924 3176 2217 3224 coopertorium

520 3241 567 3279 de
605 3240 794 3278 scarletto
832 3252 923 3276 cum
962 3239 1109 3287 penula
1156 3239 1202 3277 de
1242 3239 1358 3277 bissis
1403 3243 1441 3277 et
1485 3252 1530 3276 ea
1574 3237 1744 3276 liberent
1789 3237 1842 3275 H.
1883 3237 1931 3274 de
1971 3236 2218 3282 Trublevill',

521 3302 738 3341 senescallo
789 3314 860 3339 suo
912 3301 1136 3346 Wasconie,
1180 3301 1229 3338 ad
1283 3313 1382 3350 opus
1432 3300 1601 3338 Amenei
1649 3299 1696 3337 de
1741 3298 1952 3344 Lenebret,
2003 3298 2050 3336 de
2099 3299 2217 3344 dono,

522 3365 639 3414 regis.
717 3363 835 3401 Teste
874 3376 962 3411 rege
1001 3363 1107 3411 apud
1142 3363 1334 3410 Weston’,
1371 3363 1451 3400 xix.
1492 3363 1554 3400 die
1593 3360 1747 3399 Marcii.
