2375 3587
154 320 298 366 1236.

149 387 208 426 [m.
234 385 303 425 ial

1037 201 1087 239 21
1133 198 1339 239 HENRY
1376 197 1456 239 III.
2012 194 2091 235 401

392 408 460 444 per
499 396 859 433 summonitionem
899 395 1095 434 Scaccarii
1133 395 1249 444 regis,
1284 407 1421 444 pacem
1454 394 1489 431 ei
1524 393 1667 432 habere
1701 392 1940 442 permittant
1972 402 2097 440 usque

391 457 440 495 ad
478 457 641 495 octabas
682 457 821 496 Sancti
861 457 1037 503 Hillarii,
1078 470 1186 495 anno
1225 456 1339 506 regni
1378 455 1506 494 nostri
1544 455 1626 505 xxj.
1701 454 1818 492 Teste
1855 466 1945 502 rege
1989 451 2095 501 apud

392 519 647 569 Merleberge,
687 519 771 570 viij.
812 519 875 557 die
914 518 1163 558 Decembris.

498 597 653 635 Eodem
690 597 810 635 modo
848 597 1037 635 scribitur
1074 595 1302 635 vicecomiti
1342 595 1583 634 Gloucestr'.

499 706 575 742 Pro
615 706 791 743 Johanne
833 704 1345 743 Extranea—Mandatum
1384 706 1445 741 est
1484 701 1710 740 vicecomiti
1750 701 1861 738 Norf’
1896 700 2002 749 quod
2048 700 2095 737 de

389 780 420 805 c.
453 767 590 805 solidis
620 780 719 816 quos
748 767 874 816 exigit
904 780 926 804 a
955 767 1143 805 Johanne
1168 766 1377 804 Extraneo
1408 778 1478 814 per
1504 762 1868 802 summonitionem
1900 760 2097 800 Scaccarii

390 830 436 867 de
484 829 853 867 ammerciamentis
904 829 1021 867 factis
1056 842 1190 867 corani
1222 827 1458 878 justiciariis
1493 827 1596 876 regis
1633 825 1777 863 ultimo
1812 823 2098 862 itinerantibus

390 891 431 928 in
471 891 667 929 comitatu
706 891 832 936 Norf'‚
874 903 1014 940 pacem
1054 889 1198 928 habere
1238 889 1448 938 permittat
1487 900 1612 938 usque
1655 887 1704 925 ad
1743 885 1906 924 octabas
1957 884 2096 924 Sancti

392 953 569 998 Hillarii‚
611 965 719 991 anno
759 953 872 1002 regni
913 953 993 1003 xxj.
1053 952 1172 990 Teste
1210 954 1255 989 ut
1295 963 1429 1001 supra.

502 1058 581 1094 Pro
631 1059 774 1094 nmzu‘iss
823 1058 968 1093 domine·
1018 1053 1581 1103 Imperatoris.-—Mandatum
1632 1054 1692 1092 est
1746 1051 1906 1090 ballivis
1959 1052 2099 1100 portus

394 1120 513 1158 Dovr'
554 1119 673 1169 quod,
714 1132 807 1157 cum
857 1119 982 1168 aliqui
1037 1117 1173 1156 nuntii
1226 1116 1379 1155 domini
1430 1115 1693 1165 Impera-toris
1740 1112 2012 1164 applicuerint
2059 1112 2100 1149 in

394 1186 511 1232 portu
550 1182 672 1220 Dovr'
728 1182 788 1219 vel
843 1182 938 1219 illuc
993 1181 1177 1219 venerint
1225 1180 1273 1217 ad
1328 1179 1678 1217 transfretandum
1719 1177 1760 1214 in
1800 1180 1933 1225 partes
1972 1178 2100 1214 trans-

395 1245 584 1285 marinas.
635 1244 761 1282 nichil
814 1244 863 1281 ab
916 1244 973 1281 eis
1026 1243 1197 1292 capiatis
1240 1243 1298 1280 vel
1347 1241 1434 1291 capi
1485 1241 1746 1290 permittatis.
1826 1240 1879 1276 Et
1928 1237 1959 1276 si
2006 1237 2102 1287 quid

394 1307 645 1357 competierit
675 1307 914 1356 capiendum
946 1305 994 1343 ab
1029 1306 1085 1343 eis
1120 1308 1158 1343 et
1195 1317 1275 1343 non
1308 1304 1490 1353 capiatur
1521 1303 1729 1342 occasione
1761 1301 1884 1351 hujus
1917 1299 2101 1338 mandati

394 1370 535 1415 nostri,
566 1369 671 1407 unde
711 1368 855 1418 aliquis
894 1369 1118 1417 dampnum
1155 1366 1307 1416 aliquid
1347 1366 1540 1410 incurrat,
1573 1364 1671 1402 illud
1712 1362 1826 1401 nobis
1867 1361 2103 1412 significetis

395 1436 433 1470 et
472 1432 638 1482 dampni
677 1431 949 1481 quantitatem
989 1434 1028 1468 et
1067 1443 1139 1468 nos
1179 1430 1271 1467 inde
1310 1428 1611 1467 satisfaciemus
1659 1427 1715 1465 eis
1764 1426 1831 1475 qui
1879 1426 2103 1474 dampnum

395 1495 497 1532 illud
535 1494 642 1544 passi
683 1494 848 1532 fuerint.
926 1492 1043 1530 Teste
1082 1495 1125 1530 ut
1167 1504 1300 1541 supra.

503 1600 714 1647 Hyberm'a.
802 1599 879 1635 Pru
940 1599 1067 1645 priore
1123 1599 1164 1632 tle
1224 1594 1704 1633 ‹''czrtnel'.——-Man‹latum
1762 1596 1823 1630 est
1880 1590 2104 1641 justiciario

398 1661 604 1712 Hybernie
642 1661 747 1710 quod
786 1660 996 1710 permittat
1046 1658 1121 1696 hae
1173 1657 1258 1695 vice
1311 1656 1486 1706 priorem
1540 1655 1587 1693 de
1645 1654 1817 1693 Carmel'
1872 1653 2013 1691 ducere
2059 1652 2105 1690 de

397 1723 511 1762 blado
561 1737 631 1761 suo
685 1723 844 1772 proprio
891 1722 937 1759 de
989 1721 1171 1758 manerio
1223 1732 1295 1757 suo
1346 1719 1393 1757 de
1446 1718 1590 1768 Kylros
1643 1717 1837 1756 ducentos
1887 1727 2106 1753 crannocos

397 1785 593 1823 frumenti
633 1785 682 1823 ad
721 1785 886 1822 domum
928 1795 1043 1820 suam
1084 1782 1125 1819 in
1160 1780 1308 1830 Anglia
1347 1780 1433 1818 sine
1473 1778 1781 1829 impedimento.
1860 1777 1977 1815 Teste
2017 1789 2107 1825 rege

398 1848 504 1898 apud
544 1846 802 1895 Merleberge,
845 1846 895 1883 ix.
935 1846 998 1883 die
1038 1843 1285 1882 Decembris.

509 1964 587 1999 Pro
624 1962 762 1998 Iacobo
794 1960 874 2003 filio
916 1959 1110 1995 Benedicti
1146 1957 1269 1994 ἰῙιιιῖεο
1307 1952 1743 1992 Loml’.—Mandatu1n
1778 1956 1838 1990 est
1872 1951 2106 2002 justiciariis

401 2026 449 2063 ad
495 2023 721 2063 custodiam
775 2023 995 2059 Judeorum
1049 2018 1268 2068 assignatis
1321 2017 1428 2066 quod
1480 2015 1724 2054 demandam
1778 2026 1900 2064 quam
1951 2013 2107 2051 faciunt

401 2087 550 2126 -Jacobo
588 2086 670 2124 filio
705 2083 915 2122 Benedicti
950 2081 1133 2126 Levesk’,
1175 2080 1295 2118 Judei
1332 2081 1414 2130 (sic)
1447 2078 1647 2123 London‘,
1683 2077 1730 2115 de
1770 2076 1951 2125 taillagio
1990 2087 2109 2125 super

401 2163 493 2189 eum
524 2162 651 2198 nuper
688 2148 826 2192 assiso,
865 2148 1017 2195 ponant
1047 2144 1088 2181 in
1120 2145 1350 2192 respectum
1381 2153 1506 2191 usque
1536 2139 1578 2178 in
1609 2152 1674 2178 xv.
1703 2138 1787 2177 dies
1817 2151 1839 2176 a
1873 2138 1937 2176 die
1969 2137 2108 2177 Sancti

403 2211 565 2250 'Hillarii
604 2211 644 2247 in
686 2223 748 2247 xv.
789 2209 873 2246 dies
914 2208 996 2255 (siv)
1038 2218 1147 2244 anno
1187 2204 1301 2252 regni
1340 2203 1422 2253 xxj.
1503 2202 1620 2240 Teste
1660 2204 1704 2239 ut
1744 2213 1878 2249 supra.

519 2325 592 2360 Pro
628 2324 754 2370 priore
791 2322 832 2357 cle
872 2314 1458 2357 Bradenestols’.-Mandatum
1497 2316 1557 2352 est
1610 2310 1928 2363 (constabulario
1979 2311 2107 2349 Divis'

401 2389 528 2424 struck·
561 2386 638 2435 aut)
681 2382 837 2422 custodi
885 2381 1031 2419 foreste
1070 2379 1117 2416 de
1157 2377 1380 2426 Chipeham
1433 2375 1539 2425 quod
1599 2375 1640 2412 in
1698 2374 1846 2413 foresta
1903 2373 2005 2422 regis
2062 2374 2110 2411 (le

405 2449 629 2498 Chipeham
670 2446 789 2485 faciat
829 2443 973 2482 habere
1020 2441 1141 2491 priori
1194 2441 1240 2478 de
1294 2436 1581 2476 Bradenestok'
1632 2450 1667 2474 v.
1720 2435 1824 2474 bona
1862 2434 2003 2474 robora
2060 2436 2107 2473 ad

405 2512 538 2550 focum
578 2521 710 2554 suum,
751 2508 798 2545 de
837 2507 941 2545 dono
981 2504 1095 2553 regis.
1183 2503 1300 2540 Teste
1341 2506 1384 2539 ut
1425 2513 1558 2549 supra.

518 2626 632 2662 Breve
679 2624 720 2659 «le
766 2617 1243 2669 permutazariam—Rex
1292 2613 1518 2653 vicecomiti
1569 2613 1699 2657 Dors',
1751 2611 1937 2649 salutem.
2017 2611 2105 2648 Pre-

405 2689 578 2739 cipimus
617 2685 689 2724 tibi
728 2684 831 2733 quod
880 2680 1099 2730 assumptis
1138 2683 1271 2717 tecum
1312 2678 1381 2727 xij.
1415 2677 1463 2714 de
1502 2673 1697 2724 legalibus
1736 2678 1774 2711 et
1813 2673 2111 2712 discretioribus

408 2749 606 2789 militibus
635 2749 681 2786 de
711 2745 907 2784 comitatu
937 2746 1006 2782 tuo
1036 2743 1077 2779 in
1108 2741 1268 2792 propria
1298 2751 1469 2789 persona
1490 2741 1559 2775 tua
1578 2750 1644 2774 eas
1667 2749 1789 2785 usque
1822 2734 2110 2785 L'pwymburn‘

408 2821 446 2852 et
475 2811 650 2851 Pentric'
682 2817 720 2848 et
751 2821 820 2858 pei·
849 2819 1054 2845 sacramen
1086 2808 1173 2843 tum
1203 2802 1422 2842 eorundem
1453 2799 1537 2837 fieri
1569 2799 1692 2836 facias
1722 2796 2111 2846 perambulationem

409 2877 514 2914 inter
551 2878 699 2913 terram
739 2869 922 2909 Nicholai
961 2866 1221 2906 Malesmeins
1260 2865 1301 2902 in
1336 2862 1615 2913 Upwimburn'
1656 2865 1694 2898 et
1734 2865 1880 2898 terram
1913 2859 2112 2897 Hamonis

410 2939 481 2977 filii
520 2936 681 2975 Ricardi
720 2934 762 2972 in
800 2931 989 2976 Pentric',
1040 2930 1096 2968 ita
1151 2927 1258 2978 quod
1314 2924 1608 2976 perambulatio
1663 2923 1733 2960 illa
1771 2922 1841 2959 fiat
1881 2934 1949 2970 per
1986 2927 2113 2959 certas

412 3004 541 3039 metas
579 3002 618 3037 et
656 2997 827 3040 divisas;
876 2994 970 3043 quia
1008 2997 1092 3031 tam
1132 2991 1238 3029 idem
1295 2988 1515 3027 Nicholaus
1571 2998 1692 3036 quam
1732 2984 1934 3034 predictus
1981 2983 2115 3021 Hamo

412 3064 631 3113 posuerunt
670 3072 709 3097 se
748 3058 789 3095 in
845 3054 1192 3106 perambulatione
1248 3052 1331 3090 illa.
1423 3050 1479 3088 Et
1536 3046 1927 3098 perambulationem
1985 3045 2112 3092 illam,

411 3125 601 3164 distincte
640 3125 679 3160 et
718 3122 853 3170 aperte
887 3118 928 3155 in
968 3117 1165 3165 scriptum
1207 3114 1411 3152 redactam
1460 3110 1532 3149 sub
1581 3109 1714 3158 sigillo
1752 3111 1821 3146 tuo
1859 3110 1898 3144 et
1936 3119 2005 3156 per
2042 3107 2114 3157 iiij.

413 3188 560 3237 legales
621 3183 771 3221 milites
818 3194 865 3218 ex
912 3179 991 3216 hiis
1040 3177 1108 3227 qui
1155 3172 1494 3226 perambulationi
1542 3171 1602 3209 illi
1649 3168 1907 3208 interfuerint
1968 3166 2116 3206 habeas

414 3262 547 3289 coram
604 3243 838 3298 justiciariis
891 3241 1040 3280 nostris
1093 3239 1143 3278 ad
1190 3238 1365 3288 primam
1421 3234 1588 3273 assisam
1646 3244 1739 3271 cum
1778 3231 1820 3267 in
1860 3232 1991 3279 partes
2026 3229 2116 3267 illas

414 3311 610 3355 venerint,
660 3310 698 3346 et
755 3307 829 3344 hoc
884 3304 1014 3342 breve.
1109 3302 1226 3339 Teste
1292 3311 1382 3349 rege
1447 3296 1552 3347 apud
1619 3294 1875 3342 Merleberge‚
1943 3306 1979 3329 x.
2054 3291 2117 3330 die

417 3371 663 3413 Decembris.

469 3459 574 3493 18690
1961 3439 1982 3475 2
2003 3440 2026 3472 C
