2375 3587
183 207 264 247 556

240 327 382 374 1237.

252 404 295 424 m.
315 395 385 433 51I.]

232 3015 385 3056 [m4a]

1112 209 1299 253 CLOSE
1339 211 1544 254 ROLLS.

480 406 628 445 facient
667 408 856 457 predictis
902 409 1101 448 militibus
1141 411 1290 448 nostris
1331 414 1368 449 et
1408 412 1589 450 clerico*
1629 413 1900 461 reponendam
1948 414 1989 451 in
2039 415 2182 465 majori

480 469 646 507 ecclesia
698 470 911 520 Cycestrie.
979 472 1126 509 Nullus
1177 476 1314 510 autem
1364 486 1513 522 pauper
1562 473 1685 512 homo
1732 474 1794 512 vel
1842 488 1991 525 pauper
2038 476 2184 514 mulier

480 531 631 580 aliquid
684 532 731 569 ad
785 533 860 571 hoc
899 533 1075 571 conferet
1116 534 1193 571 nisi
1234 534 1380 573 habeat
1423 536 1463 572 in
1505 534 1621 573 bonis
1660 536 1874 585 plusquam
1914 538 2182 587 quadraginta

478 593 674 631 denarios.
752 595 879 633 Debet
931 596 1054 633 etiam
1109 596 1218 633 reddi
1272 597 1444 645 pecunia
1492 597 1671 645 predicta
1725 598 1773 635 ad
1819 599 1919 637 duos
1972 599 2181 645 terminos,

478 655 662 694 videlicet
701 657 896 695 medietas
936 658 975 694 in
1016 658 1192 695 crastino
1234 658 1371 696 Sancti
1412 658 1569 696 Andree
1608 672 1715 696 anno
1754 663 1829 698 etc.
1862 661 1959 710 xxij.
1992 665 2029 699 et
2060 662 2185 700 altera

477 718 671 756 medietas
711 719 750 756 in
790 720 966 757 crastino
1008 720 1154 758 Sancte
1195 720 1406 758 Trinitatis
1445 734 1552 759 anno
1583 721 1734 760 eodem.
1813 722 2016 771 Incipient
2046 726 2182 762 autem

478 779 553 819 iter
591 781 816 830 predictum
860 781 982 823 †loco
1019 786 1126 819 certo
1163 782 1211 819 ad
1251 782 1324 820 hoc
1355 783 1599 832 competenti
1630 783 1671 820 in
1701 783 1878 822 crastino
1908 785 2184 823 Exaltationis

480 844 625 882 Sancte
679 843 830 883 Crucis.
886 842 1028 893 quibus
1081 844 1142 881 die
1194 849 1232 881 et
1285 844 1371 882 1000
1424 844 1580 882 faciatis
1634 845 1858 893 predictum
1918 846 2183 884 senescallum

478 909 681 954 vestrum?
736 909 775 944 et
828 909 1000 955 quatuor
1049 906 1199 943 milites
1252 907 1313 944 vel
1362 910 1535 956 quatuor
1588 907 1774 945 homines
1825 911 1978 946 vestros
2017 908 2066 946 ad
2109 909 2185 947 hoc

480 968 706 1017 assignatos
757 967 905 1012 venire,
959 971 996 1005 et
1050 968 1154 1005 idem
1204 969 1447 1006 senescallus
1496 969 1544 1007 ab
1597 969 1653 1007 eis
1701 974 2003 1008 sacramentum
2053 971 2184 1020 capiat

479 1029 627 1068 ibidem
679 1037 717 1068 et
771 1030 919 1068 eisdem
970 1030 1165 1068 auxilium
1216 1031 1423 1079 impendat
1468 1031 1523 1068 ita
1561 1031 1665 1081 quod
1706 1032 1917 1080 negocium
1958 1033 2183 1081 predictum

479 1094 526 1130 ad
565 1093 822 1131 commodum
863 1098 900 1129 et
942 1092 1159 1130 utilitatem
1201 1096 1380 1130 nostram
1422 1093 1462 1130 in
1505 1094 1621 1131 terris
1660 1097 1699 1131 et
1738 1093 1996 1132 libertatibus
2040 1095 2183 1133 vestris

478 1154 691 1192 salubriter
730 1155 930 1203 procedat.
1010 1154 1156 1192 Sciatis
1196 1155 1317 1192 etiam
1354 1155 1459 1203 quod
1493 1155 1658 1204 predicti
1700 1158 1873 1204 quatuor
1912 1156 2098 1195 homines
2137 1157 2183 1195 de

477 1217 647 1266 singulis
698 1217 804 1254 111113
858 1230 937 1254 11011
991 1216 1185 1266 jurabunt
1239 1217 1285 1253 de
1339 1217 1509 1266 propriis
1562 1217 1719 1254 catallis
1773 1218 1855 1255 suis
1909 1232 1980 1257 nec
2033 1219 2182 1258 eisdem

477 1280 655 1329 precium
695 1285 898 1328 apponent
938 1287 996 1317 set
1036 1279 1102 1317 alii
1143 1283 1314 1328 quatuor
1355 1279 1541 1317 homines
1581 1281 1627 1317 de
1668 1280 1840 1329 singulis
1875 1281 1982 1319 villis
2021 1282 2069 1319 ad
2110 1282 2184 1321 hoc

476 1342 590 1380 electi
629 1354 698 1391 per
736 1341 933 1391 predictos
973 1341 1123 1378 milites
1163 1341 1224 1378 101
1264 1341 1411 1389 legales
1447 1341 1632 1379 homines
1671 1341 1718 1378 de
1757 1341 2013 1381 libertatibus
2042 1344 2185 1382 vestris

476 1403 670 1454 jurabunt
709 1404 754 1441 de
794 1403 950 1441 catallis
990 1403 1259 1451 predictorum
1297 1407 1469 1452 quatuor
1508 1403 1687 1451 priorum
1718 1403 1932 1441 hominum
1963 1405 2183 1443 secundum

479 1468 651 1505 formam
706 1465 937 1514 predictam.
1016 1465 1097 1502 Nos
1143 1468 1278 1502 autem
1319 1465 1592 1502 concessimus
1632 1465 1819 1513 predictis
1859 1465 2181 1516 archiepiscopis,

476 1529 686 1579 episcopis,
714 1527 938 1571 abbatibus,
971 1527 1182 1576 prioribus,
1215 1526 1445 1571 comitibus,
1478 1526 1707 1573 baronibus,
1736 1531 1775 1565 et
1804 1527 1894 1565 aliis
1926 1528 2184 1578 magnatibus

477 1593 587 1642 regni
616 1591 740 1629 nostri
772 1591 889 1640 quod.
913 1594 996 1627 tam
1025 1593 1134 1627 carta
1164 1594 1300 1627 nostra
1329 1589 1375 1626 de
1407 1589 1566 1627 forestis
1596 1602 1716 1638 quam
1748 1590 1826 1627 alia
1854 1590 1901 1628 de
1931 1589 2184 1629 libertatibus

475 1668 597 1705 quam
630 1654 740 1703 prius
772 1653 1006 1697 feceramus,
1038 1652 1218 1689 decetero
1254 1652 1294 1688 in
1327 1650 1514 1689 omnibus
1547 1655 1772 1691 teneantur.
1831 1652 2029 1691 Nolumus
2059 1653 2181 1691 etiam

477 1717 581 1767 quod
629 1716 835 1754 occasione
883 1715 1004 1765 hujus
1054 1714 1192 1752 auxilii
1241 1718 1426 1752 sumatur
1464 1714 1652 1763 deinceps
1700 1714 1855 1752 occasio
1894 1715 1956 1752 vel
2004 1715 2184 1754 trabatur

478 1780 526 1818 ad
565 1778 898 1818 consuetudinem
940 1777 1098 1826 petendi
1138 1776 1236 1813 alias
1276 1776 1484 1813 consimile
1523 1776 1734 1814 auxilium.
1795 1777 1912 1814 Teste
1951 1790 2040 1826 rege
2078 1779 2184 1828 apud

478 1842 683 1885 Keniton’,
724 1854 759 1878 v.
801 1840 863 1877 die
899 1840 1084 1888 Augusti.

587 1919 827 1957 Consimiles
866 1917 1016 1955 habent
1055 1917 1378 1966 archiepiscopus
1419 1916 1698 1957 Eboracensis,
1744 1917 2025 1955 Karleolensis.

588 2024 671 2061 Rex
718 2021 853 2060 abbati
901 2022 948 2059 ‹le
995 2021 1143 2070 Bur-go,
1194 2021 1379 2058 salutem.
1464 2025 1565 2058 Cum
1615 2020 1841 2058 dederimus
1889 2021 1928 2058 in
1978 2022 2182 2061 mandatis

479 2086 667 2125 omnibus
706 2085 881 2123 baillivis
919 2085 965 2121 de
1006 2096 1126 2132 regno
1167 2088 1303 2120 nostro
1343 2083 1447 2131 quod
1488 2096 1558 2131 pro
1598 2096 1692 2131 pace
1733 2087 1868 2121 nostra
1908 2085 2103 2122 servanda
2146 2089 2183 2123 et

478 2162 548 2198 pro
597 2146 925 2185 malefactoriluis
979 2145 1279 2194 compescendis
1328 2144 1485 2191 vigilias
1538 2145 1622 2182 fieri
1678 2145 1830 2183 faciant
1883 2146 1929 2183 de
1978 2150 2096 2185 nocte
2144 2151 2183 2186 et

480 2211 644 2249 insidias
673 2216 825 2259 ponant
850 2207 1077 2246 volentibus
1103 2220 1239 2256 pacem
1267 2212 1445 2245 nostram
1472 2207 1716 2256 perturbare,
1741 2207 1844 2245 sicut
1872 2208 1968 2246 satis
1997 2209 2182 2255 audistis,

479 2275 675 2312 miramur
721 2272 1068 2322 quamplurimum
1119 2270 1235 2319 quod,
1284 2283 1376 2307 011111
1425 2274 1657 2319 preceptum
1716 2270 1767 2308 sit
1826 2271 1930 2319 quod
1988 2271 2184 2310 habentes

477 2337 705 2375 libertatem
735 2336 776 2372 in
808 2333 1060 2372 libertatibus
1091 2333 1174 2370 suis
1202 2333 1306 2370 idem
1333 2333 1417 2370 ficri
1446 2333 1636 2377 facerent,
1660 2345 1728 2370 vos
1760 2333 1799 2370 in
1826 2333 1935 2371 Nest’
1961 2334 2008 2372 de
2036 2334 2183 2384 Burgo,

477 2401 581 2449 quod
622 2403 682 2437 est
726 2398 831 2435 infra
875 2396 1100 2434 libertatem
1139 2400 1329 2440 vestram,
1372 2395 1590 2433 homicidia
1630 2396 1749 2441 furta,
1791 2400 1829 2433 et
1874 2396 1952 2434 alia
1992 2397 2181 2447 dampna,

476 2467 515 2501 et
553 2462 648 2500 alibi
688 2473 809 2510 prope
847 2472 915 2497 vos
955 2459 1039 2496 fieri
1090 2457 1339 2506 permittitis,
1381 2470 1452 2495 nec
1500 2458 1547 2495 ad
1597 2458 1672 2495 hoc
1719 2458 1934 2496 consilium
1983 2460 2185 2509 apponitis

477 2537 548 2574 pro
586 2536 680 2573 pace
719 2526 858 2560 nostra
896 2520 1182 2563 conservanda,
1219 2520 1336 2557 sicuti
1377 2520 1426 2557 ad
1466 2533 1534 2557 vos
1577 2520 1807 2568 pertineret.
1867 2520 1923 2558 Et
1954 2521 2041 2559 ideo
2071 2521 2185 2560 vobis

477 2587 647 2625 firmiter
689 2585 950 2634 injungentes
996 2582 1114 2631 quod,
1167 2582 1270 2620 sicut
1319 2581 1443 2619 'vultis
1500 2581 1729 2619 libertatem
1780 2584 1955 2619 vestram
2003 2583 2184 2622 decetero

477 2648 638 2692 servari,
669 2648 710 2684 in
743 2645 923 2695 partibus
956 2644 1098 2681 vestris
1133 2643 1286 2680 salvam
1321 2642 1547 2680 custodiam
1579 2644 1727 2692 apponi
1757 2643 1914 2681 faciatis
1944 2644 1993 2681 ad
2023 2645 2181 2683 easdem

475 2714 615 2750 contra
664 2709 772 2759 pacis
823 2711 955 2745 nostre
1008 2705 1301 2755 perturbatores
1354 2708 1392 2742 et
1449 2704 1728 2743 malefactores
1786 2705 2083 2752 custodiendas,
2126 2707 2184 2745 ita

476 2773 582 2824 quod
624 2771 666 2809 in
706 2771 812 2808 facto
850 2773 981 2807 vestro
1029 2771 1218 2817 appareat
1266 2767 1370 2816 quod
1418 2766 1527 2815 pacis
1575 2770 1711 2805 nostre
1760 2767 1847 2805 sitis
1895 2770 2093 2806 amatores
2142 2772 2181 2807 et

477 2835 582 2886 quod
627 2846 698 2883 pro
736 2832 893 2870 defectu
932 2830 1053 2868 vestri
1092 2830 1139 2867 ad
1179 2829 1405 2867 libertatem
1445 2831 1620 2866 vestram
1659 2841 1828 2866 manum
1866 2842 2065 2879 apponere
2103 2843 2184 2869 non

477 2897 707 2936 debeamus.
785 2894 902 2932 Teste
941 2905 1031 2942 rege
1070 2892 1176 2941 apud
1215 2891 1418 2936 Keniton’,
1460 2890 1528 2941 vij.
1570 2891 1632 2929 die
1671 2890 1856 2941 Augusti.

589 3013 729 3050 Brevia
802 3011 1069 3047 vicecomitibus
1146 3010 1289 3045 directa
1365 3010 1407 3044 de
1492 3009 1723 3046 libertatibus
1808 3009 2182 3056 archiepiscoporum.

478 3078 732 3125 episcoporimz
768 3080 802 3110 et
839 3071 1172 3109 atba.t2m1.—Rex
1210 3069 1437 3108 vicecomiti
1477 3070 1654 3115 Sussex’,
1688 3069 1874 3107 salutem.
1932 3070 2183 3119 Precipimus

569 3180 672 3211 *The
702 3176 875 3216 following
902 3174 1012 3206 words
1042 3175 1129 3206 have
1157 3175 1241 3206 been
1268 3174 1387 3205 erased
1420 3173 1499 3205 here
1529 3174 1602 3206 ‘vel
1632 3180 1775 3216 quatuor
1807 3174 1922 3206 liberis
1952 3179 1984 3206 et
2015 3174 2181 3216 legalibus

476 3233 670 3265 horninibus
703 3229 744 3260 ad
775 3228 837 3259 hoc
868 3227 1060 3268 deputatis.’

566 3280 772 3323 ’sciorreoted
802 3281 888 3312 from
930 3278 1034 3320 'apud
1066 3278 1298 3320 Cycestriain.'

567 3337 654 3376 ssThe
694 3334 867 3372 following
902 3330 1009 3362 words
1047 3331 1131 3362 litive
1169 3331 1250 3361 been
1287 3329 1401 3362 erased
1443 3330 1519 3361 licre
1554 3331 1623 3361 'eis
1654 3340 1825 3361 occurrere
1859 3330 1901 3361 ad
1932 3333 2180 3361 sacramentum

477 3391 519 3419 ιιῙ)
552 3389 599 3419 013
630 3384 857 3428 recipiendum
890 3387 923 3415 et
956 3383 1120 3414 auxilium
1154 3383 1201 3413 eis
1233 3381 1517 3424 impendendum.’
