2375 3587
164 331 304 378 1236.

161 399 221 437 [111.
254 398 300 437 9.]

1033 210 1089 251 20
1129 208 1336 250 HENRY
1377 210 1459 252 III.
2022 213 2102 252 285

508 409 586 444 Pro
624 410 810 446 Wz'llelmo
849 409 1163 447 Bataua-Rex
1202 408 1419 447 baronibus
1458 410 1541 447 suis
1580 411 1627 448 de
1668 410 1876 449 Scaccario
1914 411 2102 449 salutem.

401 466 546 505 Sciatis
584 469 690 518 quod
729 482 799 518 pro
846 470 1032 518 expensis
1075 482 1173 519 quas
1220 470 1392 508 dilectus
1440 473 1479 508 et
1527 470 1656 508 fidelis
1699 475 1834 510 noster
1874 471 2103 510 Willelmus

398 528 512 567 Brito
558 531 653 569 fecit
701 531 742 568 111
791 531 953 569 servitio
1000 535 1139 570 nostro
1192 532 1505 581 perdonavimus
1555 533 1588 570 ei
1632 533 1930 583 quinquaginta
1980 533 2102 572 libras

396 603 472 639 que
511 591 560 629 ab
598 605 643 630 eo
681 593 898 642 exiguntur
932 606 1001 642 per
1038 593 1403 631 summonitionem
1441 594 1637 632 Scaccarii
1673 596 1801 632 nostri
1840 596 1887 633 de
1926 599 2104 645 tempore

396 665 474 701 quo
512 653 590 692 fuit
636 655 859 693 vicecomes
907 658 1045 693 noster
1093 655 1258 695 Kancie.
1345 655 1401 693 Et
1439 655 1528 693 ideo
1566 656 1679 694 vobis
1717 657 1961 695 mandamus
1998 659 2102 707 quod

396 713 531 763 ipsum
589 716 839 754 Willelmum
897 717 944 755 de
1002 717 1193 766 predictis
1249 716 1546 766 quinquaginta
1607 717 1719 756 libris
1775 719 1957 767 quietum
2018 733 2103 758 esse

395 776 568 815 faciatis.
655 779 772 817 Teste
811 782 856 818 ut
895 792 1027 828 supra.

505 891 583 927 Pro
622 892 797 928 Han-isia
838 893 880 928 de
917 891 1358 929 Mares—Mandatum
1398 894 1459 929 est
1506 892 1742 941 justiciariis
1788 892 1837 930 ad
1880 893 2103 931 custodiam

396 950 619 989 Judeorum
661 952 879 1001 assignatis
918 953 1025 1002 quod
1067 953 1311 990 demandam
1349 966 1471 1003 quam
1511 953 1755 992 Benedictus
1803 955 1968 1003 Crespin
2008 955 2105 993 facit

396 1026 532 1051 versus
571 1014 793 1053 Hawisiam
833 1015 880 1053 de
913 1015 1044 1053 Mares
1083 1015 1291 1053 occasione
1322 1015 1503 1053 custodie
1537 1018 1640 1054 terre
1677 1020 1715 1055 et
1747 1016 1904 1055 heredis
1939 1017 2103 1056 Henrici

395 1075 442 1114 de
485 1076 704 1123 Waltham‚
745 1078 812 1126 qui
848 1080 907 1115 est
952 1077 992 1114 in
1033 1090 1158 1114 manu
1207 1090 1293 1123 0113,
1335 1078 1381 1115 de
1429 1077 1576 1116 debitis
1623 1092 1698 1128 que
1747 1079 1854 1117 idem
1903 1079 2105 1118 Henricus

395 1138 525 1176 eidem
564 1139 783 1177 Benedicto
822 1139 973 1185 debuit,
1016 1139 1169 1178 scilicet
1211 1139 1258 1178 de
1298 1140 1406 1190 xxvj.
1451 1139 1564 1178 libris
1612 1141 1659 1179 de
1707 1145 1812 1179 sorte
1859 1148 1898 1179 et
1946 1142 2102 1192 xxxiiij.

394 1200 507 1240 libris
545 1202 592 1240 de
631 1202 755 1247 lucro,
796 1202 891 1252 poni
931 1202 1083 1240 faciant
1122 1202 1163 1239 in
1203 1206 1433 1251 respectum
1472 1216 1599 1253 usque
1634 1204 1683 1241 ad
1723 1204 1872 1243 festum
1908 1204 2103 1243 Omnium

398 1263 654 1311 Sanctorum,
694 1277 801 1303 anno
836 1268 911 1303 etc.
952 1266 1031 1315 xxj.
1111 1265 1228 1302 Teste
1266 1277 1357 1314 rege
1387 1268 1432 1303 ut
1471 1278 1604 1315 supra.

504 1379 560 1415 De
597 1392 701 1415 ceri-0
732 1377 1136 1415 data—Mandatum
1177 1380 1237 1415 est
1277 1376 1458 1415 Johanni
1496 1377 1544 1416 de
1593 1378 1776 1416 Munem'
1826 1379 1932 1428 quod
1981 1379 2105 1417 faciat

395 1438 540 1477 habere
578 1440 693 1478 uxori
733 1439 934 1477 Johannis
968 1439 1092 1489 Byset
1126 1452 1255 1476 unum
1287 1451 1449 1477 cervum
1484 1439 1526 1477 in
1562 1440 1676 1478 Nova
1709 1441 1875 1479 Foresta
1914 1441 1961 1479 de
2000 1441 2105 1480 dono

395 1502 513 1551 regis.
591 1503 708 1540 Teste
747 1506 791 1540 ut
830 1514 963 1551 supra.

505 1616 585 1651 Pro
621 1616 825 1652 tenentibus
859 1615 1002 1651 abbatis
1037 1616 1500 1652 Westmonasterimsis.-
1514 1614 1753 1653 Mandatum
1786 1618 1846 1653 est
1877 1615 2104 1655 vicecomiti

395 1676 549 1714 Oxonie
595 1677 701 1725 quod
744 1688 825 1714 non
872 1676 1090 1724 distringat
1139 1678 1322 1713 tenentes
1370 1675 1528 1713 abbatis
1573 1676 2019 1716 Westmonasteriensis
2065 1682 2105 1717 et

395 1739 580 1777 homines
619 1739 799 1788 ipsorum
840 1739 1066 1776 tenentium
1114 1738 1155 1775 in
1206 1737 1354 1776 balliva
1393 1752 1465 1776 sua
1504 1751 1575 1788 pro
1622 1739 1949 1778 amerciamentis
1988 1741 2105 1780 factis

393 1814 528 1839 coram
558 1801 792 1851 justiciariis
835 1800 985 1839 nostris
1023 1801 1170 1838 foreste
1207 1800 1354 1838 ultimo
1392 1800 1680 1839 itinerantibus
1718 1801 1760 1839 in
1797 1802 1993 1840 comitatu
2032 1816 2104 1841 suo

396 1863 500 1901 unde
538 1863 644 1901 idem
683 1862 805 1901 abbas
843 1862 1110 1912 quietantiam
1149 1861 1272 1900 1131101
1311 1875 1380 1911 per
1422 1866 1576 1901 cartam
1619 1863 1723 1912 regis
1761 1876 1883 1913 quam
1932 1878 2000 1902 rex
2048 1865 2104 1903 eis

396 1925 487 1964 inde
526 1925 613 1964 fieri
650 1925 789 1964 fecit.‘
846 1925 962 1963 Teste
1002 1938 1092 1974 rege
1130 1925 1237 1974 apud
1276 1924 1444 1971 Theok’‚
1486 1925 1555 1976 vij.
1597 1925 1661 1963 die
1700 1925 1814 1964 Julii.

503 2005 744 2043 Mandatum
793 2008 852 2043 est
900 2003 1126 2043 vicecomiti
1175 2003 1316 2041 Glouc⁷
1360 2004 1466 2053 quod
1516 2016 1598 2041 non
1648 2004 1868 2054 distringat
1919 2008 2104 2045 tenentes

393 2066 548 2105 abbatis
579 2066 1024 2105 Westmonasteriensis
1054 2068 1092 2104 et
1123 2065 1309 2103 homines
1343 2065 1523 2114 ipsorum
1556 2066 1785 2104 tenentium
1814 2067 1862 2104 de
1891 2067 2103 2107 hundredo

394 2129 441 2167 de
481 2129 660 2167 Derhust
701 2142 772 2178 pro
811 2127 1141 2167 amerciamentis
1190 2127 1308 2165 factis
1356 2139 1491 2166 coram
1538 2128 1774 2178 justiciariis
1817 2129 1919 2178 regis
1958 2130 2104 2168 ultimo

394 2191 678 2230 itinerantibus
726 2192 766 2228 in
820 2191 1018 2230 comitatu
1066 2203 1137 2228 suo
1187 2193 1225 2227 et
1275 2189 1425 2227 finibus
1475 2190 1593 2228 factis
1643 2203 1778 2229 coram
1831 2191 1981 2230 eisdem
2034 2206 2105 2242 pro

393 2254 557 2292 licentia
596 2253 865 2292 concordandi
905 2256 943 2291 et
983 2253 1063 2290 fine
1097 2252 1205 2291 facto
1239 2264 1310 2301 pro
1348 2252 1546 2290 comitatu
1585 2265 1657 2290 suo
1692 2253 1798 2291 unde
1836 2253 1943 2292 idem
1982 2253 2105 2293 abbas

393 2316 660 2366 quietantiam
699 2315 818 2354 habet
857 2328 925 2365 per
963 2318 1115 2353 cartam
1156 2314 1259 2363 regis
1297 2326 1420 2363 quam
1460 2314 1494 2351 ei
1538 2314 1631 2352 inde
1669 2315 1754 2352 fieri
1803 2315 1911 2353 fecit.
1990 2317 2105 2355 Teste

395 2392 484 2428 rege
516 2382 560 2416 ut
593 2391 726 2427 supra.

504 2495 559 2531 De
592 2496 713 2531 <lamis
743 2492 1157 2531 ‹latia—Mandatum
1191 2494 1251 2529 est
1287 2490 1472 2529 Galfrido
1505 2490 1703 2542 Esturmy
1736 2492 1841 2541 quod
1881 2492 1922 2530 in
1957 2493 2106 2533 foresta

394 2557 441 2595 de
478 2555 693 2595 Savernak’
730 2555 852 2593 faciat
890 2554 1036 2592 habere
1073 2553 1126 2591 H.
1163 2553 1303 2592 comiti
1343 2552 1568 2599 Hereford’,
1603 2554 1703 2592 duos
1741 2554 1882 2592 damos
1915 2555 1962 2594 de
2000 2556 2105 2595 dono

394 2618 511 2667 regis.
597 2618 713 2655 Teste
752 2620 797 2655 ut
837 2629 970 2666 supra.

502 2696 742 2734 Mandatum
790 2698 849 2733 est
897 2694 1077 2732 Johanni
1126 2693 1174 2731 de
1220 2693 1380 2738 Nevill’,
1430 2692 1655 2743 justiciario
1703 2693 1863 2740 foreste,
1910 2695 2017 2745 quod
2062 2696 2103 2734 in

393 2758 544 2796 foresta
576 2757 633 2800 >de
672 2756 850 2794 Fecham
895 2756 1019 2794 faciat
1061 2754 1207 2793 habere
1248 2754 1455 2793 Willelmo
1494 2754 1540 2792 de
1579 2754 1798 2805 Cantilupo
1841 2756 1988 2795 seniori
2027 2760 2106 2796 tres

392 2820 546 2865 damos,
587 2822 625 2857 et
664 2818 870 2857 Willelmo
906 2818 953 2855 de
993 2817 1213 2866 Cantilupo
1251 2816 1402 2867 juniori
1451 2816 1550 2854 duos
1597 2817 1738 2855 damos
1786 2818 1828 2855 in
1871 2818 2021 2857 foresta
2058 2820 2105 2858 de

394 2881 607 2931 Rokingh',
647 2884 686 2920 et
725 2881 930 2919 Willelmo
970 2880 1124 2918 Barduf
1171 2879 1270 2917 duos
1308 2879 1450 2917 damos
1498 2879 1538 2916 in
1578 2879 1728 2918 foresta
1766 2880 1813 2918 de
1854 2880 2104 2931 Shyrewud’,

393 2945 440 2982 de
478 2944 583 2982 dono
621 2944 740 2993 regis.
825 2943 942 2980 Teste
981 2945 1024 2980 ut
1063 2954 1197 2991 supra.

503 3058 560 3094 De
618 3058 739 3093 damis
798 3054 1215 3092 ‹latria—Mandatum
1275 3056 1336 3091 est
1395 3053 1524 3091 eidem
1585 3054 1690 3103 quod
1749 3054 1790 3091 in
1854 3054 2002 3093 foresta
2058 3056 2106 3093 de

396 3118 616 3158 Shirewud’
655 3116 778 3155 faciat
826 3115 971 3154 habere
1010 3115 1191 3154 Johanni
1239 3115 1286 3153 de
1327 3115 1530 3154 Stutevill’
1579 3115 1679 3154 duos
1727 3116 1866 3155 damos
1914 3117 1961 3155 de
1999 3118 2104 3156 dono

394 3180 510 3229 regis.
591 3179 709 3216 Teste
747 3180 792 3216 ut
832 3190 965 3227 supra.

501 3258 744 3296 Mandatum
783 3260 843 3294 est
878 3255 1032 3293 Thome
1070 3255 1117 3293 de
1151 3255 1320 3304 Langel’
1356 3256 1461 3304 quod
1499 3255 1541 3292 in
1582 3255 1731 3294 foresta
1769 3256 1816 3294 de
1856 3256 2102 3295 Wichewud’

391 3320 513 3359 faciat
564 3319 710 3358 habere
756 3318 818 3356 W.
868 3317 1018 3356 decano
1068 3317 1209 3356 Sancti
1252 3317 1433 3362 Martini,
1484 3317 1630 3362 Lond',
1675 3330 1802 3355 unum
1845 3317 2012 3356 damum
2055 3319 2102 3357 de

392 3382 498 3421 dono
537 3381 655 3432 regis.
743 3380 861 3419 Teste
899 3382 944 3418 ut
981 3391 1114 3429 supra.

466 3472 467 3482 ³
522 3476 539 3495 ψ
