2375 3587
224 164 304 204 102

278 287 422 333 1235.

277 353 340 391 [nn
365 353 431 391 10]

285 1499 408 1537 [meg

1151 172 1336 214 CLOSE
1383 172 1588 214 ROLLS.

619 366 676 402 De
714 374 871 414 respectu
911 370 1105 414 enjusdam
1144 368 1713 417 inqm'sz'cmnis.—Ma11dat11111
1758 369 1817 403 est
1862 364 2017 403 custodi
2065 364 2210 401 foreste

513 425 560 462 de
600 426 837 465 Olarendon'
876 429 981 477 quod
1014 429 1330 478 inquisitionem,
1367 442 1486 478 quam
1534 442 1602 467 rex
1649 427 1697 465 ab
1735 440 1780 465 eo
1819 426 1904 465 fieri
1948 425 2123 475 precepit
2160 425 2209 463 de

514 486 630 525 bosco
662 489 730 537 qui
766 493 930 527 vocatur
978 490 1119 528 boscus
1158 491 1193 528 le
1233 491 1437 535 Viscunte,
1483 493 1606 539 ponat
1650 489 1692 526 in
1732 491 1955 537 respectum
1994 500 2119 536 usque
2158 486 2208 524 ad

512 549 740 597 proximum
792 551 1009 589 adventum
1056 552 1159 601 regis
1197 553 1245 590 ad
1284 556 1415 601 partes
1460 552 1563 597 illas,
1612 555 1657 588 ut
1706 554 1802 588 tunc
1852 562 1986 588 coram
2029 561 2119 598 rege
2165 547 2207 586 in

513 610 687 649 adventu
726 624 797 650 suo
833 612 981 650 ibidem
1021 614 1196 662 predicta
1234 613 1304 651 fiat
1341 613 1561 663 inquisitio.
1620 613 1736 650 Teste
1775 614 1819 649 ut
1856 624 1989 660 supra.

621 707 700 743 Pro
734 708 896 744 [sabella
932 722 997 756 que
1025 710 1109 756 fuit
1150 722 1242 745 iaz-or
1282 710 1388 745 Patri
1416 709 1501 753 filii
1554 707 1886 744 He›·be›·ci.-Rex
1934 705 2039 754 cepit
2081 704 2205 742 fideli-

513 769 637 804 tatem
672 767 839 806 Isabelle
877 782 952 817 que
990 769 1067 807 fuit
1098 782 1196 807 uxor
1229 770 1337 807 Petri
1372 769 1445 807 filii
1477 767 1679 813 Herberti‚
1713 768 1759 805 de
1793 766 1981 805 omnibus
2021 766 2134 804 terris
2168 770 2207 805 et

512 829 752 868 tenementis
803 844 877 879 que
915 831 1044 880 ipsam
1083 831 1299 869 Isabellam
1338 831 1575 868 hereditarie
1614 829 1857 877 contingunt
1902 832 1941 866 et
1985 841 2083 877 quas
2120 841 2204 877 pre-

509 890 639 928 dictus
673 891 814 929 Petrus
852 896 890 930 et
928 893 1013 942 ipsa
1056 893 1228 931 Isabella
1280 906 1379 931 uxor
1419 893 1505 942 ejus
1547 892 1594 930 de
1632 904 1722 940 rege
1760 892 1977 929 tenuerunt
2006 891 2047 928 in
2077 890 2207 939 capite

511 952 558 989 de
596 952 815 991 hereditate
858 954 984 1002 ipsius
1036 954 1218 992 Isabelle.
1291 955 1345 992 Et
1388 954 1627 991 mandatum
1680 955 1739 990 est
1787 952 2014 990 vicecomiti
2063 951 2202 990 Glouc’

508 1014 612 1061 quod
651 1014 697 1051 de
736 1015 914 1052 manerio
951 1016 997 1052 de
1037 1016 1275 1053 Lecheland'
1315 1028 1406 1053 cum
1441 1014 1708 1064 pertinentiis,
1744 1014 1849 1063 quod
1887 1013 2016 1062 ipsam
2055 1012 2203 1051 Isabel-

509 1075 589 1112 lam
637 1076 873 1114 hereditarie
919 1078 1118 1126 contingit
1176 1082 1214 1115 et
1261 1078 1365 1127 quod
1431 1076 1507 1126 ipsi
1573 1076 1716 1114 Petrus
1781 1079 1819 1113 et
1870 1075 2040 1113 Isabella
2095 1075 2206 1124 prius

508 1139 735 1182 tenuerunt,
787 1139 888 1176 sicut
939 1139 1161 1187 predictum
1211 1147 1284 1183 est,
1324 1139 1450 1176 eidem
1490 1137 1658 1176 Isabelle
1696 1137 1782 1175 sine
1815 1137 2007 1175 dilatione
2043 1136 2204 1186 plenam

507 1197 697 1236 seisinam
746 1199 890 1237 habere
942 1200 1063 1237 faciat
1115 1203 1153 1238 et
1205 1201 1333 1249 ipsam
1397 1200 1437 1236 in
1501 1200 1648 1237 seisina
1714 1212 1786 1237 sua
1847 1201 2110 1237 manuteneas
2166 1201 2205 1236 et

507 1258 738 1298 defendas*
795 1261 909 1299 Teste
948 1265 992 1299 ut
1031 1274 1163 1311 supra.

614 1338 769 1376 Eodem
818 1339 936 1377 modo
983 1340 1223 1377 mandatum
1271 1344 1331 1378 est
1378 1339 1604 1378 vicecomiti
1654 1340 1783 1378 Rotel’
1832 1340 1879 1377 de
1928 1339 2108 1377 manerio
2156 1339 2203 1377 de

508 1399 661 1437 Ocham
699 1413 790 1438 cum
828 1401 1096 1449 pertinentiis.
1157 1402 1272 1440 Teste
1311 1406 1355 1439 ut
1394 1415 1527 1451 supra.

616 1507 693 1542 Pro
715 1508 891 1554 ,leprosis
940 1510 1055 1544 &ante
1096 1509 1224 1545 Mario
1260 1509 1485 1555 illajsrlalene
1525 1507 2014 1545 l}riswall—Mandatum
2053 1510 2112 1545 est
2151 1507 2201 1546 G.

507 1567 754 1613 Marescallo,
794 1568 930 1605 comiti
978 1568 1138 1614 Penbr',
1179 1569 1284 1618 quod
1327 1569 1471 1619 viginti
1519 1569 1666 1608 solidos
1714 1582 1883 1616 annuos,
1922 1582 2021 1619 quos
2058 1569 2202 1618 leprosi

506 1629 717 1678 hospitalis
775 1632 920 1668 Sancte
977 1630 1102 1668 Mai-ie
1155 1631 1393 1680 Magdalene
1444 1631 1643 1680 percipere
1700 1630 1846 1669 debent
1901 1631 1949 1669 de
2004 1631 2102 1670 villa
2156 1632 2204 1669 de

505 1690 764 1728 Kaermerdin
795 1692 842 1729 de
872 1692 1091 1730 elemosina
1121 1693 1225 1742 regis
1259 1693 1494 1739 constituta,
1528 1692 1626 1742 ipsis
1660 1692 1826 1742 leprosis
1874 1692 2019 1731 habere
2065 1693 2201 1740 faciat,

503 1752 605 1790 sicut
653 1753 741 1790 illos
789 1753 986 1802 percipere
1033 1758 1326 1792 consueverunt
1374 1758 1590 1804 antequam
1640 1755 1735 1792 villa
1783 1754 1960 1803 predicta
2008 1758 2110 1792 esset
2159 1755 2200 1793 in

504 1827 627 1852 manu
666 1815 781 1864 regis.
840 1816 956 1853 Teste
995 1829 1084 1865 rege
1122 1817 1227 1865 apud
1266 1817 1453 1866 Rading',
1495 1816 1564 1867 xij.
1604 1817 1667 1854 die
1706 1816 1834 1854 Junii.

611 1923 687 1958 Pro
739 1923 876 1959 'l'lwma
927 1923 1227 1961 sathan—Rex
1274 1923 1470 1962 concessit
1518 1923 1671 1962 Thome
1721 1923 1890 1970 Turbut,
1930 1924 2106 1963 vadletto
2152 1924 2200 1962 de

503 1981 715 2021 buttelaria
753 1997 836 2030 sua,
877 1984 976 2023 duos
1023 1984 1207 2022 denarios
1255 1985 1295 2022 in
1343 1985 1406 2022 die
1453 1997 1552 2034 quos
1590 1985 1754 2034 Pompe,
1797 1985 1864 2034 qui
1903 1988 2087 2025 mortuus
2125 1990 2197 2034 est,

500 2044 698 2094 percipere
754 2046 958 2085 consuevit
1015 2047 1062 2084 de
1118 2050 1235 2096 porta
1296 2047 1342 2085 de
1399 2046 1651 2085 Clarendon'.
1736 2049 1789 2085 Et
1845 2048 2083 2086 mandatum
2140 2051 2200 2087 est

501 2105 716 2145 baronibus
753 2107 801 2145 de
841 2108 1046 2147 Scaccario
1084 2109 1189 2158 quod
1233 2108 1417 2147 denarios
1456 2109 1655 2158 predictos
1693 2109 1822 2147 eidem
1860 2109 2014 2148 Thome
2052 2109 2197 2149 habere

499 2170 537 2205 et
576 2168 630 2206 sic
670 2169 878 2207 inrotulari
918 2170 1052 2209 faciat.
1113 2170 1230 2209 Teste
1269 2175 1313 2208 ut
1352 2183 1485 2220 supra.
1544 2170 1619 2208 Per
1658 2170 1969 2209 Karleolensem.

606 2273 683 2309 Pro
740 2274 893 2310 lfoberta
947 2274 1473 2319 falconar1'0.—Mandatum
1520 2277 1579 2313 est
1625 2275 1850 2314 vicecomiti
1897 2275 2047 2314 Kancie
2093 2276 2197 2325 quod

498 2332 583 2371 sine
620 2333 812 2372 dilatione
849 2335 969 2373 faciat
1008 2335 1153 2374 habere
1191 2335 1365 2375 Roberto
1410 2336 1628 2375 falconario
1671 2337 1808 2375 omnia
1852 2337 1998 2376 catalla
2039 2350 2111 2376 sua
2153 2338 2193 2376 in

497 2395 781 2445 cujuscumque
811 2409 934 2434 manu
964 2397 1115 2435 fuerint
1145 2397 1186 2435 in
1216 2397 1336 2436 ballia
1366 2411 1449 2444 sua,
1485 2411 1561 2448 que
1590 2402 1706 2448 capta
1742 2399 1904 2437 fuerunt
1942 2399 1984 2436 in
2027 2412 2193 2437 manum

497 2456 598 2505 regis
636 2458 840 2495 occasione
878 2459 1024 2508 appelli
1062 2460 1166 2509 quod
1203 2459 1445 2498 Benedictus
1483 2460 1530 2498 de
1568 2461 1751 2499 Bircholt
1789 2461 1883 2499 fecit
1920 2473 2057 2500 versus
2100 2474 2192 2500 eum

496 2516 543 2554 de
581 2521 708 2555 morte
745 2519 959 2557 Alexandri
993 2520 1040 2557 de
1079 2520 1274 2567 Birohoit,
1314 2524 1353 2559 et
1390 2521 1458 2571 qui
1502 2521 1700 2560 Robertus
1739 2522 1786 2560 de
1824 2522 1981 2572 appello
2018 2522 2087 2561 illo
2125 2535 2194 2573 per

495 2578 690 2627 judicium
728 2580 834 2618 curie
872 2581 974 2630 regis
1012 2581 1170 2631 quietus
1208 2583 1382 2622 recessit.

603 2656 757 2695 Eodem
787 2658 905 2696 modo
935 2659 1174 2698 mandatum
1205 2663 1264 2699 est
1292 2660 1516 2699 vicecomiti
1549 2660 1710 2700 Sussex'
1739 2673 1810 2710 pro
1839 2661 1977 2699 eodem
2002 2661 2189 2702 Roberto.

606 2766 680 2801 Pro
720 2768 956 2813 reparatione
993 2769 1181 2804 domorum
1214 2769 1253 2805 in
1284 2775 1404 2805 castro
1438 2767 1938 2806 wintonie.—Mandatum
1967 2771 2026 2806 est
2056 2769 2190 2808 Avicie

497 2825 593 2864 Croc
651 2826 753 2875 quod
810 2840 879 2876 per
925 2828 1056 2866 visum
1105 2829 1406 2867 forestariorum
1453 2833 1491 2867 et
1540 2829 1822 2867 viridariorum
1869 2829 1990 2868 saciat
2046 2829 2190 2869 habere

494 2887 789 2926 constabulario
828 2889 1033 2928 Wintonie
1064 2891 1330 2940 quadraginta
1363 2904 1531 2941 quercus
1561 2892 1602 2928 in
1632 2891 1780 2929 foresta
1808 2891 1912 2940 regis
1940 2892 1987 2929 de
2016 2891 2186 2939 Finkel’,

493 2949 542 2986 ad
579 2949 719 2988 domos
758 2951 860 3000 regis
899 2953 1140 3001 reparandos
1179 2953 1220 2990 in
1261 2956 1390 2991 castro
1428 2953 1646 2991 Wintonie.
1720 2953 1835 2991 Teste
1873 2956 1918 2991 ut
1956 2966 2088 3003 supra.

600 3058 679 3093 Pro
715 3058 890 3095 Jolaanne
927 3060 968 3094 ‹la
1008 3059 1394 3097 BaskercilZ’.—Rex
1424 3060 1618 3097 concessit
1649 3059 1828 3097 Johanni
1857 3059 1904 3097 de
1933 3059 2183 3106 Baskervill’,

492 3118 679 3156 servienti
717 3131 801 3164 suo,
840 3119 881 3156 id
919 3120 1023 3168 quod
1061 3120 1111 3157 ad
1148 3133 1277 3170 regem
1316 3121 1490 3170 pertinet
1528 3134 1597 3171 per
1635 3134 1762 3159 unum
1801 3134 1954 3159 annum
1984 3125 2023 3160 et
2057 3134 2184 3160 unum

490 3179 596 3216 diem
633 3180 680 3217 de
718 3183 823 3217 terra
859 3193 950 3218 cum
989 3181 1242 3229 pertinentiis
1280 3182 1321 3219 in
1366 3183 1555 3232 Maghne,
1600 3195 1675 3232 que
1722 3183 1800 3221 fuit
1845 3183 1998 3221 Thome
2044 3184 2182 3221 Brian’

491 3241 674 3290 suspensi
711 3244 871 3290 propter
917 3242 1119 3280 feloniam.
1206 3244 1261 3281 Et
1308 3245 1547 3282 mandatum
1594 3247 1654 3282 est
1700 3245 1926 3283 vicecomiti
1975 3245 2184 3283 Hereford’

1221 3340 1235 3354 *
1249 3338 1305 3370 Sic
1329 3339 1365 3369 in
1389 3339 1465 3371 MS.
