2375 3587
199 348 343 395 1236.

186 415 242 453 [111.
262 411 358 457 2211]

191 2018 249 2056 [111.
261 2017 354 2056 2l‹l.]

176 2181 236 2221 [m.
263 2180 363 2222 20cl.]

1073 215 1125 253 21
1170 213 1377 253 HENRY
1420 213 1503 253 HI.
2063 213 2142 252 511

433 410 549 448 nobis
600 411 705 460 quod
757 411 815 448 ita
866 410 949 455 fiat,
1002 409 1059 447 ita
1110 409 1216 458 quod
1269 408 1318 446 ad
1371 408 1446 446 hoc
1502 407 1733 446 faciendum
1786 408 2005 446 attractum
2059 406 2144 444 fieri

431 472 588 510 faciatis
650 473 690 509 in
752 471 1075 522 quadragesima,
1139 474 1178 508 et
1237 483 1325 517 nos,
1376 470 1458 507 sive
1517 470 1783 518 personaliter
1841 468 2053 507 veniamus
2101 469 2142 506 in

433 533 685 583 Hyberniam
723 534 807 572 sive
848 546 944 579 non,
981 533 1157 582 aliquem
1198 532 1417 570 discretum
1459 545 1481 569 a
1518 531 1641 569 latere
1681 535 1820 569 nostro
1859 531 2144 580 premittemus

431 596 497 644 qui
539 609 620 634 una
652 596 859 635 vobiscum
892 595 1115 645 operationi
1152 594 1331 644 predicte
1369 593 1586 632 consilium
1627 596 1816 642 apponet,
1852 596 1897 631 ut
1928 593 2146 642 prudenter

430 657 625 695 allocetur
678 658 717 695 id
769 658 875 708 quod
926 657 967 694 in
1021 657 1129 695 dicta
1180 656 1411 705 operatione
1462 668 1621 693 necesse
1674 655 1794 692 fuerit
1842 655 2143 704 apponendum.

432 719 610 764 Certum,
642 732 734 757 cum
762 719 984 769 plurimum
1012 718 1265 767 indigeamus
1286 717 1479 766 peccunia
1509 730 1579 766 pro
1610 715 1754 754 debitis
1782 716 1926 765 quibus
1958 719 2143 754 tenemur

431 780 596 819 domino
666 781 905 831 Imperatori
963 783 1001 818 et
1054 779 1238 829 pluribus
1291 779 1394 821 111113,
1464 779 1716 817 decrevimus
1774 781 1984 827 magnates
2040 782 2142 817 terre

432 846 568 881 nostre
607 842 827 893 Hybernie,
869 846 952 880 tam
992 842 1168 891 prelatos
1219 854 1341 891 quam
1377 842 1490 886 alios,
1546 840 1772 890 specialiter
1821 840 2044 878 exorandos
2099 845 2143 879 ut

432 904 507 953 ipsi
547 904 827 943 necessitatem
868 907 1049 942 nostram
1089 903 1345 941 attendentes
1384 903 1500 941 nobis
1536 902 1663 940 velint
1693 901 1906 939 subvenire
1943 902 2144 950 quoddam

432 967 629 1005 auxilium
669 966 785 1005 nobis
825 966 1093 1011 concedendo,
1134 966 1237 1004 sicut
1277 966 1460 1003 fecerunt
1499 964 1643 1014 prelati
1684 967 1722 1001 et
1775 966 1987 1013 magnates
2041 967 2143 1002 terre

432 1031 567 1067 nostre
606 1029 764 1078 Anglie.
851 1029 907 1066 Et
946 1028 1034 1066 ideo
1070 1027 1183 1066 vobis
1222 1027 1465 1065 mandamus
1505 1027 1624 1076 quod,
1649 1026 1680 1063 si
1721 1025 1883 1064 creditis
1923 1026 2029 1075 quod
2059 1026 2145 1063 sine

432 1090 617 1129 molestia
671 1090 786 1129 nobis
835 1090 962 1128 velint
1007 1102 1198 1135 annuere,
1241 1102 1323 1127 non
1378 1088 1674 1138 inproperaturi
1727 1087 1906 1136 dampna
1957 1100 2033 1136 (1110
2078 1100 2147 1137 per

431 1166 617 1202 guerram
657 1167 728 1203 pro
762 1153 877 1191 nobis
929 1153 1196 1202 pertulerunt,
1252 1155 1349 1190 tunc
1401 1152 1600 1201 prefatam
1654 1150 1892 1200 petitionem
1945 1153 2143 1196 nostram,

432 1216 535 1254 310111
574 1216 756 1265 expedire
807 1215 1004 1262 videritis,
1057 1215 1113 1253 eis
1163 1214 1411 1264 proponatis,
1458 1213 1616 1251 litteras
1669 1215 1828 1250 nostras
1879 1225 1978 1262 quas
2031 1212 2144 1250 vobis

433 1279 638 1317 mittimus
685 1279 854 1324 clausas,
917 1278 1088 1327 singulis
1136 1277 1322 1323 directas,
1375 1280 1413 1315 et
1485 1275 1673 1314 similiter
1729 1277 1931 1324 patentes,
1972 1274 2146 1313 directas

432 1341 645 1386 universis,
685 1341 741 1379 eis
779 1340 1029 1386 exhibentes,
1052 1343 1090 1378 et
1123 1339 1335 1389 pecuniam
1367 1339 1414 1377 de
1445 1338 1625 1387 predicto
1659 1337 1811 1375 auxilio
1841 1337 2145 1386 provenientem

433 1403 646 1453 diligenter
684 1403 819 1452 colligi
871 1406 910 1441 et
961 1403 1071 1441 salvo
1123 1402 1315 1441 custodiri
1368 1401 1561 1440 facientes
1618 1400 1744 1438 donec
1796 1399 1906 1437 aliud
1956 1413 1979 1437 a
2031 1399 2146 1438 nobis

433 1465 525 1503 inde
565 1465 788 1503 habueritis
838 1465 1095 1504 mandatum.
1179 1464 1370 1514 Alioquin
1424 1476 1496 1501 nec
1544 1462 1814 1501 intentionem
1869 1464 2049 1500 nostram
2103 1462 2144 1499 in

434 1529 509 1567 hac
548 1531 661 1577 parte
713 1528 767 1566 eis
818 1527 1032 1577 exponatis
1086 1539 1159 1565 nec
1213 1527 1370 1565 litteras
1423 1529 1582 1564 nostras
1636 1525 1692 1563 eis
1744 1523 1983 1563 exhibeatis.
2054 1525 2146 1564 Sive

434 1603 526 1629 vero
578 1590 733 1628 dictum
790 1589 989 1627 auxilium
1043 1588 1159 1627 nobis
1205 1601 1443 1628 concessum
1493 1588 1629 1634 fuerit,
1670 1587 1752 1625 sive
1808 1600 1905 1633 non,
1946 1587 2143 1634 civitates,

434 1652 595 1701 burgos,
635 1655 673 1690 et
712 1652 916 1690 dominica
955 1654 1093 1689 nostra
1132 1651 1173 1688 in
1214 1650 1423 1701 Hybernia
1463 1649 1612 1688 talliari
1658 1649 1817 1687 faciatis
1856 1662 1926 1698 pro
1979 1649 2146 1698 prefatis

435 1714 606 1764 negotiis
645 1714 809 1760 nostris,
833 1714 938 1752 310111
977 1713 1148 1752 fecimus
1187 1713 1229 1750 in
1262 1713 1422 1763 Anglia,
1457 1715 1495 1751 et
1526 1712 1712 1750 denarios
1742 1711 1835 1749 inde
1865 1712 2145 1761 provenientes

435 1790 557 1827 quam
595 1776 674 1815 0110
713 1776 896 1826 1101011113
935 1775 1072 1825 colligi
1111 1775 1282 1821 faciatis,
1322 1775 1445 1813 simul
1485 1787 1577 1813 011111
1612 1773 1933 1824 quibuscumque
1971 1774 2146 1812 denariis

436 1838 526 1877 aliis
564 1850 664 1888 quos
702 1838 743 1875 in
784 1840 868 1875 tam
907 1837 1066 1886 urgenti
1106 1836 1269 1886 negotio
1320 1839 1458 1874 nostro
1508 1834 1623 1874 nobis
1673 1834 1900 1885 perquirere
1947 1836 2144 1885 poteritis.

439 1901 555 1939 Teste
593 1912 683 1950 rege
721 1900 827 1948 apud
867 1898 1290 1944 Westmonasterium,
1332 1898 1375 1949 ij.
1417 1898 1479 1936 die
1519 1897 1769 1936 Novembris.

548 2005 727 2054 Rogerus
766 2004 813 2042 de
852 2003 1057 2042 EsseweH’
1098 2003 1319 2042 attornavit
1358 2003 1590 2041 -Johannem
1630 2002 1677 2040 de
1712 2002 1881 2041 Erdelee
1918 2002 1960 2041 in
1990 2002 2147 2052 loquela

437 2098 513 2136 que
546 2087 606 2123 est
643 2084 685 2122 in
724 2084 920 2123 comitatu
960 2083 1166 2122 Hertford'
1207 2084 1325 2122 inter.
1398 2084 1669 2133 [Unsim'sleed.]

545 2173 785 2211 Mandatum
833 2176 893 2211 est
945 2172 1172 2211 vicecomiti
1226 2172 1380 2210 Oxonie
1435 2171 1540 2221 quod
1592 2171 1772 2220 prisones
1822 2183 1922 2220 quos
1974 2170 2146 2209 ballivus

438 2236 541 2285 regis
580 2236 626 2273 de
666 2234 901 2273 Wodestok'
942 2235 1048 2284 cepit
1086 2235 1127 2272 in
1167 2247 1286 2283 parco
1344 2234 1391 2272 de
1430 2232 1662 2272 Wodestok'
1703 2232 1753 2271 ab
1805 2245 1851 2271 eo
1888 2232 2054 2283 recipiat
2107 2236 2146 2272 et

438 2298 548 2336 salvo
587 2298 779 2336 custodiri
810 2297 932 2336 faciat
971 2298 1097 2336 donec
1127 2299 1201 2335 etc.
1260 2297 1379 2335 Teste
1418 2309 1508 2345 rege
1538 2296 1645 2345 apud
1686 2295 1929 2341 Wodestok’,
1961 2309 2051 2334 xxv.
2083 2296 2146 2334 die

440 2359 690 2398 Novembris.

548 2457 632 2494 Rex
670 2456 818 2494 ballivo
857 2469 928 2494 suo
966 2456 1013 2494 de
1053 2456 1203 2500 Geres’,
1236 2455 1423 2493 salutem.
1484 2454 1727 2493 Monstravit
1762 2453 1878 2492 nobis
1918 2454 2146 2493 Willelmus

438 2519 474 2556 le
522 2519 699 2556 Galitien
748 2518 853 2567 quod
905 2531 1010 2563 011111,
1053 2521 1232 2567 1011111010
1271 2530 1349 2567 (1110
1402 2517 1617 2566 Philippus
1657 2517 1704 2554 de
1743 2516 1955 2555 Albiniaco
2006 2516 2149 2556 habuit

440 2580 663 2619 custodiam
703 2581 928 2618 insularum
968 2583 1211 2626 nostrarum,
1243 2580 1368 2618 electa
1406 2582 1509 2617 esset
1547 2579 1720 2628 quedam
1768 2579 1902 2629 jurata
1946 2579 1987 2616 in
2027 2579 2148 2618 ballia

442 2646 512 2682 tua
550 2644 599 2681 ad
638 2644 924 2693 inquirendum
975 2656 1045 2692 per
1092 2643 1178 2693 ejus
1230 2642 1477 2680 veredictum
1517 2641 1585 2691 qui
1640 2644 1773 2679 essent
1819 2641 1955 2679 fideles
2000 2644 2039 2680 et
2078 2643 2145 2692 qui

442 2705 639 2751 infideles,
679 2708 718 2743 et
757 2706 961 2755 quesitum
1011 2708 1113 2743 esset
1165 2718 1233 2754 per
1272 2705 1447 2755 juratam
1488 2704 1601 2742 illam
1652 2704 1699 2741 de
1750 2703 1858 2741 fama
1906 2707 1944 2742 et
1983 2716 2143 2742 conver-

442 2768 597 2806 satione
649 2768 817 2817 predicti
858 2767 1066 2814 Willelmi,
1106 2767 1244 2805 eadem
1295 2767 1429 2817 jurata
1466 2765 1650 2805 credebat
1702 2765 1837 2815 ipsum
1878 2766 2012 2815 potius
2061 2779 2146 2805 esse

440 2830 642 2868 infidelem
681 2844 802 2880 quam
842 2831 1029 2872 fidelem:
1070 2831 1176 2868 unde
1215 2830 1320 2868 idem
1370 2830 1601 2869 Willelmus
1639 2829 1849 2867 occasione
1888 2829 1998 2867 illius
2036 2843 2141 2867 vere-

438 2893 534 2931 dicti
564 2905 609 2931 ac
637 2896 748 2931 metu
788 2893 929 2931 mortis
959 2893 1007 2930 ad
1046 2892 1257 2931 ecclesiam.
1288 2892 1485 2941 confugit.
1545 2891 1648 2938 Quia
1667 2904 1760 2929 vero
1781 2891 1886 2929 idem
1918 2891 2145 2930 Willelmus

440 2954 587 3004 optulit
641 2968 787 3004 ponere
843 2968 883 2993 se
941 2968 1059 3004 super
1110 2955 1357 2993 veredictum
1410 2954 1538 3004 xxiiij.
1590 2953 1806 3003 proborum
1859 2956 1898 2991 et
1952 2953 2142 3002 legalium

441 3016 655 3054 hominum
694 3017 818 3054 trium
852 3017 1077 3054 vicinarum
1113 3016 1360 3062 villatarum,
1397 3015 1470 3054 tibi
1504 3015 1748 3064 precipimus
1785 3015 1890 3064 quod
1921 3015 2142 3052 secundum

441 3079 773 3117 consuetudinem
824 3079 998 3127 predicte
1049 3079 1179 3116 insule
1232 3082 1367 3117 nostre
1419 3079 1595 3128 juratam
1655 3077 1782 3127 xxiiij.
1836 3076 2052 3126 proborum
2105 3080 2144 3115 et

442 3141 632 3190 legalium
686 3141 914 3186 hominum,
964 3140 1067 3178 sicut
1119 3141 1345 3189 predictum
1385 3143 1458 3186 est,
1511 3140 1545 3178 ei
1598 3139 1741 3177 habere
1794 3139 1930 3177 facias.
2006 3138 2061 3177 Et
2110 3140 2143 3177 si

441 3203 665 3243 constiterit
704 3202 775 3240 tibi
816 3216 885 3252 per
923 3202 1030 3251 ipsos
1068 3203 1195 3252 xxiiij.
1236 3203 1370 3252 ipsum
1418 3202 1552 3252 potius
1591 3214 1675 3240 esse
1722 3201 1875 3238 fidelem
1923 3213 2044 3250 quam
2084 3201 2142 3238 in-

441 3265 614 3311 fidelem,
667 3268 763 3302 tunc
820 3265 981 3302 firmam
1034 3277 1175 3313 pacem
1228 3266 1409 3303 nostram
1460 3264 1493 3302 ei
1547 3264 1641 3301 inde
1691 3263 1836 3301 habere
1889 3263 2012 3301 facias
2064 3263 2143 3301 nisi

441 3331 588 3365 terram
641 3330 822 3364 nostram
874 3326 1118 3377 abjuraverit
1170 3327 1232 3365 vel
1284 3327 1491 3376 utlagatus
1541 3326 1675 3364 fuerit.
1753 3325 1870 3364 Teste
1909 3338 1999 3374 rege
2037 3326 2143 3375 apud

442 3389 687 3434 Wodestok’,
729 3389 851 3439 xxvij.
892 3389 954 3426 die
996 3388 1246 3427 Novembris,
1833 3441 1846 3460 ·
