2375 3587
172 337 312 385 1235.

163 404 208 445 sm
241 404 316 443 15.1

1046 211 1098 251 19
1141 209 1349 251 HENRY
1390 211 1473 252 III.
2056 219 2108 260 67

404 406 549 444 10111111.
609 407 711 453 Quia
749 420 839 445 vero
878 421 947 457 per
977 408 1133 446 litteras
1159 409 1294 447 dilecti
1327 412 1365 447 et
1393 409 1522 447 fidelis
1560 411 1687 449 nostri
1722 411 1778 450 M.
1818 411 1891 449 filii
1932 413 2106 459 Geroldi,

402 468 614 517 justiciarii
649 470 776 508 nostri
817 470 1022 517 Hibernie,
1070 483 1198 520 nuper
1249 472 1476 520 accepimus
1526 473 1631 522 quod
1670 474 1776 511 idem
1808 474 1950 512 Simon
1986 488 2107 512 sanus

402 534 461 569 est
499 535 537 569 et
583 531 810 578 incolumis,
851 531 923 570 tibi
955 533 1199 582 precipimus
1229 534 1334 583 quod
1366 534 1501 583 ipsum
1539 534 1747 573 Simonem
1784 536 1831 573 de
1870 536 1985 574 terris
2025 538 2107 575 suis

401 593 442 629 in
486 592 607 631 ballia
646 594 816 632 reseisiri
856 594 991 640 facias,
1032 598 1070 633 et
1115 595 1253 633 omnia
1302 596 1448 634 catalla
1496 609 1567 634 sua
1615 597 1879 635 servientibus
1927 599 2105 648 ejusdem

401 654 485 692 sine
541 655 734 693 dilatione
790 655 1029 701 deliberari;
1091 656 1147 694 ita
1193 657 1298 706 quod
1351 657 1502 696 clamor
1557 658 1725 697 iteratus
1785 659 1833 696 ad
1886 672 1958 697 nos
2014 660 2105 698 inde

399 729 480 754 non
520 717 740 766 perveniat.
800 718 916 756 Teste
950 721 993 756 ut
1028 731 1160 768 supra.

505 823 562 858 De
588 824 792 869 «assumatis
820 825 869 859 ad
900 825 1148 871 ‹tperatimzrm
1189 825 1304 860 rastri
1343 831 1376 860 et
1415 826 1606 861 domorum
1650 827 1744 871 rrysz's
1787 827 2102 873 (1.1·0111'‹›.—Quia

398 884 556 932 expedit
595 884 760 922 domino
799 885 882 933 regi
920 885 1026 933 quod
1064 885 1139 922 viri
1178 884 1315 923 fideles
1355 888 1394 923 et
1434 885 1594 924 discreti
1643 885 1897 925 intendentes
1935 888 2015 926 sint
2055 890 2103 927 ad

397 946 705 984 custodiendum
738 946 990 995 operationes
1018 947 1137 985 castri
1169 947 1273 996 regis
1309 947 1463 985 Oxonie
1491 952 1530 986 et
1564 949 1759 986 domuum
1797 962 1960 987 suarum
1992 957 2103 989 extra

397 1008 623 1056 predictum
681 1013 871 1054 castrum,
926 1009 1116 1047 dominus
1167 1022 1234 1047 rex
1290 1009 1377 1047 vult
1425 1010 1531 1060 quod
1570 1010 1770 1049 Robertus
1821 1012 2013 1063 Audoeny
2064 1017 2102 1051 et

398 1070 602 1108 Galfridus
658 1071 705 1109 de
764 1071 962 1110 Stoewen’
1017 1072 1065 1109 ad
1121 1072 1320 1120 predictas
1373 1072 1626 1121 operationes
1683 1073 1803 1111 castri
1858 1074 2010 1112 Oxonie
2062 1079 2101 1113 et

396 1131 591 1169 domuum
630 1132 733 1181 regis
771 1132 1038 1181 predictarum
1084 1136 1122 1170 et
1172 1133 1220 1170 ad
1270 1133 1453 1171 denarios
1504 1133 1608 1182 regis
1640 1134 1701 1177 ,ad
1740 1134 1816 1172 1100
1854 1135 2102 1184 recipiendos

395 1197 433 1231 et
483 1194 531 1231 ad
583 1194 811 1243 pacationes
857 1194 948 1232 inde
1001 1207 1072 1243 pro
1124 1195 1313 1243 predictis
1371 1195 1686 1244 operationibus,
1748 1200 1865 1245 prout
1922 1207 2102 1237 neccesse

396 1255 528 1299 fuerit,
577 1256 781 1294 faciendas
827 1257 876 1294 ad
922 1269 1084 1306 presens
1137 1256 1364 1295 intendant.
1443 1257 1497 1295 Et
1550 1258 1789 1295 mandatum
1847 1262 1907 1296 est
1958 1261 2101 1310 majori

396 1318 548 1356 Oxonie
581 1319 687 1368 quod
717 1319 914 1367 predictos
946 1319 1165 1357 Robertum
1199 1322 1237 1357 et
1271 1319 1503 1357 Galfridum
1537 1321 1586 1358 ad
1620 1321 1695 1359 hoc
1727 1334 1774 1358 ex
1804 1324 1915 1370 parte
1947 1322 2100 1360 domini

395 1380 497 1429 regis
537 1381 772 1419 constituat.
847 1381 963 1419 Teste
1002 1389 1047 1419 ut
1088 1394 1220 1430 supra.

506 1478 580 1514 Pro
618 1479 747 1515 abbate
784 1486 817 1515 et
860 1479 1048 1515 monachis
1086 1480 1128 1515 «le
1168 1479 1688 1517 Ritlesden’.*Mandatum
1728 1483 1786 1518 est
1831 1480 2009 1518 Johanni
2054 1481 2100 1519 de

394 1539 537 1576 Nevill⁷
577 1539 683 1588 quod
722 1538 867 1577 habere
903 1539 1023 1577 faciat
1057 1539 1191 1578 abbati
1223 1544 1261 1578 et
1293 1540 1504 1578 monachis
1535 1541 1583 1578 de
1618 1541 1839 1579 Bitlesden'
1870 1542 2099 1590 quindecim

393 1601 500 1639 fusta
556 1602 596 1639 in
655 1601 776 1639 ballia
824 1615 896 1639 sua
947 1602 996 1639 ad
1049 1602 1313 1640 maeremium
1362 1602 1453 1640 inde
1504 1603 1733 1642 faciendum
1795 1604 1844 1641 ad
1907 1604 2101 1643 fabricam

392 1664 553 1701 ecclesie
584 1677 663 1709 sue,
704 1663 770 1701 ubi
799 1664 1002 1702 comodius
1035 1665 1082 1702 ad
1114 1677 1214 1713 opus
1249 1664 1518 1713 predictorum
1553 1664 1708 1703 abbatis
1740 1669 1778 1703 et
1809 1667 2100 1704 monachorum

392 1729 431 1764 et
480 1727 529 1764 ad
582 1726 717 1763 minus
764 1729 1055 1764 nocumentum
1108 1726 1252 1764 foreste
1292 1726 1395 1776 regis
1447 1727 1533 1776 capi
1584 1730 1773 1777 poterunt
1817 1728 1986 1776 sparsim
2035 1741 2103 1778 per

392 1789 490 1831 loca,
532 1789 578 1826 de
617 1789 722 1826 dono
761 1788 877 1837 regis.
955 1789 1071 1826 Teste
1111 1802 1201 1838 rege
1236 1790 1340 1838 apud
1376 1789 1571 1836 Wudest',
1614 1790 1721 1840 xxxj.
1759 1790 1819 1828 die
1860 1791 2013 1829 Marcii.

506 1886 580 1921 ΡΜ
620 1886 747 1921 abbate
782 1885 1320 1923 Wesmona,s·teJ·1·ens2·.—Rex
1358 1884 1494 1923 abbati
1530 1885 1671 1923 Grlouc'
1704 1885 1890 1924 salutem.
1948 1887 2101 1925 Datum

392 1953 451 1985 est
491 1947 605 1985 nobis
644 1945 817 1996 intelligi
856 1947 961 1996 quod
1001 1946 1215 1996 Philippus
1255 1947 1302 1985 de
1341 1947 1537 1992 Colevill’‚
1575 1947 1839 1996 Amphelusia
1873 1952 1911 1986 et
1949 1950 2099 1994 Aricia,

392 2010 556 2047 heredes
595 2009 807 2058 Reginaldi
847 2009 974 2052 Folet,
1016 2009 1064 2047 ad
1104 2009 1342 2047 instantiam
1378 2013 1555 2047 vestram
1595 2014 1890 2059 proposuerunt
1929 2011 2102 2050 alienare

391 2072 595 2121 quandam
634 2074 789 2121 partem
829 2071 999 2109 manerii
1032 2071 1078 2108 de
1118 2070 1366 2120 Langedun',
1400 2072 1505 2121 quod
1540 2075 1680 2110 tenent
1719 2073 1768 2110 ad
1803 2072 1906 2111 feodi
1941 2073 2101 2111 firmam

392 2135 438 2172 de
490 2133 633 2172 abbate
692 2133 1130 2179 Westmonasteriensi,
1187 2138 1224 2172 et
1276 2147 1365 2172 eam
1414 2133 1525 2173 vobis
1573 2135 1741 2172 vendere
1789 2135 1829 2171 in
1879 2135 2100 2184 dampnum

392 2197 518 2245 ipsius
574 2195 731 2234 abbatis
788 2198 826 2233 et
883 2195 925 2232 in
982 2195 1247 2244 prejudicium
1306 2198 1505 2242 nostrum,
1557 2209 1602 2234 eo
1657 2196 1763 2245 quod
1820 2196 1925 2234 idem
1979 2196 2101 2235 abbas

391 2259 619 2296 manerium
667 2257 894 2306 predictum
943 2256 1086 2295 habuit
1134 2270 1181 2295 ex
1233 2258 1448 2296 collatione
1496 2258 1820 2307 predecessorum
1871 2262 2101 2297 nostrorum

391 2334 530 2370 regum
577 2320 734 2369 Anglie.
793 2320 848 2357 Et
899 2320 986 2357 ideo
1033 2319 1144 2357 vobis
1182 2320 1437 2365 mandamus,
1478 2320 1650 2358 firmiter
1688 2320 1949 2369 prohibentes
1996 2322 2101 2371 quod

391 2385 438 2422 de
470 2384 684 2423 collatione
724 2382 785 2420 vel
817 2382 1049 2420 venditione
1080 2382 1350 2431 predictorum
1382 2382 1574 2432 Philippi,
1608 2382 1869 2431 Amphelusie
1899 2387 1937 2421 et
1967 2384 2102 2421 Ax‘icie

391 2449 545 2496 partem
576 2446 752 2494 aliquam
783 2444 962 2494 ejusdem
994 2444 1165 2481 manerii
1197 2444 1368 2494 recipere
1400 2445 1462 2483 vel
1491 2444 1604 2482 illam
1635 2444 1790 2493 ingredi
1821 2445 1905 2483 sine
1936 2459 2101 2483 assensu

391 2508 558 2558 predicti
611 2506 768 2545 abbatis
791 2508 795 2512 ’
820 2506 1053 2544 11111101011115
1106 2506 1370 2555 attemptetis,
1421 2507 1523 2545 sicut
1570 2519 1640 2544 vos
1687 2507 1795 2556 ipsos
1846 2511 1884 2545 et
1934 2508 2099 2545 domum

391 2574 565 2609 vestram
606 2582 760 2607 servare
798 2568 1006 2607 volueritis
1044 2568 1295 2618 indempnes.
1373 2569 1490 2607 Teste
1528 2581 1618 2618 rege
1658 2572 1702 2606 111
1742 2582 1874 2618 supra.

502 2669 554 2704 De
593 2668 732 2703 duabus·
769 2667 1007 2702 servientibus
1045 2667 1163 2702 >missis
1202 2668 1250 2702 affl
1286 2665 1756 2703 Insulczs.—Mandat11m
1795 2670 1854 2703 051
1894 2666 2098 2704 Willehno

392 2729 554 2767 Hardel’
595 2729 712 2778 quod,
754 2728 900 2766 amotis
938 2726 1093 2765 duobus
1132 2740 1230 2776 quos
1269 2728 1414 2766 melius
1447 2728 1631 2777 expedire
1666 2727 1810 2765 viderit
1844 2728 1891 2765 de
1926 2728 2096 2766 servien-

391 2791 497 2829 tibus
545 2790 760 2840 equitibus‚
808 2802 907 2838 quos
955 2789 1060 2827 idem
1109 2789 1337 2827 Willelmus
1384 2789 1546 2828 mittere
1602 2789 1777 2838 providit
1835 2790 1883 2827 ad
1941 2790 2099 2828 Insulas

390 2854 506 2903 regis,
547 2853 650 2891 sicut
689 2852 878 2891 dominus
917 2852 951 2889 ei
989 2851 1097 2890 dedit
1142 2852 1183 2889 in
1223 2852 1440 2896 mandatis,
1482 2852 1734 2891 XVillelmum
1779 2852 1825 2889 de
1874 2852 2098 2902 Winceleys

389 2920 428 2954 et
468 2916 642 2953 Alanum
681 2916 728 2953 de
767 2915 993 2965 Winceleys
1031 2914 1117 2953 loco
1156 2915 1426 2964 predictorum
1466 2915 1638 2952 duorum
1678 2914 1726 2952 ad
1769 2914 1844 2953 hoc
1893 2914 2094 2959 admittat,

389 2979 540 3017 faciens
596 2978 652 3015 eis
709 2976 854 3015 habere
911 2977 1070 3014 easdem
1133 2976 1390 3015 liberationes
1447 2990 1546 3026 quas
1611 2976 1679 3014 alii
1754 2976 1832 3014 duo
1898 2977 2096 3025 percipere

389 3040 633 3078 debuissent.
712 3040 827 3077 Teste
866 3042 910 3077 ut
949 3051 1082 3088 supra.
1142 3039 1218 3076 Per
1257 3039 1569 3077 Karleolensem.

499 3138 576 3173 Pru
610 3138 739 3184 priore
774 3137 815 3172 de
847 3135 1025 3183 quffklrl',
1058 3136 1100 3170 dr
1126 3136 1247 3182 fustis
1288 3135 1704 3174 ‹latha—Mandatum
1737 3138 1796 3172 est
1836 3134 2014 3172 Johanni
2048 3134 2095 3171 de

389 3199 532 3237 Nevill’
581 3198 686 3248 quod
732 3196 877 3234 habere
925 3196 1046 3234 100101
1101 3197 1221 3245 priori
1269 3197 1316 3235 de
1364 3197 1534 3235 Luffeld'
1593 3196 1823 3246 quindecim
1881 3195 1988 3233 fusta
2045 3196 2094 3233 ad

388 3260 652 3299 maeremium
691 3259 732 3297 in
770 3258 892 3296 balli-a
935 3271 1007 3296 sua
1053 3259 1224 3307 sparsim
1264 3271 1331 3307 per
1369 3259 1455 3297 loca
1495 3259 1562 3296 ubi
1601 3257 1851 3296 commodius
1899 3256 1947 3294 ad
1995 3270 2093 3306 opus

389 3336 507 3361 suum
546 3322 633 3370 capi
671 3324 860 3370 poterunt
899 3324 937 3358 et
975 3320 1024 3358 ad
1064 3320 1199 3358 minus
1238 3323 1529 3359 nocumentum
1565 3320 1709 3358 foreste
1749 3319 1866 3368 regis,
1906 3319 1952 3355 de
1989 3319 2093 3357 dono

387 3385 504 3434 regis.
583 3383 700 3421 Teste
737 3384 782 3420 ut
821 3394 953 3431 supra.
