2375 3587
252 194 333 232 354

313 315 455 361 1236.

303 382 360 420 [m.
378 380 468 419 13d.]

1186 191 1369 234 CLOSE
1406 190 1608 233 ROLLS.

661 390 714 428 H.
737 390 799 428 dei
828 390 957 439 gratia
986 402 1053 428 rex
1083 389 1225 438 Anglie
1254 390 1328 426 etc.
1351 385 1569 425 venerabili
1595 385 1699 435 patri
1721 385 1769 423 L.
1792 386 1929 424 eadem
1963 383 2091 433 gratia
2117 381 2244 420 archi-

552 452 735 501 episcopo
769 452 1009 490 Dublinensi
1044 454 1082 488 et
1113 451 1258 488 dilecto
1291 451 1330 486 et
1363 448 1468 485 fideli
1509 461 1580 486 suo
1618 448 1673 485 M.
1705 447 1788 485 filio
1819 446 1994 492 Geroldi,
2025 443 2247 495 justiciario

552 527 624 552 suo
655 513 860 557 Hibernie‚
894 513 1079 551 salutem.
1152 511 1355 550 Accedens
1395 523 1522 558 nuper
1560 509 1609 547 ad
1639 509 1792 547 curiam
1833 510 2012 546 nostram
2053 506 2248 554 Georgius

553 575 771 613 Desaffubl'
812 575 926 613 nobis
966 588 1012 612 ex
1050 576 1162 623 parte
1201 575 1332 610 vestra
1378 571 1621 620 supplicavit
1655 574 1699 608 ut
1739 569 1850 608 vobis
1889 569 1986 607 scire
2027 568 2249 606 faceremus

552 638 647 687 quid
685 637 786 687 juris
825 637 875 674 sit
913 636 1133 674 secundum
1181 633 1512 672 consuetudinem
1549 633 1691 681 Anglie
1730 631 1771 669 in
1803 629 1959 669 casibus
1997 628 2246 678 subscriptis,

552 699 748 744 videlicet,
785 711 876 737 cum
912 698 1120 745 contingat
1158 697 1286 734 filium
1326 695 1497 745 alicujus
1539 694 1686 732 nobilis
1725 696 1867 731 natum
1907 706 1953 730 ex
1991 691 2250 730 matrimonio

553 750 710 799 movere
757 759 1007 809 questionem
1047 758 1160 796 fratri
1205 770 1277 795 suo
1320 757 1361 794 in
1407 756 1671 794 fornicatione
1719 757 1812 793 ante
1855 752 2161 792 matrimonium
2203 753 2250 790 de

551 823 689 861 eadem
717 826 844 860 matre
869 820 1078 870 progenito
1104 833 1222 869 super
1250 822 1418 868 paterna
1442 818 1682 862 hereditate;
1708 817 1820 863 item,
1844 816 1877 854 si
1906 816 2116 863 contingat
2145 815 2249 863 quod

553 885 676 922 frater
704 888 825 921 natus
863 886 956 920 ante
986 881 1293 920 matrimonium
1324 881 1573 918 defendendo
1604 893 1642 917 se
1672 879 1778 917 dicat
1808 891 1848 916 se
1878 890 1960 915 esse
1990 876 2249 925 legittimum,

552 949 690 983 utrum
730 945 769 982 in
800 946 871 983 tali
910 957 1003 983 casu
1044 944 1095 981 sit
1133 943 1358 981 mittendus
1388 943 1436 980 ad
1476 942 1608 979 forum
1639 940 1957 980 ecclesiasticum
1997 942 2097 984 etc.;
2138 938 2250 984 item,

554 1008 586 1045 si
625 1007 848 1045 mittendus
886 1007 949 1052 sit,
988 1006 1028 1042 in
1064 1018 1142 1054 qua
1181 1005 1310 1043 forma
1356 1008 1458 1049 etc.;
1508 1004 1618 1049 item,
1660 1003 1692 1040 si
1730 1002 1940 1051 contingat
1987 1001 2091 1051 quod
2131 1002 2251 1038 natus

555 1072 647 1106 ante
676 1068 980 1106 matrimonium
1012 1067 1149 1105 fecerit
1179 1066 1413 1115 homagium
1446 1078 1563 1103 suum
1594 1065 1641 1102 de
1670 1064 1785 1103 terris
1816 1063 1898 1101 suis
1927 1065 2016 1112 post
2045 1062 2251 1100 decessum

555 1130 680 1179 patris
719 1130 779 1168 sui
819 1133 857 1167 et
896 1130 1050 1167 ratione
1089 1128 1269 1177 homagii
1310 1127 1364 1166 sic
1404 1127 1500 1165 facti
1540 1126 1741 1164 vocaverit
1777 1125 1989 1163 dominum
2037 1136 2155 1162 suum
2204 1124 2252 1161 ad

555 1194 793 1236 warantum,
834 1191 929 1239 quid
967 1190 1066 1240 juris
1101 1189 1152 1227 sit
1191 1189 1237 1226 de
1276 1189 1346 1226 illa
1384 1187 1592 1226 vocatione
1640 1190 1678 1225 et
1726 1187 1759 1224 si
1807 1185 2068 1224 warantizare
2114 1183 2255 1222 debeat

556 1257 625 1292 aut
663 1253 758 1291 velit
798 1256 963 1302 sponte3
1012 1254 1149 1289 utrum
1188 1251 1366 1288 duellum
1407 1249 1532 1299 possit
1571 1262 1655 1287 esse
1694 1249 1741 1286 de
1780 1248 1866 1298 jure
1898 1247 2002 1286 inter
2033 1249 2176 1285 natum
2207 1260 2253 1285 ex

556 1314 816 1353 matrimonio
855 1317 893 1352 et
931 1313 1143 1352 dominum
1183 1312 1527 1358 warantizantem,
1567 1324 1659 1349 cum
1699 1310 1805 1349 inter
1843 1310 1950 1359 ipsos
1990 1309 2133 1347 fratres
2171 1321 2255 1347 esse

556 1390 637 1415 non
676 1377 816 1426 possit.
893 1376 952 1413 Ad
1001 1376 1075 1414 1100
1123 1378 1258 1413 autem
1307 1373 1420 1412 vobis
1467 1373 1745 1423 significamus
1792 1372 1840 1410 (15
1886 1371 2018 1421 primo
2064 1370 2253 1420 capitulo,

555 1440 659 1488 quod
699 1439 730 1476 si
770 1440 889 1476 natus
928 1440 1021 1475 ante
1062 1436 1370 1474 matrimonium
1409 1436 1472 1474 0111
1512 1437 1698 1473 movetur
1735 1434 1904 1483 questio,
1954 1435 2168 1482 cognoscat
2215 1446 2255 1471 se

556 1505 698 1538 natum
746 1513 829 1537 esse
878 1503 970 1537 anto
1017 1498 1341 1544 matrimonium,
1395 1511 1467 1536 1100
1516 1501 1646 1546 petere
1696 1499 1825 1545 potest
1873 1495 2136 1533 hereditatem
2184 1507 2257 1532 nec

556 1564 725 1612 petitam
792 1562 960 1599 retinere
1026 1561 1247 1599 secundum
1314 1560 1457 1607 Aug-ho
1522 1559 1869 1604 consuetudinem,
1936 1569 2008 1595 nec
2074 1557 2166 1594 talis
2223 1557 2255 1594 si

557 1626 662 1662 dicat
698 1638 737 1662 se
769 1628 910 1661 natum
943 1636 1027 1661 esse
1062 1626 1151 1671 post
1185 1636 1264 1661 non
1297 1625 1356 1660 est
1394 1622 1620 1660 mittendus
1651 1621 1699 1658 ad
1735 1620 1887 1658 curiam
1920 1619 2256 1666 Christianitatis,

558 1701 603 1725 eo
641 1687 746 1737 quod
784 1686 912 1723 clerus
951 1685 1073 1723 talem
1112 1684 1232 1722 habet
1271 1698 1341 1734 pro
1380 1684 1595 1733 legittimo.
1672 1683 1774 1721 Cum
1813 1685 1949 1720 autem
1985 1682 2032 1719 (15
2065 1694 2157 1719 casu
2189 1681 2259 1719 illo

558 1761 664 1786 anno
703 1747 892 1796 preterito
940 1750 1159 1785 tractatum
1207 1750 1309 1784 esset
1353 1759 1486 1784 coram
1535 1744 1752 1783 venerabili
1801 1746 1913 1793 patre
1962 1743 2259 1793 archiepiscopo

560 1810 840 1849 Cantuariensi
872 1812 910 1847 et
942 1809 1186 1858 coepiscopis
1221 1808 1302 1846 suis
1337 1810 1376 1846 et
1410 1806 1670 1856 magnatibus
1706 1806 1854 1844 nostris
1894 1805 2051 1854 Anglie,
2093 1806 2256 1853 scilicet,

558 1876 695 1911 utrum
734 1871 942 1921 inquisitio
980 1871 1027 1908 de
1067 1871 1136 1908 tali
1186 1874 1282 1908 nato
1329 1869 1488 1907 deberet
1537 1869 1622 1907 fieri
1670 1869 1711 1906 in
1760 1868 1870 1907 curia
1917 1870 2057 1906 nostra
2108 1868 2169 1906 vel
2217 1868 2258 1905 in

558 1935 667 1973 curia
726 1933 1059 1977 Christianitatis,
1124 1933 1288 1970 tandem
1346 1932 1549 1981 predictus
1606 1931 1932 1980 archiepiscopus
1989 1933 2027 1968 et
2083 1930 2260 1980 episcopi

559 1996 762 2046 petierunt
821 1995 895 2033 sibi
946 1995 1031 2032 dari
1081 1997 1324 2043 potestatem
1382 1994 1627 2043 inquirendi.
1722 1993 1868 2031 Postea
1926 2004 2017 2030 vero
2074 2005 2259 2042 processu

559 2059 751 2107 temporis
808 2057 901 2107 quia
958 2057 999 2094 in
1058 2057 1188 2094 forma
1241 2057 1369 2094 brevis
1427 2056 1555 2093 nostri
1609 2056 1665 2093 eis
1723 2068 1843 2104 super
1901 2055 1978 2093 hoc
2032 2055 2259 2093 transmissi

560 2124 795 2159 contentum
846 2119 922 2156 fuit
971 2119 1076 2168 quod
1126 2119 1365 2167 respondere
1411 2117 1601 2155 deberent
1652 2120 1789 2155 utrum
1838 2116 1930 2155 talis
1985 2120 2105 2154 natus
2158 2120 2260 2155 esset

559 2187 652 2220 ante
709 2181 1015 2220 matrimonium
1064 2181 1125 2218 vel
1174 2185 1275 2229 post,
1326 2181 1508 2218 videntes
1556 2180 1630 2218 hoc
1678 2192 1761 2217 esse
1808 2179 2055 2217 contrarium
2107 2178 2260 2228 legibus

561 2245 642 2282 suis
681 2244 897 2281 noluerunt
945 2244 1021 2281 hoc·
1061 2243 1309 2292 respondere,
1350 2246 1408 2280 set
1461 2241 1708 2291 reliquerunt
1747 2240 1862 2279 nobis
1901 2244 1940 2279 et
1983 2241 2089 2279 curie
2125 2245 2259 2279 nostre

561 2307 634 2344 hoc
692 2306 978 2354 inquirendum
1037 2309 1076 2342 et
1124 2304 1454 2346 terminandum;
1528 2308 1566 2341 et
1614 2303 1794 2341 nondum
1853 2303 2058 2352 provisum
2107 2306 2167 2341 est
2218 2303 2259 2340 in

561 2369 670 2407 curia
709 2372 845 2406 nostra
884 2367 958 2405 sub
995 2380 1073 2416 qua
1112 2367 1242 2405 forma
1280 2367 1355 2405 hoc
1394 2366 1535 2404 debeat
1574 2365 1735 2415 inquiri,
1771 2366 1833 2404 vel
1860 2378 1928 2414 per
1961 2368 2260 2404 sacramentum

563 2431 631 2481 xij.
671 2432 894 2481 juratorum
933 2430 995 2467 vel
1034 2442 1102 2479 per
1140 2429 1416 2478 probationem
1475 2442 1497 2467 a
1553 2428 1735 2478 partibus
1781 2428 2105 2477 producendam3
2162 2428 2260 2466 item

563 2493 609 2530 (10
647 2492 822 2536 (101111110,
864 2492 895 2529 51
934 2490 1074 2529 debeat
1113 2491 1374 2529 warantizare
1428 2491 1582 2529 tenenti
1621 2493 1762 2529 contra
1801 2490 1946 2528 fratem
1979 2502 2110 2536 suum,
2150 2489 2261 2528 vobis

562 2554 850 2604 respondemus
889 2553 993 2602 quod
1032 2566 1126 2599 non,
1161 2565 1205 2590 eo
1243 2553 1348 2601 quod
1387 2556 1470 2591 tam
1510 2555 1630 2590 natus
1668 2554 1758 2601 post
1796 2551 2102 2590 matrimonium
2142 2565 2261 2602 quani

564 2620 656 2656 ante
695 2629 776 2653 uno
823 2619 860 2653 et
899 2616 1037 2653 eodem
1084 2616 1170 2664 jure
1227 2618 1398 2654 utuntur
1445 2618 1483 2653 et
1531 2615 1720 2653 dominus
1767 2614 1808 2652 in
1854 2614 2036 2664 captione
2083 2614 2262 2664 homagii

563 2680 698 2729 potius
736 2678 1033 2716 circumventus
1071 2678 1148 2715 fuit
1200 2690 1321 2727 quam
1378 2678 1533 2715 ratione
1589 2677 1800 2722 astrictus;
1868 2689 1939 2715 nec
1995 2689 2079 2715 esse
2117 2678 2263 2726 poterit

565 2742 743 2779 duellum
783 2740 888 2777 inter
925 2752 990 2777 eos
1028 2739 1206 2788 predicta
1244 2739 1411 2785 ratione,
1452 2743 1490 2777 et
1530 2742 1708 2788 preterea
1745 2739 1838 2788 quia
1876 2738 2064 2777 dominus
2106 2741 2264 2778 tenetur

565 2804 655 2853 plus
693 2801 956 2840 warantizare
993 2802 1146 2850 petenti
1184 2804 1280 2839 nato
1318 2805 1407 2850 post
1450 2801 1757 2839 matrimonium
1804 2814 1925 2850 quam
1973 2801 2128 2839 tenenti
2167 2804 2262 2839 nato

565 2868 658 2903 ante
695 2863 1017 2902 matrimonium.
1094 2863 1186 2901 Hiis
1221 2863 1346 2912 igitur
1384 2863 1599 2901 intellectis
1639 2863 1859 2901 secundum
1896 2863 2001 2913 quod
2038 2863 2261 2912 predictum

566 2930 625 2964 est
664 2926 705 2963 in
744 2924 925 2975 partibus
962 2925 1104 2963 vestris
1143 2924 1314 2963 faciatis.
1393 2925 1509 2963 Teste
1554 2938 1642 2975 rege
1680 2925 1786 2974 apud
1833 2925 2052 2972 Mortelac’,
2100 2924 2153 2963 ix.
2201 2925 2263 2963 die

567 2988 678 3026 Maii.

672 3090 756 3128 Rex
795 3089 940 3128 dilecto
978 3092 1016 3127 et
1045 3089 1153 3127 fideli
1183 3103 1254 3128 suo
1285 3090 1340 3127 M.
1372 3090 1456 3128 filio
1487 3089 1662 3136 Geroldi,
1693 3089 1915 3140 justiciario
1947 3102 2018 3127 suo
2052 3089 2259 3137 Hibernie,

567 3152 752 3190 salutem.
829 3151 1071 3189 Monstravit
1109 3150 1224 3190 nobis
1263 3151 1367 3189 lator
1414 3151 1661 3201 presentium
1713 3151 1818 3201 quod
1865 3164 1956 3190 cum
2005 3150 2089 3200 ipse
2135 3164 2262 3201 nuper

567 3214 608 3251 in
648 3213 758 3252 curia
797 3215 936 3251 nostra
973 3225 1106 3251 coram
1154 3212 1388 3263 justiciariis
1444 3213 1594 3251 nostris
1651 3213 1700 3251 ad
1755 3213 1830 3251 hoc
1887 3225 2015 3261 nuper
2071 3225 2139 3262 per
2194 3226 2262 3252 vos

567 3275 800 3314 constitutis
838 3275 878 3311 in
919 3274 1125 3325 Hibernya
1163 3278 1435 3324 recuperasset
1491 3275 1681 3313 seisinam
1738 3287 1851 3312 suam
1889 3287 2025 3312 versus
2063 3275 2262 3323 quendam

567 3337 773 3375 hominem
812 3337 859 3374 de
897 3335 1020 3374 libero
1062 3339 1293 3375 tenemento
1346 3349 1430 3381 suo,
1471 3336 1577 3374 idem
1615 3336 1865 3375 adversarius
1903 3348 1998 3374 suus
2037 3339 2174 3385 postea
2214 3337 2261 3375 de
