2375 3587
231 192 312 231 358

291 313 435 359 1236.

283 380 340 417 [m.
354 378 443 416 11‹·l.]

1168 191 1352 235 CLOSE
1387 192 1590 235 ROLLS.

530 387 788 426 interfuerint
851 389 900 426 ad
962 389 1252 438 inspectionem
1329 389 1549 437 predictam
1615 387 1843 425 habendam
1913 386 2077 425 domino
2141 386 2225 435 regi

529 449 727 497 significet
748 451 795 487 de
816 453 933 488 verbo
964 451 1003 488 in
1040 451 1156 489 verbo
1186 463 1277 488 cum
1316 450 1410 488 data
1442 450 1623 499 ejusdem
1662 453 1781 495 carte,
1825 452 1868 487 ut
1920 462 2011 487 cum
2061 448 2225 487 domino

529 511 611 558 regi
650 512 875 550 constiterit
910 514 957 550 de
995 515 1132 550 tenore
1184 513 1364 561 ejusdem
1397 515 1516 557 carte,
1557 512 1649 549 inde
1702 511 1893 561 precipiat
1940 511 2044 561 quod
2083 511 2227 549 viderit

528 573 774 611 faciendum.
832 575 949 612 Teste
984 587 1073 621 rege
1110 575 1215 623 apud
1247 574 1475 619 Merewell',
1512 574 1568 624 iij.
1608 574 1671 611 die
1708 573 1835 611 Junii.

636 652 690 689 Et
729 653 966 690 mandatum
1006 655 1066 690 est
1105 653 1284 701 predicto
1320 652 1619 701 archiepiscopo
1661 652 1767 701 quod
1805 655 1958 689 cartam
2006 652 2226 700 predictam

526 713 682 761 prefato
720 714 943 763 justiciario
982 714 1169 751 exhibeat
1207 714 1514 763 inspiciendam.
1573 714 1689 751 Teste
1728 717 1773 751 ut
1807 726 1939 762 supra.

634 816 1044 862 Jmleus.—Fir1mus‚
1076 830 1304 863 conversus,
1335 818 1446 855 dedit
1475 817 1641 855 domino
1671 817 1753 866 regi
1787 816 1960 866 intelligi
1993 817 2098 867 quod
2134 829 2225 854 cum

527 878 611 927 ipse
651 878 781 916 adhuc
821 878 862 915 in
903 879 1072 916 ν1111101011
1110 879 1272 927 perfidia
1302 892 1558 928 perseverans
1601 879 1754 928 prolem
1786 878 2031 924 suscitasset,
2063 878 2226 928 quidam

527 940 645 977 -Judei
687 940 830 978 Norht’
871 940 905 978 ei
952 940 1196 978 subtrahunt
1249 954 1392 990 pueros
1451 954 1557 987 suos,
1609 941 1667 979 ita
1713 940 1817 989 quod
1861 940 1993 978 visum
2045 940 2225 990 ipsorum

526 1001 670 1038 habere
709 1014 790 1039 non
842 1004 987 1050 potest.
1056 1002 1111 1039 Et
1163 1003 1403 1040 mandatum
1456 1006 1516 1040 est
1581 1001 1877 1041 constabulario
1929 1002 2073 1040 Norht'
2123 1002 2228 1052 quod

527 1063 674 1100 Judeos
714 1063 941 1101 detentores
980 1063 1251 1112 predictorum
1290 1077 1506 1113 puerorum
1554 1064 1594 1101 in
1635 1063 1756 1102 ballia
1793 1076 1866 1101 sua
1914 1064 2130 1113 distringat
2178 1064 2227 1101 ad

526 1125 884 1173 representandum
943 1125 1052 1174 ipsos
1110 1126 1341 1175 conspectui
1408 1126 1546 1175 patris,
1603 1129 1648 1164 ut
1714 1126 1847 1175 ipsum
1909 1128 2129 1177 sequantur
2195 1125 2227 1164 si

526 1186 739 1233 voluerint,
775 1187 837 1224 vel
876 1187 916 1224 in
957 1199 1087 1225 errore
1126 1200 1198 1225 suo
1236 1192 1471 1226 remaneant
1509 1191 1583 1226 etc.

638 1289 1036 1328 ‹iconia—Thomas
1094 1290 1228 1329 Gredl’
1296 1291 1517 1329 attornavit
1573 1291 1803 1330 Johannem
1869 1292 1916 1330 de
1981 1291 2138 1330 Riston'
2191 1294 2229 1329 et

527 1351 728 1399 Rogerum
774 1351 821 1388 de
871 1352 986 1401 Leyc'
1027 1364 1165 1389 versus
1219 1351 1440 1390 Robertum
1490 1352 1537 1390 de
1589 1352 1751 1391 Periton
1803 1355 1842 1391 et
1894 1353 2131 1402 Philippum
2183 1353 2230 1390 de

525 1412 638 1450 Bello
676 1414 813 1450 Monte
865 1413 1144 1459 deforciantes,
1185 1414 1231 1452 (10
1270 1414 1628 1453 consuetudinilms
1679 1419 1718 1453 et
1770 1415 1946 1454 serviciis
1997 1428 2072 1465 que
2123 1414 2228 1453 idem

527 1474 704 1512 Thomas
741 1474 790 1513 ab
829 1475 884 1512 eis
918 1475 1041 1524 exigit
1080 1476 1126 1513 de
1165 1475 1289 1515 libero
1329 1480 1561 1514 tenemento
1598 1490 1670 1517 0110
1708 1478 1813 1527 (111οᾶ
1851 1477 1898 1515 (10
1936 1490 1981 1515 eo
2019 1479 2159 1515 tenent
2188 1476 2229 1514 in

527 1536 688 1574 Goldor’
728 1540 766 1574 et
805 1536 845 1573 in
886 1536 1050 1587 Cleyore
1089 1541 1127 1576 et
1166 1551 1299 1577 versas
1340 1538 1590 1576 Willelmuin
1629 1539 1676 1577 de
1720 1539 1882 1578 Goldor‘
1923 1539 2226 1584 deforcfflntem,

525 1598 571 1635 de
610 1598 967 1636 consuetudinibus
1005 1602 1044 1637 et
1082 1600 1259 1638 serviciis
1298 1601 1345 1638 de
1385 1603 1616 1639 tenemento
1654 1604 1728 1640 etc.
1769 1601 1811 1639 in
1850 1601 2027 1641 Goldor'.
2114 1601 2229 1639 Teste

525 1673 614 1709 rege
652 1661 757 1709 apud
795 1661 1024 1706 Mei-ewen&
1064 1662 1146 1712 viij.
1186 1663 1248 1700 (110
1286 1663 1413 1700 Junii.

634 1757 690 1792 De
727 1757 938 1804 infidelibus
976 1758 1567 1806 cnmpesremlz‘s.—Significavit
1597 1759 1679 1807 regi
1709 1759 1833 1797 frater
1861 1759 1907 1796 A.
1943 1758 2050 1808 prior
2079 1758 2230 1797 ordinis

527 1818 715 1855 Fratrum
747 1818 1049 1857 Predicatorum
1080 1820 1186 1869 (111οᾶ
1215 1833 1306 1858 cum
1346 1821 1429 1870 ipse
1457 1822 1659 1871 quendam
1694 1822 1741 1860 de
1780 1822 1961 1860 articulis
1998 1821 2091 1860 fidei
2125 1821 2230 1860 male

527 1880 768 1918 sentientem
826 1884 866 1918 et
917 1882 1086 1930 pessime
1138 1883 1446 1931 respondentem
1503 1883 1736 1930 invenisset,
1790 1884 1959 1922 eundem
2020 1887 2227 1934 tamquam

526 1941 729 1979 infidelem
783 1943 947 1980 arestari
997 1944 1090 1981 fecit
1138 1948 1177 1982 et
1224 1946 1371 1983 carceri
1419 1946 1654 1995 mancipari.
1740 1946 1841 1994 Quia
1889 1946 2012 1995 igitur
2049 1946 2228 1995 prefatus

526 2004 633 2052 prior
683 2004 838 2042 nullam
892 2004 1013 2043 habet
1064 2006 1382 2056 jurisdictionem
1440 2008 1634 2046 secularia
1688 2009 1838 2058 judicia
1893 2008 2100 2047 exercendi
2157 2021 2229 2047 1100

525 2066 698 2115 aliquem
754 2067 954 2105 arestandi
999 2068 1061 2105 vel
1106 2069 1251 2107 carceri
1299 2070 1587 2119 mancipandi;
1640 2074 1871 2120 preceptum
1907 2074 1966 2109 est
2005 2071 2229 2109 vicecomiti

527 2127 697 2167 Eboraci
750 2130 854 2178 quod
905 2142 996 2168 cum
1050 2131 1184 2179 plures
1234 2131 1316 2170 sint
1368 2131 1410 2169 in
1463 2132 1645 2182 partibus
1697 2133 1778 2171 illis
1828 2133 2008 2172 infideles
2066 2135 2103 2172 et
2161 2134 2228 2184 qui

526 2203 643 2240 super
699 2191 871 2229 heretica
927 2192 1136 2241 pravitate,
1194 2193 1295 2231 sicut
1362 2207 1429 2232 rex
1486 2195 1651 2241 audivit,
1711 2195 1866 2244 possint
1924 2196 2121 2243 convinci,
2180 2197 2229 2234 ad

526 2253 764 2290 mandatum
818 2253 996 2302 ejusdem
1052 2254 1234 2293 infideles
1293 2257 1457 2294 arestari
1515 2257 1637 2296 faciat
1694 2261 1732 2295 et
1788 2257 1933 2296 carceri
1990 2258 2227 2307 mancipari,

526 2314 692 2359 nemini,
733 2315 794 2352 vel
834 2315 874 2352 in
914 2315 1066 2354 divitiis
1105 2316 1357 2355 habundanti
1397 2318 1458 2355 vel
1497 2319 1579 2364 alii,
1623 2319 1757 2368 aliquo
1796 2319 1930 2358 favore
1968 2320 2148 2358 deferens
2187 2320 2228 2357 in

526 2376 599 2414 hac
638 2380 762 2425 parte,
801 2390 944 2426 eosque
992 2378 1102 2416 salvo
1149 2379 1270 2418 faciat
1317 2381 1521 2426 custodiri,
1590 2394 1796 2431 quousque
1854 2395 1921 2420 rex
1982 2381 2091 2420 aliud
2138 2382 2230 2420 inde

526 2438 684 2476 duxerit
722 2439 1038 2488 precipiendum.
1097 2440 1214 2479 Teste
1263 2455 1352 2492 rege
1399 2443 1505 2492 apud
1554 2442 1820 2490 Wintoniam,
1862 2443 1914 2481 ix.
1964 2444 2026 2482 die
2074 2444 2200 2482 ι1111111.

635 2536 712 2571 l'ro
766 2535 986 2572 Batia-ina
1040 2538 1081 2572 de.
1139 2537 1539 2576 l'‹›c›·.—lllandatuni
1592 2541 1652 2576 est
1704 2538 1940 2588 justiciariis
1991 2539 2039 2577 de
2095 2541 2230 2578 Banco

525 2596 629 2643 quod
668 2596 882 2644 loquelam,
924 2610 998 2645 (1110
1036 2601 1096 2635 est
1135 2597 1241 2635 inter
1279 2600 1467 2637 comitem
1509 2599 1638 2637 Cestr’
1680 2602 1883 2648 petentem
1931 2603 1969 2638 et
2013 2600 2229 2639 Isabellam

525 2658 572 2694 de
625 2658 797 2695 Hocton'
851 2658 1152 2705 deforciantem,
1204 2661 1251 2698 de
1300 2662 1482 2699 custodia
1532 2665 1632 2699 terre
1670 2664 1708 2699 et
1746 2662 1902 2700 heredis
1944 2663 2139 2701 Willelmi
2185 2663 2231 2701 de

527 2719 716 2764 Hocton’,
770 2723 808 2758 et
858 2719 899 2756 in
948 2733 1026 2768 qua
1082 2721 1240 2770 loquela
1292 2722 1397 2760 idem
1454 2735 1586 2761 comes
1643 2723 1736 2762 fecit
1792 2727 2044 2762 attornatum
2112 2737 2230 2762 suum

527 2781 805 2818 Baldewinum
846 2781 893 2819 de
931 2783 1044 2827 Yeer,
1082 2796 1199 2832 quem
1241 2797 1307 2821 rex
1349 2785 1461 2823 misit
1509 2785 1551 2822 in
1597 2786 1789 2823 nuntium
1837 2799 1955 2824 suum
2003 2787 2051 2824 ad
2099 2790 2230 2836 partes

526 2843 831 2887 transmarinas,
874 2846 1026 2892 ponant
1070 2844 1110 2881 in
1150 2848 1375 2895 respectum
1415 2859 1539 2896 usque
1567 2847 1617 2885 ad
1646 2846 1806 2886 octabas
1839 2847 1977 2886 Sancti
2007 2847 2229 2892 Michaelis,

526 2916 631 2941 anno
670 2906 743 2942 etc.
785 2917 849 2941 xx.
927 2905 1044 2944 Teste
1082 2919 1173 2956 rege
1211 2908 1316 2956 apud
1356 2908 1624 2955 Wintoniam,
1664 2909 1717 2947 ix.
1758 2909 1820 2948 die
1858 2909 1986 2947 Junii.

635 2997 737 3043 Quia
785 3010 851 3035 rex
899 2999 1010 3037 misit
1050 2999 1329 3038 Baldewinum
1373 3002 1419 3039 de
1459 3002 1537 3040 Ver
1575 3002 1623 3040 ad
1675 3005 1808 3052 partes
1858 3003 2150 3041 transmarinas
2188 3004 2228 3040 in

526 3058 716 3096 nuntium
765 3072 896 3105 suum,
947 3060 1003 3098 ita
1048 3061 1153 3109 quod
1202 3074 1335 3099 coram
1383 3063 1617 3113 justiciariis
1674 3064 1855 3113 proximo
1904 3064 2149 3103 itineraturis
2188 3065 2229 3102 in

526 3121 721 3159 comitatu
758 3122 897 3172 Leyrc’
947 3123 1140 3161 interesse
1188 3137 1267 3162 non
1317 3129 1448 3174 potest
1497 3127 1537 3163 in
1578 3127 1722 3165 itinere
1761 3139 1855 3171 suo3
1896 3127 2135 3165 mandatum
2172 3131 2231 3165 est

526 3182 581 3221 eis
629 3184 733 3233 quod
782 3196 921 3222 omnes
969 3184 1146 3234 loquelas
1194 3186 1235 3224 in
1283 3187 1460 3236 predicto
1509 3188 1666 3234 itinere,
1721 3191 1824 3238 [que]
1876 3191 2050 3237 tangunt
2098 3188 2229 3238 ipsum

527 3245 821 3290 Baldewinum,
876 3245 953 3284 nisi
1004 3246 1086 3284 sint
1137 3247 1184 3285 de
1235 3248 1326 3286 dote
1383 3249 1487 3287 unde
1544 3249 1672 3288 nichil
1730 3249 1851 3287 habet
1907 3250 1967 3288 vel
2024 3250 2071 3287 (10
2128 3263 2231 3289 nova

525 3307 749 3353 disseisina,
790 3311 942 3356 ponant
975 3320 1109 3346 coram
1143 3309 1377 3359 justiciariis
1412 3312 1518 3360 apud
1553 3311 1959 3351 Westmonasterium
1994 3311 2034 3348 in
2070 3311 2230 3350 octabas

526 3370 709 3406 omnium
752 3370 1008 3414 Sanctorum,
1047 3383 1154 3408 anno
1193 3375 1268 3410 etc.
1309 3372 1388 3410 xxi.
1467 3373 1582 3412 Teste
1620 3386 1709 3422 rege
1745 3376 1788 3411 ut
1828 3387 1962 3423 supra.
