2375 3587
319 1645 379 1684 [m.
406 1645 476 1686 20]

1221 183 1407 228 CLosE
1452 182 1656 227 ROLLs.

688 381 768 416 Pro
806 382 989 427 Galfrida
1029 384 1070 417 de
1110 381 1446 418 Mar-[scisn—Rex
1486 380 1682 418 Mauricio
1720 379 1804 417 filio
1844 380 2020 425 Geroldi,
2059 379 2280 429 justiciario

579 453 650 478 suo
702 441 920 491 Hybernie‚
975 442 1158 481 salutem.
1239 441 1426 479 Ostendit
1480 441 1595 480 nobis
1652 441 1821 480 dilectus
1872 444 1911 479 et
1967 441 2096 479 fidelis
2143 444 2280 479 noster

579 502 787 540 Galfridus
826 504 873 541 de
913 504 1096 542 Mariscis
1135 504 1254 553 quod,
1295 517 1387 542 cum
1427 503 1657 541 Willelmus
1695 503 1742 540 de
1788 503 1986 549 Mariscis,
2026 503 2132 541 filius
2179 503 2278 553 ejus,

577 565 644 613 qui
682 565 890 614 utlagatus
932 570 992 604 est
1039 579 1109 615 pro
1157 569 1286 603 morte
1335 566 1387 604 H.
1430 566 1641 610 Clement’‚
1684 567 1839 603 teneret
1887 565 1935 602 de
1974 565 2062 614 ipso
2101 565 2283 603 Galfrido

577 630 726 664 terram
774 627 821 665 de
874 628 1047 677 Kylmen
1093 628 1249 665 Halloc'
1302 627 1344 664 in
1391 627 1611 677 Hybernia,
1648 631 1686 665 et
1732 627 1816 676 ipse
1866 626 2071 664 Galfridus
2109 627 2277 664 eandem

577 692 724 726 terram
765 692 917 727 teneret
957 690 1004 727 de
1042 690 1230 739 episcopo
1272 689 1543 735 Liiniricensi,
1591 689 1698 727 idem
1744 689 1954 738 episcopus
1999 692 2146 727 terram
2191 702 2275 738 pre-

574 751 700 788 fatam
749 751 790 788 in
840 765 966 789 manu
1019 765 1091 790 sua
1130 756 1338 801 tamquam
1378 755 1583 790 excaetam
1632 764 1746 789 suam
1785 764 1853 800 per
1890 764 1960 789 vos
1999 750 2128 789 saisiri
2167 751 2273 789 fecit.

574 815 723 851 Verum
763 814 857 862 quia
895 814 1001 852 dicta
1041 821 1146 852 terra
1190 818 1352 852 excaeta
1400 814 1526 863 ipsius
1574 813 1750 862 episcopi
1796 813 2017 851 secundum
2063 816 2273 851 consuetu-

574 876 710 913 dinem
751 878 854 913 terre
894 880 1028 914 nostre
1068 877 1304 914 nullatenus
1343 889 1427 914 esse
1472 879 1617 925 potest,
1667 875 1744 913 nisi
1794 875 1998 924 predictus
2046 875 2274 914 Willelmus

575 951 663 975 eam
716 938 763 975 de
813 937 899 986 ipso
951 939 1136 987 episcopo
1186 938 1418 976 immediate
1470 938 1684 983 tenuisset;
1725 937 1837 976 vobis
1876 938 2117 975 mandamus
2154 938 2272 987 quod,

574 999 606 1036 si
654 999 710 1036 ita
761 1003 833 1045 est,
884 1000 930 1037 de
971 1000 1127 1048 prefata
1178 1004 1282 1037 terra
1331 1000 1406 1049 ipsi
1453 1000 1637 1038 Galfrido
1688 1000 1849 1049 plenam
1900 1000 2089 1038 seisinam
2128 1000 2272 1039 habere

572 1061 744 1100 faciatis.
806 1061 923 1099 Teste
963 1075 1053 1110 rege
1092 1065 1137 1099 ut
1176 1075 1309 1111 supra.

681 1176 758 1211 Pro
816 1176 1000 1224 &alfrido
1052 1177 1094 1212 de
1145 1175 1524 1222 Rasssseslwt'.—Rex
1574 1175 1729 1213 custodi
1775 1175 1919 1213 foreste
1965 1175 2012 1213 de
2060 1175 2270 1221 Windles’,

571 1237 756 1275 salutem.
843 1237 1094 1286 Precipimus
1160 1237 1232 1275 tibi
1299 1238 1403 1287 quod
1455 1238 1697 1275 demandam
1756 1237 1808 1276 xl.
1874 1238 2092 1276 solidorum
2150 1251 2270 1287 quam

570 1299 702 1337 facitis
738 1299 922 1337 Galfrido
953 1300 1000 1337 de
1036 1300 1275 1348 Baggeshet'
1311 1300 1357 1337 de
1389 1300 1506 1337 firma
1540 1299 1660 1337 ballie
1694 1313 1763 1337 sue
1801 1313 1926 1349 ponas
1965 1300 2006 1337 in
2046 1305 2269 1349 respectum

570 1374 694 1410 usque
752 1361 792 1398 in
853 1361 1025 1400 Octabas
1078 1362 1216 1400 Sancti
1274 1362 1438 1399 Hillarii
1494 1375 1603 1399 anno
1646 1361 1757 1411 regni
1809 1362 1935 1400 nostri
1988 1363 2089 1412 xxj.;
2148 1376 2268 1412 quam

569 1423 728 1471 quidem
777 1424 935 1460 firmam
982 1423 1086 1460 idem
1131 1423 1340 1461 Galfridus
1382 1423 1480 1461 dicit
1519 1437 1559 1461 se
1594 1436 1673 1461 non
1713 1436 1827 1472 posse
1864 1423 2024 1461 reddere
2062 1424 2269 1462 occasione

568 1485 800 1523 libertatum
841 1486 1025 1534 episcopo
1064 1485 1338 1523 Wintoniensi
1377 1490 1416 1523 et
1463 1485 1597 1523 abbati
1647 1485 2068 1524 westmonasteriensi
2111 1498 2267 1525 conces-

568 1561 716 1584 sarum.
777 1548 892 1585 Teste
928 1561 1018 1596 rege
1058 1548 1162 1597 apud
1204 1547 1398 1593 XVindes',
1439 1548 1539 1597 xiiij.
1579 1547 1641 1585 die
1680 1547 1931 1585 Novembris.

677 1643 917 1681 Mandatum
966 1647 1025 1681 est
1075 1643 1297 1693 Reginaldo
1353 1644 1399 1680 de
1456 1643 1731 1681 Blancmustr‘
1789 1644 1894 1692 quod
1951 1643 2096 1682 habere
2147 1644 2268 1683 faciat

567 1705 722 1742 custodi
771 1706 906 1754 pontis
954 1705 1130 1743 Windes’
1182 1719 1217 1742 v.
1268 1718 1436 1754 quercus
1484 1705 1524 1742 in
1574 1705 1723 1743 foresta
1769 1706 1816 1743 de
1867 1705 2055 1751 Windes’,
2095 1707 2266 1755 sparsim

565 1780 633 1815 per
671 1767 757 1805 loca
796 1767 861 1805 ubi
902 1767 1153 1806 commodius
1192 1768 1280 1816 capi
1318 1770 1523 1817 poterunt,
1564 1768 1612 1804 ad
1651 1767 1913 1805 maeremium
1955 1768 2184 1806 faciendum
2216 1769 2265 1806 ad

565 1830 837 1878 operationem
873 1833 912 1868 et
952 1829 1290 1868 sustentationem
1331 1829 1510 1879 ejusdem
1544 1829 1693 1878 pontis,
1733 1829 1781 1867 de
1819 1829 1925 1868 dono
1956 1830 2073 1880 regis.
2149 1830 2266 1869 Teste

563 1905 652 1940 rege
691 1895 735 1930 ut
774 1905 907 1941 supra.

653 1977 908 2026 *Mandatum
957 1991 1017 2026 est
1064 1987 1241 2026 Roberto
1289 1987 1337 2025 de
1385 1987 1599 2036 Crepping’
1649 1987 1768 2037 quod,
1817 1987 1864 2025 de
1904 1987 2020 2026 terris
2059 1990 2098 2026 et
2134 1987 2263 2028 boscis

561 2062 659 2099 quos
698 2050 897 2088 Henrieus
936 2051 983 2088 de
1022 2050 1198 2100 Helyum
1240 2049 1454 2099 aliquando
1493 2048 1624 2087 tenuit
1658 2049 1704 2087 de
1744 2049 1849 2087 dono
1887 2049 1991 2099 regis
2023 2049 2066 2087 in
2114 2050 2262 2090 foresta

559 2112 606 2149 de
646 2112 893 2161 Esingwaud
928 2112 1120 2161 quamdiu
1159 2112 1386 2150 manerium
1426 2111 1473 2149 de
1511 2111 1761 2160 Esingwaud
1795 2111 1873 2149 fuit
1903 2111 1945 2149 in
1977 2124 2101 2150 manu
2135 2112 2262 2162 ipsius

560 2174 739 2219 Henrici‚
796 2174 999 2219 assartari,
1054 2174 1210 2211 frussiri
1250 2181 1289 2211 et
1337 2173 1462 2211 excoli
1502 2172 1624 2211 faciat
1671 2173 1864 2211 ducentas
1912 2186 2024 2212 acras
2070 2174 2119 2212 ad
2161 2188 2261 2225 opus

559 2235 662 2284 regis
719 2236 760 2272 in
817 2235 1034 2274 dominico.
1113 2235 1230 2273 Teste
1269 2248 1359 2284 rege
1406 2235 1511 2284 apud
1550 2235 1741 2282 Windes'‚
1783 2235 1859 2284 xvj.
1901 2235 1963 2273 die
2010 2236 2262 2278 Novembris.

562 2299 789 2347 [c'aneelled]
832 2300 921 2347 qnia
963 2300 1076 2336 aliter
1116 2300 1155 2335 in
1195 2299 1315 2334 rotulo
1354 2304 1623 2345 computorwn.

668 2413 720 2447 ln>
751 2412 893 2460 loquela
928 2413 1025 2449 inter
1055 2412 1262 2448 Hubertnm
1302 2411 1416 2447 Hoes'
1446 2417 1479 2447 et
1509 2411 1685 2447 decanum
1720 2417 1753 2447 et
1783 2411 1991 2459 capitulum
2020 2411 2136 2449 Ebor'
2168 2412 2255 2464 (sic)

552 2475 725 2519 ponenda
763 2475 802 2510 in
834 2473 1347 2521 respectum.—Mandatum
1387 2475 1446 2510 est
1484 2472 1711 2510 vicecomiti
1750 2471 1907 2510 Wiltes’
1945 2473 2050 2522 quod
2088 2474 2256 2512 assisam

556 2535 698 2573 ultime
747 2536 1059 2584 presentationis
1106 2536 1153 2573 de
1202 2535 1367 2573 ecclesia
1412 2535 1459 2572 de
1505 2534 1744 2583 Stapelford'
1787 2547 1863 2583 que
1911 2536 2160 2574 summonita
2197 2540 2257 2575 est

555 2608 689 2634 coram
729 2610 818 2646 rege
857 2597 919 2635 die
958 2597 1160 2635 dominica
1207 2597 1248 2634 in
1291 2597 1393 2634 festo
1434 2596 1574 2635 Sancti
1623 2596 1843 2635 Clementis
1883 2597 1987 2635 inter
2024 2597 2255 2637 Hubertum

556 2657 677 2695 Hoes'
717 2662 755 2696 et
794 2659 990 2697 decanum
1034 2662 1072 2696 et
1112 2658 1337 2707 capitulum
1385 2658 1470 2696 Sar‘
1519 2660 1643 2706 ponat
1682 2657 1723 2694 in
1763 2661 1987 2707 respectum
2026 2662 2071 2697 ut
2109 2660 2155 2698 de
2193 2661 2255 2698 die

553 2719 595 2756 in
644 2720 749 2757 diem
800 2734 924 2769 usque
962 2721 1009 2758 ad
1062 2720 1168 2757 diem
1217 2720 1381 2758 Veneris
1428 2719 1654 2769 proximam
1703 2722 1950 2768 sequentem.
2010 2720 2126 2759 Teste
2164 2735 2254 2771 rege

553 2785 597 2819 ut
636 2794 768 2830 supra.
816 2806 822 2810 -

659 2909 715 2944 De
754 2912 914 2956 Symmne
954 2909 1032 2948 silim
1074 2909 1182 2944 I'etri
1220 2910 1261 2944 (le
1307 2905 1891 2955 11'io-elingsleam.—Mandatum
1931 2910 1990 2945 est
2029 2907 2253 2948 vicecomiti

554 2968 807 3017 Cantebrigie
860 2969 963 3018 quod
1020 2969 1237 3019 Symoneni
1291 2968 1422 3005 filium
1476 2967 1583 3006 Petri
1639 2968 1687 3005 de
1739 2968 2075 3018 Wyvelyngham‚
2132 2983 2250 3020 quem

551 3031 739 3069 dominus
778 3043 845 3068 rex
884 3030 1012 3068 mittit
1052 3031 1099 3077 ei,
1132 3030 1299 3080 recipiat
1335 3034 1374 3068 et
1412 3030 1451 3067 in
1492 3029 1654 3079 prisona
1692 3030 1795 3079 regis
1829 3030 1938 3068 salvo
1975 3032 2174 3070 custodiat
2213 3037 2251 3071 et

551 3093 592 3130 in
650 3093 769 3142 pleno
826 3093 1021 3129 comitatu
1079 3106 1149 3130 suo
1206 3093 1339 3141 ipsum
1395 3092 1519 3129 videri
1576 3094 1615 3129 et
1675 3104 1743 3140 per
1798 3091 1942 3141 probos
2003 3096 2041 3130 et
2104 3093 2249 3144 legales

550 3154 735 3192 homines
785 3156 824 3191 et
885 3156 1138 3192 coronatores
1190 3154 1237 3192 de
1290 3154 1429 3192 eodem
1478 3153 1673 3191 comitatu
1728 3153 1879 3202 inquiri
1934 3153 2055 3192 faciat
2111 3158 2248 3193 utrum

550 3216 655 3254 idem
696 3215 849 3265 Symon
889 3215 1010 3253 fuerit
1047 3215 1254 3264 utlagatus
1292 3228 1442 3260 necne;
1483 3218 1522 3253 et
1561 3214 1593 3252 si
1632 3213 1752 3252 fuerit
1798 3214 2018 3264 utlagatus,
2059 3216 2165 3265 quod
2202 3218 2250 3256 de

549 3291 594 3316 eo
633 3276 754 3315 faciat
785 3277 886 3326 quod
923 3277 1142 3315 secundum
1176 3276 1509 3316 consuetudinem
1542 3275 1687 3325 Anglie
1721 3275 1813 3314 inde
1847 3275 1969 3314 fuerit
2001 3276 2248 3320 faciendum.

547 3340 664 3378 Teste.
701 3351 790 3389 rege
829 3342 872 3377 ut
911 3351 1042 3387 supra.
