2375 3587
275 226 359 266 498

333 355 477 403 1237.

348 423 406 461 [m.
426 421 476 462 2.]

1213 233 1399 276 CLOSE
1444 233 1648 275 ROLLS.

574 429 684 467 salva
722 429 887 477 Helene,
927 443 1002 480 que
1041 430 1119 468 fuit
1157 442 1256 467 uxor
1294 429 1419 478 ipsius
1457 429 1616 468 comitis
1656 428 1819 475 Cestrie,
1855 429 1946 467 dote
1977 442 2049 468 sua
2080 442 2157 479 que
2187 442 2275 468 eam

573 492 772 540 contingit
809 493 855 531 de
894 493 1081 542 predictis
1121 492 1251 530 terris.
1329 491 1445 529 Teste
1485 504 1574 540 rege
1613 492 1718 540 apud
1767 491 2009 538 Eboracum,
2049 492 2172 543 xxvij.
2214 492 2275 530 die

574 553 833 603 Septembris.

684 633 838 672 Eodem
877 635 995 672 modo
1034 634 1221 673 scribitur
1258 631 1560 672 vicecomitibus
1600 631 1730 678 Linc’‚
1771 632 1988 678 Huntind',
2029 635 2067 670 et
2106 632 2247 670 Essex.

685 754 761 791 Pro
800 755 926 790 abbate
964 755 1006 789 de
1047 751 1417 789 (‘'a‹I‹›m‹>.—Abbas
1455 750 1502 788 de
1542 750 1719 788 Cadamo
1766 751 1860 789 fecit
1908 750 1989 800 regi
2036 750 2273 789 fidelitatem

573 827 701 852 suam.
761 815 815 852 Et
854 815 1093 852 mandatum
1134 817 1193 852 est
1231 812 1457 852 vicecomiti
1497 813 1637 850 Glouc’
1680 813 1786 862 quod
1829 813 1877 851 de
1924 812 2113 850 omnibus
2160 814 2277 851 terris

572 880 610 914 et
649 876 966 925 possessionibus
1005 877 1052 914 ad
1092 877 1312 926 predictam
1361 874 1568 913 abbaciam
1608 874 1904 924 pertinentibus
1947 875 1988 912 in
2037 874 2158 912 ballia
2204 888 2276 913 sua

573 939 734 988 plenam
776 939 966 976 seisinam
1007 939 1041 977 ei
1081 938 1228 976 habere
1268 938 1402 976 faciat.
1491 937 1607 975 Teste
1646 940 1690 974 ut
1728 949 1862 985 supra.

681 1018 834 1056 Eodem
874 1018 992 1055 modo
1031 1017 1218 1056 scribitur
1255 1015 1559 1054 vicecomitibus
1598 1015 1724 1061 Nors’,
1766 1016 1921 1062 Essex’,
1962 1015 2095 1061 Dors’‚
2147 1015 2274 1054 Wilt’.

680 1140 758 1176 J'm»
798 1139 1000 1175 Fratribus
1038 1139 1253 1174 Minoribus
1292 1136 1773 1174 Ehoravel—Mandatum
1823 1139 1882 1174 est
1921 1136 2065 1186 majori
2104 1135 2276 1175 Eboraci

570 1193 688 1250 quod,
738 1199 958 1248 assumptis
1007 1212 1141 1238 secum
1190 1197 1323 1248 probis
1371 1201 1409 1236 et
1458 1197 1654 1246 legalibus
1702 1197 1937 1236 hominibus
1985 1198 2031 1235 de
2080 1197 2275 1245 Eboraco,

571 1264 732 1302 accedat
799 1263 847 1300 ad
915 1262 1079 1300 domum
1149 1262 1337 1299 Fratrum
1395 1261 1601 1298 Minorum
1669 1259 1840 1299 Eboraci
1906 1263 1945 1298 et
2011 1274 2079 1310 per
2143 1261 2275 1299 visum

570 1325 786 1363 eorundem
845 1324 966 1362 faciat
1024 1324 1079 1362 eis
1137 1323 1281 1361 habere
1339 1323 1407 1373 xij.
1458 1323 1576 1371 pedes
1624 1325 1726 1360 terre
1774 1323 1815 1360 in
1875 1323 2090 1361 latitudine
2137 1336 2276 1361 versus

570 1389 765 1426 orientem
803 1387 917 1437 juxta
955 1387 1108 1425 curiam
1149 1399 1278 1432 suam,
1319 1389 1357 1423 et
1397 1385 1507 1434 xviij.
1547 1385 1762 1434 perticatas
1800 1389 1902 1423 terre
1941 1385 1981 1422 in
2021 1385 2275 1435 longitudine

570 1450 676 1488 curie
716 1463 785 1488 sue
824 1449 872 1487 ad
910 1449 1062 1487 curiam
1112 1461 1227 1486 suam
1277 1447 1611 1497 prolongandam,
1662 1447 1693 1485 si
1742 1447 1781 1484 id
1829 1447 1915 1485 fieri
1962 1447 2088 1496 possit
2127 1448 2277 1498 absque

570 1515 814 1551 nocumento
861 1511 964 1560 regie
1013 1514 1136 1549 strate
1186 1511 1303 1559 regis.
1391 1510 1506 1548 Teste
1555 1522 1643 1558 rege
1691 1510 1797 1559 apud
1843 1509 2087 1556 Eboracum,
2137 1511 2274 1560 xxviij.

569 1575 631 1613 die
672 1573 930 1623 Septembris.

678 1696 734 1732 De
772 1696 938 1731 ‹mmlia
980 1701 1184 1730 castrorum
1226 1695 1269 1729 de
1309 1692 1516 1739 Ranilum-ff
1551 1700 1582 1729 et
1620 1693 1718 1729 Nori
1752 1692 1881 1729 (ss'astri
1914 1706 2024 1740 super
2061 1693 2276 1741 Tynam.——

571 1758 672 1805 Quia
709 1757 826 1794 firma
865 1769 941 1805 pax
986 1755 1088 1793 inita
1135 1759 1195 1793 est
1244 1755 1350 1792 inter
1398 1767 1533 1803 regem
1581 1758 1619 1792 et
1668 1767 1801 1803 regem
1852 1753 2016 1800 Scottie,
2066 1754 2123 1792 ita
2170 1756 2275 1805 quod

571 1833 649 1858 non
690 1823 750 1857 est
790 1818 1017 1857 timendum
1058 1817 1140 1865 regi
1178 1817 1225 1855 de
1264 1817 1407 1854 castris
1448 1816 1530 1853 suis
1579 1816 1683 1854 sicut
1731 1816 1855 1865 prius,
1897 1829 1978 1853 non
2018 1819 2077 1854 est
2115 1829 2274 1856 necesse

571 1883 675 1932 quod
715 1884 798 1919 tam
838 1880 975 1927 magni
1015 1884 1204 1928 sumptus
1252 1879 1352 1916 fiant
1391 1879 1438 1916 ad
1487 1881 1618 1916 castra
1656 1878 1759 1927 regis
1807 1878 1854 1916 de
1894 1877 2111 1928 Baniburg’
2151 1882 2190 1917 et
2227 1880 2276 1918 de

572 1945 684 1983 Novo
741 1946 880 1982 Castro
930 1955 1048 1991 super
1095 1942 1251 1991 Tynam
1302 1941 1404 1979 sicut
1452 1941 1537 1978 fieri
1583 1944 1903 1986 consueverunt;
1954 1943 1993 1979 et
2032 1941 2273 1981 mandatum

571 2012 630 2046 est
668 2005 834 2055 Hugoni
879 2005 926 2042 de
966 2004 1133 2043 Bolebec
1173 2004 1279 2053 quod
1317 2004 1494 2041 minores
1537 2006 1725 2052 sumptus
1772 2016 1870 2052 quos
1909 2003 2056 2053 poterit
2095 2009 2273 2054 apponat

570 2071 619 2108 ad
684 2069 862 2118 predicta
932 2070 1061 2105 castra
1120 2066 1396 2111 custodienda,
1455 2078 1660 2115 quousque
1726 2078 1793 2103 rex
1851 2065 2069 2115 providerit
2126 2066 2271 2116 quibus

568 2131 796 2180 sumptibus
854 2130 940 2178 ipsa
1003 2133 1133 2167 castra
1190 2128 1344 2178 possint
1395 2128 1601 2174 custodiri,
1655 2130 1694 2166 et
1745 2128 1820 2166 1106
1878 2128 1912 2165 61
1970 2127 2273 2177 significaverit.

565 2195 681 2232 Teste
726 2197 769 2231 ut
811 2205 941 2241 supra.

678 2307 733 2342 1)(7
785 2307 930 2342 {uraniis
980 2312 1012 2341 et
1060 2304 1170 2341 lus-iis
1219 2302 1477 2340 ‘larisa—Rex
1525 2302 1634 2340 dedit
1681 2301 1980 2352 archiepiscopo
2031 2296 2276 2343 Eboracensi

571 2382 635 2405 xx.
694 2367 820 2405 lucios
876 2371 914 2405 et
972 2380 1063 2404 xxx.
1111 2365 1283 2403 bremias
1340 2365 1555 2414 capiendas
1612 2365 1653 2401 in
1711 2364 1863 2402 vivario
1919 2365 1965 2402 de
2022 2366 2164 2411 Foss’;
2234 2370 2273 2405 et

570 2430 809 2467 mandatum
858 2432 917 2466 est
967 2427 1193 2466 vicecomiti
1246 2426 1419 2464 Eboraci
1470 2426 1575 2476 quod
1629 2426 1761 2475 ipsum
1812 2439 1877 2463 eos
1933 2426 2081 2464 ibidem
2134 2440 2273 2477 capere

570 2492 791 2542 permittat.
852 2491 968 2529 Teste
1007 2494 1052 2528 ut
1092 2502 1224 2538 supra.

680 2606 735 2641 De
789 2606 992 2652 quercubus
1047 2601 1461 2641 datz's.——lllan(latuin
1511 2603 1570 2637 est
1619 2599 1794 2637 Roberto
1841 2600 1888 2638 de
1935 2601 2028 2639 Ros'
2076 2603 2182 2651 quod
2229 2603 2270 2641 in

571 2667 717 2704 foresta
755 2667 802 2703 de
843 2666 1010 2703 Gautris
1049 2666 1170 2703 faciat
1210 2663 1355 2702 habere
1394 2661 1603 2700 Fratribus
1644 2662 1966 2700 Predicatoribus
2006 2662 2179 2703 Eboraci
2218 2666 2271 2703 xl.

575 2741 745 2778 quercus
783 2728 831 2765 ad
872 2728 1028 2766 edificia
1064 2741 1136 2765 sua
1173 2725 1454 2770 construenda,
1495 2724 1542 2761 de
1575 2724 1681 2762 dono
1720 2724 1836 2773 regis.
1896 2725 2013 2763 Teste
2052 2729 2096 2764 ut
2134 2739 2269 2777 supra.

682 2851 758 2886 I'ra
805 2850 990 2894 fratribus
1037 2850 1079 2884 de
1126 2845 1659 2895 Kippiard'.--Mandatum
1707 2847 1768 2882 est
1814 2845 1971 2883 custodi
2016 2846 2272 2896 episcopatus

572 2911 793 2949 Dunholm'
851 2910 955 2959 quod
1016 2910 1270 2958 diligentiam
1326 2921 1447 2958 quam
1507 2906 1654 2956 poterit
1702 2910 1877 2956 apponat
1933 2907 1982 2945 ad
2030 2908 2117 2954 hoc,
2166 2910 2271 2958 quod

573 2976 802 3012 executores
869 2972 1101 3010 testamenti
1167 2972 1214 3009 R.
1280 2971 1486 3021 quondam
1553 2969 1776 3007 Dunholm'
1843 2969 2031 3019 episcopi,
2100 2971 2268 3010 reddant

573 3035 764 3074 fratribus
812 3035 859 3073 de
908 3035 1115 3084 Kippiard'
1165 3034 1328 3072 bladum
1377 3033 1481 3083 quod
1529 3032 1579 3070 ab
1639 3032 1777 3069 eodem
1834 3032 2018 3081 episcopo
2070 3034 2272 3083 percipere

572 3100 865 3138 consueverunt
905 3110 972 3146 per
1010 3109 1165 3134 annum
1214 3099 1392 3145 tempore
1431 3107 1502 3132 suo
1541 3095 1586 3131 de
1626 3092 1743 3131 blado
1780 3093 1849 3131 illo
1886 3094 1991 3142 quod
2038 3094 2189 3133 habent
2225 3096 2266 3133 in

572 3159 759 3199 manibus
808 3160 857 3197 ad
904 3159 1182 3197 executionem
1239 3158 1418 3208 ejusdem
1470 3155 1645 3205 episcopi
1702 3155 1943 3202 faciendam,
1989 3159 2028 3194 et
2085 3157 2117 3195 si
2168 3158 2270 3196 forte

572 3225 801 3262 executores
848 3222 924 3270 ipsi
972 3222 1011 3258 id
1060 3234 1130 3269 pro
1177 3234 1221 3258 eo
1274 3221 1401 3258 facere
1450 3218 1666 3263 noluerint,
1708 3218 1791 3266 ipse
1829 3220 1962 3256 custos
2000 3218 2047 3256 de
2095 3219 2268 3258 denariis

571 3298 670 3336 quos
718 3283 834 3322 debet
882 3282 1159 3321 executoribus
1208 3282 1395 3331 predictis
1454 3280 1617 3318 bladum
1676 3280 1776 3317 illud
1833 3279 2019 3328 predictis
2075 3280 2267 3320 fratribus

570 3347 680 3385 reddi
719 3347 852 3391 faciat,
887 3348 925 3383 et
964 3347 1103 3394 postea
1132 3347 1291 3382 custum
1332 3343 1441 3381 illius
1472 3342 1578 3380 bladi
1612 3340 1890 3381 executoribus
1920 3342 2016 3392 ipsis
2046 3346 2265 3393 computet.

572 3410 688 3448 Teste
726 3411 770 3446 ut
809 3421 941 3458 supra.
