2375 3587
209 174 290 215 198

268 303 412 350 1235.

269 371 330 410 [m.
343 369 399 402 3d.
412 388 415 393 ·

1138 175 1323 219 CLOSE
1370 175 1573 219 ROLLS.

617 370 852 409 Mandatum
892 376 952 410 est
990 371 1215 411 vicecomiti
1254 372 1440 411 Suhamt'
1477 372 1582 421 quod
1620 371 1913 410 districtionem
1952 384 2072 420 quani
2111 369 2208 409 facit

509 431 741 469 hominibus
780 433 826 470 de
865 434 1060 471 comitatu
1101 434 1288 473 Suhamt’
1329 446 1400 482 pro
1439 433 1594 471 duobus
1637 433 1768 470 turnis
1812 433 1894 470 suis
1937 432 2128 471 faciendis
2166 431 2208 468 in

508 493 645 530 eodem
694 494 902 540 comitatu,
945 496 1051 533 unde
1099 495 1174 544 ipsi
1222 495 1418 533 dederunt
1466 494 1631 533 domino
1678 494 1759 543 regi
1808 494 1979 543 intelligi
2024 494 2128 543 quod
2167 493 2208 530 in

508 555 594 603 ipso
651 555 844 594 comitatu
902 569 981 594 non
1040 556 1155 594 debet
1212 568 1285 594 nec
1342 556 1550 594 consuevit
1615 556 1700 593 fieri
1765 555 1843 593 nisi
1900 568 2004 593 unus
2065 558 2208 593 turnus

509 616 755 665 temporibus
794 618 1116 666 predecessorum
1157 630 1322 655 suorum
1362 630 1502 667 regum
1541 617 1699 666 Anglie,
1739 620 1863 666 ponat
1902 616 1942 654 in
1986 619 2210 666 respectum

508 690 631 726 usque
670 678 710 715 in
750 692 813 715 xv.
855 679 937 716 dies
984 692 1007 717 a
1053 679 1115 716 die
1157 679 1295 717 Sancti
1336 679 1547 717 Michaelis
1594 692 1728 717 coram
1767 678 1932 717 domino
1979 691 2067 728 rege
2103 678 2208 727 apud

509 740 911 778 Westmonasterium
978 744 1022 778 ut
1090 744 1185 779 tunc
1251 740 1399 779 ibidem
1461 741 1701 779 discutiatur
1761 744 1897 779 utrum
1962 740 2004 778 in
2069 741 2206 779 eodem

506 801 699 839 comitatu
752 802 850 840 duos
903 806 1042 840 turiios
1094 803 1155 841 vel
1203 816 1330 840 unum
1383 803 1510 841 facere
1563 802 1716 841 debeat.
1795 803 1910 840 Teste
1963 815 2052 852 rege
2102 803 2207 851 apud

504 862 753 908 Wudestok’,
794 864 932 914 xxviij.
973 864 1036 902 die
1077 864 1338 913 Septembris.

619 992 706 1027 Hm.
769 992 820 1027 lta
864 992 1038 1038 pontibus
1083 993 1583 1037 faciendis.—Mandatum
1632 996 1691 1030 est
1740 992 1966 1030 vicecomiti
2014 992 2128 1029 Dors'
2170 995 2208 1030 et

508 1051 685 1089 Sumers'
716 1053 820 1100 quod
856 1053 954 1091 scire
990 1053 1111 1091 faciat
1146 1054 1334 1092 omnibus
1370 1055 1449 1091 illis
1483 1055 1529 1092 de
1565 1054 1712 1092 balliva
1751 1068 1822 1092 sua
1855 1054 1922 1103 qui
1957 1053 2006 1091 ab
2040 1054 2206 1103 antiquo

505 1118 542 1150 et
577 1114 623 1151 de
661 1114 746 1164 jure
786 1114 911 1152 facere
947 1115 1094 1153 debent
1133 1120 1274 1165 pontes
1307 1116 1545 1165 ripariarum
1581 1117 1620 1153 in
1655 1116 1802 1153 ballix‘a
1841 1129 1912 1153 sua
1945 1116 2064 1165 quod,
2095 1115 2206 1154 omni

506 1175 710 1214 occasione
757 1179 795 1213 et
842 1176 1034 1215 dilatione
1083 1178 1331 1227 postpositis,
1381 1181 1523 1227 pontes
1576 1178 1772 1227 predictos
1825 1177 1909 1215 fieri
1962 1177 2112 1215 faciant
2165 1178 2205 1214 in

504 1237 603 1275 locis
641 1237 682 1275 in
722 1237 867 1287 quibus
906 1239 1131 1288 antiquitus
1171 1240 1253 1276 fieri
1294 1243 1613 1283 consueverunt;
1662 1240 1717 1277 ita
1750 1240 1869 1290 quod,
1905 1252 1997 1278 cum
2036 1252 2105 1277 rex
2138 1252 2206 1288 per

507 1299 672 1348 riparias
719 1301 767 1338 de
816 1299 962 1338 balliva
1010 1314 1082 1339 sua
1130 1301 1348 1340 transitum
1398 1301 1546 1345 fecerit,
1597 1302 1677 1350 regi
1726 1304 1769 1339 et
1816 1301 1899 1339 suis
1945 1314 2014 1350 per
2064 1304 2207 1350 pontes

505 1361 722 1399 earundem
769 1375 931 1400 securus
980 1363 1175 1401 transitus
1224 1366 1371 1412 pateat.
1465 1363 1581 1401 Teste
1629 1376 1719 1412 rege
1771 1363 1874 1412 apud
1926 1362 2203 1412 Walfflgford’,

507 1423 563 1470 iij.
602 1423 664 1460 die
703 1423 901 1461 Octobris.

615 1510 768 1548 Eodem
811 1511 929 1549 modo
972 1511 1210 1549 mandatum
1250 1515 1309 1550 est
1348 1511 1678 1550 vicecomitibus:
1726 1513 1849 1557 Surr'‚
1891 1511 2047 1558 Glouc',
2088 1512 2204 1549 Cant’

506 1579 544 1610 et
580 1573 724 1618 Hunt',
759 1572 1044 1620 Suhampton'‚
1077 1573 1216 1610 Essex'
1249 1577 1286 1611 et
1320 1574 1467 1619 Hertf'‚
1491 1573 1694 1612 Warewic’
1726 1576 1764 1611 et
1795 1573 1917 1619 Leic’,
1949 1573 2204 1622 Norhampt'‚

507 1633 650 1677 Rotel',
692 1634 832 1678 Oxon’,
865 1633 1028 1681 Noting'
1059 1636 1097 1672 et
1136 1634 1271 1680 Derb',
1294 1634 1421 1680 Wilt',
1445 1635 1648 1684 Wygorn',
1682 1634 1816 1672 Bedef'
1852 1636 1890 1672 et
1929 1633 2047 1680 Buk’,
2073 1634 2204 1680 Staff’,

524 1695 638 1733 {erkss

615 1825 1107 1862 ‹'ornntia:swillelmus
1146 1826 1192 1863 de
1234 1825 1442 1863 Walebreu
1487 1826 1706 1864 attornavit
1756 1825 2034 1863 Baldewinum
2075 1824 2204 1862 filium

508 1886 664 1924 Ricardi
715 1893 753 1924 et
805 1887 1034 1924 Johannem
1083 1887 1117 1924 le
1169 1888 1355 1925 131·‹›ttun'
1404 1901 1539 1925 versus
1586 1888 1824 1925 Micliaelem
1869 1887 1998 1924 filium
2045 1886 2205 1925 Radulfi

507 1948 578 1984 filii
618 1948 799 1986 Nicliolai
846 1953 885 1986 et
932 1949 1165 1986 Katerinani
1207 1962 1368 1987 uxorem
1418 1950 1504 1999 ejus
1553 1949 1600 1987 de
1649 1949 1830 1988 custodia
1873 1949 2006 1987 hered⁷
2048 1948 2205 1986 Radulfi

507 2009 733 2059 Tykinbred
772 2017 810 2048 et
848 2010 895 2047 de
934 2010 1156 2048 intrusione
1196 2011 1235 2047 in
1278 2015 1382 2048 terra
1420 2011 1467 2048 de
1507 2011 1757 2061 Landegeye.

620 2138 1008 2176 l›'‹*›·lc’.—-Johannes
1061 2138 1192 2177 Swein
1242 2143 1280 2177 et
1331 2140 1563 2178 Christiana
1615 2152 1712 2177 uxor
1760 2139 1846 2189 ejus
1898 2141 2205 2177 attornaverunt

509 2201 716 2239 Simonem
765 2200 878 2237 Merl’
928 2213 1065 2238 versus
1114 2200 1286 2238 Aliciam
1335 2201 1460 2239 filiam
1509 2201 1679 2239 Ernaldi
1727 2201 1773 2238 de
1822 2199 1977 2238 duabus
2025 2198 2206 2249 partibus

508 2263 626 2300 unius
663 2263 814 2311 virgate
849 2266 951 2300 terre
990 2275 1082 2300 cum
1122 2262 1378 2311 pertinentiis
1418 2263 1459 2300 in
1500 2263 1736 2301 Mercham’.

619 2393 691 2428 Pro
731 2393 865 2428 humore
903 2393 945 2427 (le
983 2392 1468 2438 Jsoi-tens].—Mandatum
1498 2395 1558 2430 est
1596 2390 1866 2440 receptoribus
1902 2390 2005 2440 regis
2038 2390 2205 2440 pecunie

507 2453 676 2502 scutagii
724 2453 805 2502 regi
853 2453 1031 2491 concessi
1081 2453 1122 2490 in
1172 2454 1367 2491 comitatu
1418 2453 1572 2492 Oxonie
1624 2453 1742 2503 quod,
1781 2452 1988 2491 occasione
2034 2452 2205 2490 duarum

507 2528 731 2554 marcarum
765 2514 847 2563 regi
885 2527 1164 2553 concessarum
1203 2515 1244 2552 in
1279 2528 1401 2565 regno
1436 2529 1506 2554 suo
1554 2516 1600 2553 de
1639 2515 1808 2563 singulis
1847 2514 1972 2553 feodis
2011 2513 2204 2560 militum,

507 2590 587 2615 non
626 2576 872 2626 distringant
921 2576 1034 2614 feoda
1082 2576 1245 2614 honoris
1290 2577 1337 2615 de
1377 2577 1562 2626 Morteiig
1605 2577 1654 2614 ad
1700 2576 1948 2614 reddendum
1986 2575 2067 2624 regi
2113 2576 2203 2625 plus

506 2652 629 2690 quani
660 2638 709 2676 ad
742 2651 788 2675 ea
825 2638 999 2687 pertinet
1037 2638 1257 2677 secundum
1288 2639 1515 2688 scutagium
1553 2639 1659 2688 quod
1698 2638 1747 2676 ab
1786 2638 1842 2676 eis
1881 2637 1967 2687 capi
1997 2637 2203 2676 consuevit

506 2701 665 2752 quando
703 2700 826 2738 currit
863 2712 932 2749 per
969 2712 1139 2749 regnum
1178 2701 1294 2750 regis.
1364 2700 1480 2739 Teste
1519 2713 1609 2750 rege
1657 2700 1762 2749 apud
1811 2699 1998 2749 Rading‘,
2037 2712 2110 2749 111]-
2141 2699 2204 2737 die

508 2762 705 2801 Octobris.

616 2892 672 2928 De
709 2889 1222 2928 Jmlaismo.-ix1andatu1n
1260 2893 1320 2928 est
1358 2889 1524 2939 Hugoni
1564 2890 1612 2928 de
1650 2889 1854 2928 Bathonia
1894 2892 1933 2928 et
1970 2888 2203 2939 justiciariis

507 2954 556 2992 ad
599 2951 821 2991 custodiam
871 2951 1090 2991 Judeoruin
1137 2952 1354 3001 assignatis
1402 2953 1507 3001 quod
1555 2965 1576 2989 a
1626 2952 1687 2989 die
1736 2951 1874 2991 Sancti
1913 2951 2122 2989 Michaelis
2159 2950 2201 2989 in

506 3029 570 3054 xv.
610 3014 693 3053 dies
730 3013 864 3051 venire
901 3014 1052 3052 faciant
1089 3026 1222 3052 coram
1262 3027 1351 3063 rege
1389 3014 1495 3063 apud
1534 3013 1938 3052 westmonasterium
1978 3013 2203 3062 Deulegard

507 3078 554 3115 (le
607 3075 814 3115 Wintonia
864 3078 902 3112 et
956 3075 1100 3113 Caeam
1153 3076 1280 3113 filiam
1333 3076 1431 3126 ejus,
1483 3076 1632 3114 Judeos
1684 3076 1731 3113 de
1784 3075 2004 3120 Wintonia,
2056 3074 2201 3125 quibus

506 3138 742 3181 Laurencia,
782 3150 856 3186 que
897 3137 973 3174 fuit
1017 3150 1115 3175 uxor
1154 3138 1295 3186 Rogeri
1333 3137 1428 3176 Cok‘
1469 3138 1516 3175 de
1556 3137 1723 3183 Omnia,
1765 3140 1924 3175 tenetur
1962 3137 2003 3173 in
2042 3136 2198 3181 debitis,

507 3205 551 3239 ut
602 3200 755 3244 dicunt,
809 3199 857 3236 ad
909 3199 1203 3236 ostendendum
1259 3200 1298 3237 in
1353 3202 1504 3249 quanto
1560 3199 1616 3237 eis
1668 3201 1827 3236 tenetur
1877 3197 2010 3236 debito
2061 3201 2099 3235 et
2152 3198 2199 3236 ad

509 3261 778 3311 recipiendum
818 3260 1096 3298 rationabilem
1136 3262 1257 3299 finem
1297 3261 1346 3299 ad
1385 3261 1627 3299 solutionem
1667 3259 1833 3309 predicti
1871 3258 2007 3296 debiti.
2084 3259 2200 3297 Teste

511 3332 554 3362 ut
593 3335 723 3372 supra.
