2375 3587
258 182 340 222 222

321 305 464 353 1235.

307 372 367 412 [m.
393 370 465 412 21.]

1185 187 1369 230 OLOSE
1413 188 1615 230 ROLLS.

660 380 737 418 Pro
793 385 1059 421 mercatoribus
1114 386 1158 421 de
1211 385 1310 421 vinis
1366 386 1408 421 de
1463 384 1785 423 Amisia—Rex
1840 383 2001 424 ballivis
2059 385 2143 424 suis
2198 385 2247 423 de

551 441 790 481 Wincheles'
843 444 1028 483 salutem.
1117 445 1290 495 Majores
1339 444 1492 484 scabini
1544 445 1591 483 de
1644 445 1794 485 Sancto
1840 446 2069 485 Audomaro
2132 445 2247 484 nobis

549 504 725 553 graviter
756 507 1033 556 conquerendo
1066 506 1396 556 significaverunt
1425 507 1532 557 quod
1562 507 1765 557 quandam
1796 520 1940 546 navem
1971 508 2246 546 continentem

550 565 647 616 xxij.
684 566 792 605 (10116
828 567 913 605 vini
965 568 1012 606 de
1058 568 1228 606 Aunisio
1279 570 1319 606 et
1370 581 1499 607 unum
1548 569 1701 607 dolium
1754 569 1830 608 olei
1881 572 1920 607 et
1964 569 2041 607 tria
2078 571 2247 608 centena

548 627 641 665 ferri
679 640 755 678 que
792 629 953 678 quidem
993 633 1087 668 sunt
1126 630 1273 668 catalla
1311 630 1478 668 Walteri
1511 630 1558 668 de
1587 631 1729 676 Ponte,
1761 630 1970 680 burgensis
2008 631 2055 668 de
2098 630 2247 669 Sancto

548 689 789 736 Audomaro,
812 690 853 728 in
883 692 1002 740 portu
1031 693 1168 729 nostro
1197 691 1348 730 fecistis
1377 692 1542 730 arestari
1573 695 1611 731 et
1641 692 1772 731 adhuc
1797 692 1985 731 detinetis
2013 694 2243 731 arestatam.

548 751 604 790 Et
652 752 740 790 ideo
788 752 899 791 vobis
944 754 1184 791 mandamus
1234 752 1425 792 distincte
1468 753 1732 803 precipientes
1769 754 1875 804 quod
1912 754 2062 792 dictam
2101 766 2246 792 navem

547 813 762 852 deliberare
800 814 957 854 faciatis
1003 815 1089 854 sine
1126 815 1332 863 dilatione,
1369 816 1427 854 ita
1454 816 1559 866 quod
1597 816 1742 855 iterata
1775 816 1934 866 querela
1963 816 2011 854 ad
2049 828 2123 854 nos
2152 815 2244 854 inde

546 888 627 914 non
665 877 884 926 perveniat.
959 877 1113 916 Navem
1150 878 1272 916 etiam
1311 878 1586 917 continentem
1616 877 1711 917 vina
1739 878 1786 917 (16
1815 877 1984 916 Aunisio
2007 877 2242 927 Ingelrami,

545 937 754 987 burgensis
782 939 829 977 de
852 939 1001 978 Sancto
1021 939 1262 986 Audomaro,
1285 953 1407 991 quam
1436 940 1623 979 similiter
1649 940 1816 979 arestari
1846 939 2009 986 fecistis,
2035 938 2242 978 deliberari

545 999 714 1047 faciatis,
754 1000 833 1039 nisi
871 1001 977 1041 dicta
1014 1002 1108 1040 vina
1147 1002 1229 1041 sint
1267 1002 1314 1041 de
1349 1003 1563 1041 Wasconia
1599 1002 1662 1041 vel
1700 1002 1945 1052 Andegavia.

653 1114 730 1150 Pro
779 1115 944 1163 episcopo
1000 1116 1252 1153 Wi'ntouiensi
1304 1123 1336 1152 et
1383 1117 1510 1164 priore
1566 1117 1701 1153 Sancti
1739 1115 1939 1161 Swiffiun’,
1983 1116 2243 1153 immoni&—

545 1174 783 1213 Mandatuin
833 1179 893 1214 est
945 1175 1160 1215 baronibus
1211 1177 1258 1215 de
1312 1177 1518 1216 scaccario
1573 1177 1679 1226 quod
1731 1179 1862 1216 cartas
1918 1177 2240 1226 predecessorum

543 1236 659 1285 regis,
710 1249 849 1286 regum
899 1238 1056 1287 Anglie,
1115 1241 1154 1276 et
1201 1241 1354 1281 cartam
1399 1241 1438 1277 et
1490 1239 1841 1277 confirmationem
1889 1238 1993 1288 regis
2044 1251 2143 1288 quas
2192 1238 2239 1277 P.

543 1298 820 1337 Wintonensis
873 1300 1082 1350 episcopus
1119 1303 1158 1339 et
1195 1301 1302 1350 prior
1341 1300 1478 1340 Sancti
1525 1300 1725 1339 Swithun’
1764 1300 1971 1339 Wintonie
2008 1299 2159 1339 habent
2192 1300 2240 1338 de

541 1358 794 1398 libertatibus
831 1361 888 1399 eis
937 1362 1148 1408 concessis,
1202 1375 1336 1401 coram
1389 1375 1429 1401 se
1481 1362 1559 1412 legi
1609 1362 1759 1401 faciant
1803 1365 1841 1401 et
1890 1362 2060 1401 firmiter
2097 1361 2239 1401 teneri.

543 1421 660 1460 Teste
697 1426 742 1461 ut
781 1436 913 1472 supra.

651 1527 704 1562 De
731 1529 885 1564 navibus
916 1528 1011 1565 riuis
1039 1530 1200 1566 careatis
1232 1530 1437 1575 wasconie,
1460 1529 1675 1577 Andeglaw'e.
1704 1535 1737 1565 et
1762 1526 2238 1566 Gallicis—Mandatum

538 1590 598 1624 est
646 1586 803 1626 ballivis
852 1588 899 1627 de
944 1589 1186 1628 Wincheles’
1235 1590 1341 1640 quod
1390 1603 1531 1629 omnes
1583 1590 1673 1628 illos
1711 1589 1779 1640 qui
1818 1601 1944 1640 usque
1991 1588 2234 1628 Wincheles’

538 1649 722 1688 venerint
773 1663 864 1689 cum
929 1651 1098 1690 navibus
1154 1653 1234 1691 suis
1297 1652 1467 1691 careatis
1518 1651 1624 1691 vinis
1665 1651 1891 1698 Wasconie‚
1922 1650 2154 1700 Andegavie
2198 1653 2238 1690 et

539 1711 719 1758 Gallicis,
770 1715 931 1762 accepta
978 1714 1028 1753 ab
1076 1715 1132 1754 eis
1181 1716 1293 1765 prius
1343 1716 1556 1754 securitate
1604 1715 1711 1765 quod
1764 1727 1857 1754 cum
1906 1714 2095 1764 predictis
2132 1713 2237 1752 vinis

537 1773 654 1811 ibunt
705 1786 830 1823 usque
879 1776 1073 1822 London’‚
1113 1776 1235 1815 libere
1274 1781 1312 1816 et
1352 1778 1438 1816 sine
1487 1777 1780 1827 impedimento
1828 1776 1937 1815 abire
1981 1775 2234 1826 permittant.

537 1835 701 1873 Nullam
739 1836 860 1875 etiam
900 1850 1058 1885 navem,
1098 1839 1177 1877 nisi
1216 1839 1329 1877 illam
1378 1852 1453 1889 que
1504 1839 1739 1890 hujusmodi
1785 1838 1891 1877 vinis
1929 1838 1971 1877 in
2008 1841 2126 1888 portu
2164 1850 2236 1876 suo

536 1900 693 1936 caroata
721 1897 855 1944 fuerit,
886 1900 1052 1939 arestari
1081 1900 1336 1950 permittant.
1396 1901 1515 1940 Teste
1544 1903 1590 1940 ut
1619 1913 1752 1951 supra.

643 2004 699 2040 De
736 2005 834 2042 vinis
871 2006 913 2041 de
950 2007 1114 2043 Aunisio
1153 2008 1415 2044 deliberandis.
1438 2005 1713 2044 —Mandatum
1753 2008 1812 2044 est
1851 2005 2002 2044 eisdem
2040 2004 2159 2055 quod,
2200 2005 2234 2043 si

535 2077 655 2103 naves
694 2065 859 2104 Henrici
900 2066 1087 2106 Buchard
1137 2071 1175 2106 et
1224 2067 1406 2107 Robekin
1455 2068 1711 2118 Pinchepape
1749 2080 1831 2106 non
1880 2067 2032 2106 fuerint
2079 2070 2234 2106 carcate

534 2128 623 2165 aliis
662 2127 767 2166 vinis
805 2141 926 2178 quam
975 2129 1021 2168 de
1070 2130 1250 2176 Aunisio,
1301 2134 1398 2169 tunc
1446 2143 1512 2169 eas
1555 2130 1677 2170 libere
1723 2133 1762 2169 et
1809 2130 1895 2169 sine
1942 2129 2234 2179 impedimento

531 2189 639 2227 abire
686 2190 926 2239 permittant
981 2204 1060 2241 quo
1116 2192 1331 2232 voluerint.
1409 2192 1526 2232 Teste
1583 2205 1673 2243 rege
1731 2192 1837 2242 apud
1893 2191 2231 2242 Luttegareshal’,

534 2251 640 2289 xxxi.
681 2251 743 2289 die
780 2251 1027 2292 Decembris.

640 2354 696 2390 De
731 2355 840 2401 [salia
887 2355 1444 2403 ‹nvlsiupamla—Mandatum
1493 2359 1554 2396 est
1601 2355 1761 2395 ballivis
1808 2355 1856 2394 (16
1905 2354 2146 2394 Wincheles’
2194 2357 2233 2394 et

531 2414 763 2453 custodibus
812 2416 1011 2465 galiarum
1064 2418 1168 2467 regis
1226 2418 1331 2467 apud
1384 2419 1623 2458 Wincheles’
1683 2418 1789 2468 quod
1840 2430 1965 2456 unam
2015 2417 2063 2455 de
2114 2417 2232 2467 galiis

532 2476 633 2524 regis
671 2477 758 2515 sine
796 2477 989 2516 dilatione
1028 2478 1133 2518 bona
1171 2483 1289 2529 gente
1329 2480 1480 2519 faciant
1530 2480 1741 2530 exkippari
1791 2479 1839 2518 ad
1888 2479 2067 2517 eundum
2105 2491 2232 2529 usque

534 2538 770 2584 Witsaundg
809 2539 867 2577 ita
904 2541 1010 2589 quod
1047 2540 1102 2579 ibi
1141 2541 1224 2580 sint
1262 2542 1304 2580 in
1343 2542 1448 2582 festo
1499 2542 1733 2592 Epiphanie
1783 2540 1965 2587 Domini,
2006 2553 2115 2579 anno
2153 2544 2228 2580 etc.

532 2613 611 2646 xx„
661 2600 702 2637 in
750 2613 915 2639 occursu
963 2602 1017 2640 Η.
1076 2603 1266 2653 Elyensis
1314 2605 1489 2655 episcopi
1528 2608 1567 2644 et
1616 2605 1664 2642 R.
1715 2601 1936 2649 Hereford’,
1977 2602 2046 2652 qui
2093 2615 2229 2642 secum

528 2661 681 2700 ducunt
729 2662 974 2710 Alienoram‚
1024 2664 1152 2702 filiam
1200 2665 1361 2704 comitis
1408 2665 1631 2711 Provincie,
1686 2665 1735 2703 ad
1788 2665 1898 2715 ipsos
1949 2656 2230 2704 conducendos

530 2736 655 2773 usque
708 2723 837 2763 Dovr'.
914 2725 970 2764 Et
1019 2729 1157 2765 custus
1214 2727 1319 2777 quod
1375 2728 1435 2769 ad,
1481 2728 1557 2766 hoc
1614 2727 1823 2777 posuerint
1879 2739 1948 2765 rex
2007 2727 2064 2765 eis
2119 2727 2230 2766 reddi

529 2785 647 2824 faciet
685 2786 790 2835 apud
828 2786 955 2825 Lond'
994 2787 1035 2826 in
1075 2788 1227 2827 octabis
1268 2788 1407 2828 Sancti
1456 2789 1634 2835 Hillarii‚
1676 2801 1769 2828 cum
1815 2788 1913 2828 illuc
1950 2788 2134 2827 venerint
2178 2789 2228 2828 ad

527 2848 828 2886 coronationem
866 2848 970 2898 regis
1008 2852 1047 2888 et
1096 2850 1271 2900 predicte
1310 2851 1459 2901 regine.
1528 2851 1645 2890 Teste
1694 2863 1786 2900 rege
1831 2850 1938 2900 apud
1977 2849 2226 2900 Merleberg’‚

526 2909 554 2959 j.
596 2909 658 2947 die
696 2909 894 2948 Januarii.

633 3013 712 3049 Pro
746 3013 872 3050 Alieia
908 3015 1062 3051 luroris*
1089 3016 1291 3064 Gozlefridi
1321 3019 1363 3053 de
1393 3016 1925 3055 Craucmnb'.—-Mandatum
1955 3018 2015 3053 est
2046 3014 2226 3054 Johanni

525 3074 572 3112 de
627 3073 782 3120 Nevill',
839 3074 1062 3124 justiciario
1118 3076 1278 3123 foreste,
1336 3078 1441 3129 quod
1501 3078 1622 3117 faciat
1684 3076 1830 3116 habere
1896 3076 2112 3115 Godefrido
2176 3077 2224 3116 de

526 3134 761 3174 Craucumb'
800 3136 849 3173 ad
887 3149 985 3185 opus
1023 3137 1161 3185 Alicio,
1202 3140 1337 3178 uxoris
1378 3153 1459 3186 sue,
1500 3143 1580 3179 tres
1617 3140 1758 3178 damas
1796 3139 1839 3177 in
1877 3137 1997 3177 bosco
2033 3137 2138 3188 regis
2176 3138 2224 3177 de

525 3197 757 3237 Bernewud’
805 3200 844 3236 et
891 3198 990 3237 duas
1036 3199 1176 3240 (1611166
1223 3201 1264 3240 in
1313 3202 1430 3242 bosco
1477 3202 1581 3252 regis
1626 3202 1673 3240 de
1721 3200 1988 3252 Wychewud',
2026 3200 2074 3238 de
2120 3200 2226 3239 dono

526 3259 641 3309 regis.
726 3259 844 3299 Teste
882 3262 927 3299 ut
965 3273 1098 3311 supra.

1329 3362 1342 3376 *
1359 3360 1424 3392 Sic.
