<?xml version="1.0" encoding="UTF-8"?>
<!DOCTYPE html PUBLIC "-//W3C//DTD XHTML 1.0 Transitional//EN"
    "http://www.w3.org/TR/xhtml1/DTD/xhtml1-transitional.dtd">
<html xmlns="http://www.w3.org/1999/xhtml" xml:lang="en" lang="en">
 <head>
  <title>
</title>
<meta http-equiv="Content-Type" content="text/html;charset=utf-8" />
  <meta name='ocr-system' content='tesseract 3.04.00' />
  <meta name='ocr-capabilities' content='ocr_page ocr_carea ocr_par ocr_line ocrx_word'/>
</head>
<body>
  <div class='ocr_page' id='page_1' title='image "./closerollsofreig03grea_0587.png"; bbox 0 0 2375 3587; ppageno 0'>
   <div class='ocr_carea' id='block_1_1' title="bbox 172 339 328 446">
    <p class='ocr_par' dir='ltr' id='par_1_1' title="bbox 172 339 328 446">
     <span class='ocr_line' id='line_1_1' title="bbox 186 339 328 387; baseline 0.014 -2"><span class='ocrx_word' id='word_1_1' title='bbox 186 339 328 387; x_wconf 81' lang='lat'>1237.</span> 
     </span>
     <span class='ocr_line' id='line_1_2' title="bbox 172 405 325 446; baseline 0.007 -11"><span class='ocrx_word' id='word_1_2' title='bbox 172 406 235 446; x_wconf 86' lang='lat' dir='ltr'>[m.</span> <span class='ocrx_word' id='word_1_3' title='bbox 255 405 325 446; x_wconf 58' lang='lat' dir='ltr'>ia]</span> 
     </span>
    </p>
   </div>
   <div class='ocr_carea' id='block_1_2' title="bbox 1066 213 2122 254">
    <p class='ocr_par' dir='ltr' id='par_1_2' title="bbox 1066 213 2122 254">
     <span class='ocr_line' id='line_1_3' title="bbox 1066 213 2122 254; baseline -0.001 -1"><span class='ocrx_word' id='word_1_4' title='bbox 1066 215 1118 254; x_wconf 80' lang='lat'>21</span> <span class='ocrx_word' id='word_1_5' title='bbox 1161 213 1366 253; x_wconf 86' lang='lat' dir='ltr'>HENRY</span> <span class='ocrx_word' id='word_1_6' title='bbox 1407 214 1488 253; x_wconf 91' lang='grc' dir='ltr'>ΙΠ.</span> <span class='ocrx_word' id='word_1_7' title='bbox 2042 214 2122 253; x_wconf 88' lang='grc'>575</span> 
     </span>
    </p>
   </div>
   <div class='ocr_carea' id='block_1_3' title="bbox 922 311 1150 315">
    <p class='ocr_par' dir='ltr' id='par_1_3' title="bbox 922 311 1150 315">
     <span class='ocr_line' id='line_1_4' title="bbox 922 311 1150 315; baseline 0 0"><span class='ocrx_word' id='word_1_8' title='bbox 922 311 1150 315; x_wconf 95' lang='lat' dir='ltr'> </span> 
     </span>
    </p>
   </div>
   <div class='ocr_carea' id='block_1_4' title="bbox 1152 310 1379 316">
    <p class='ocr_par' dir='ltr' id='par_1_4' title="bbox 1152 310 1379 316">
     <span class='ocr_line' id='line_1_5' title="bbox 1152 310 1379 316; baseline 0 0"><span class='ocrx_word' id='word_1_9' title='bbox 1152 310 1379 316; x_wconf 95' lang='lat' dir='ltr'> </span> 
     </span>
    </p>
   </div>
   <div class='ocr_carea' id='block_1_5' title="bbox 1381 311 1611 314">
    <p class='ocr_par' dir='ltr' id='par_1_5' title="bbox 1381 311 1611 314">
     <span class='ocr_line' id='line_1_6' title="bbox 1381 311 1611 314; baseline 0 0"><span class='ocrx_word' id='word_1_10' title='bbox 1381 311 1611 314; x_wconf 95' lang='lat' dir='ltr'> </span> 
     </span>
    </p>
   </div>
   <div class='ocr_carea' id='block_1_6' title="bbox 411 407 2116 1217">
    <p class='ocr_par' dir='ltr' id='par_1_6' title="bbox 631 407 1068 457">
     <span class='ocr_line' id='line_1_7' title="bbox 631 407 1068 457; baseline -0.002 -11"><span class='ocrx_word' id='word_1_11' title='bbox 631 408 833 457; x_wconf 83' lang='lat' dir='ltr'>Episcopo</span> <span class='ocrx_word' id='word_1_12' title='bbox 871 407 1068 446; x_wconf 91' lang='lat' dir='ltr'>Dunensi.</span> 
     </span>
    </p>

    <p class='ocr_par' dir='ltr' id='par_1_7' title="bbox 631 469 1198 519">
     <span class='ocr_line' id='line_1_8' title="bbox 631 469 1198 519; baseline 0 -12"><span class='ocrx_word' id='word_1_13' title='bbox 631 470 832 519; x_wconf 77' lang='lat' dir='ltr'>Episcopo</span> <span class='ocrx_word' id='word_1_14' title='bbox 871 469 1198 508; x_wconf 82' lang='lat' dir='ltr'>Waterfordensi.</span> 
     </span>
    </p>

    <p class='ocr_par' dir='ltr' id='par_1_8' title="bbox 629 531 1135 581">
     <span class='ocr_line' id='line_1_9' title="bbox 629 531 1135 581; baseline -0.002 -12"><span class='ocrx_word' id='word_1_15' title='bbox 629 531 831 581; x_wconf 82' lang='lat' dir='ltr'>Episcopo</span> <span class='ocrx_word' id='word_1_16' title='bbox 870 531 1135 569; x_wconf 87' lang='lat' dir='ltr'>Lismorensi.</span> 
     </span>
    </p>

    <p class='ocr_par' dir='ltr' id='par_1_9' title="bbox 629 593 1073 643">
     <span class='ocr_line' id='line_1_10' title="bbox 629 593 1073 643; baseline 0 -12"><span class='ocrx_word' id='word_1_17' title='bbox 629 593 830 643; x_wconf 82' lang='lat' dir='ltr'>Episcopo</span> <span class='ocrx_word' id='word_1_18' title='bbox 869 594 1073 631; x_wconf 84' lang='lat' dir='ltr'>Clonensi.</span> 
     </span>
    </p>

    <p class='ocr_par' dir='ltr' id='par_1_10' title="bbox 631 648 1124 704">
     <span class='ocr_line' id='line_1_11' title="bbox 631 648 1124 704; baseline 0.002 -11"><span class='ocrx_word' id='word_1_19' title='bbox 631 655 833 704; x_wconf 80' lang='lat' dir='ltr'>Episcopo</span> <span class='ocrx_word' id='word_1_20' title='bbox 872 648 1124 704; x_wconf 82' lang='lat' dir='ltr'>Corcagensi.</span> 
     </span>
    </p>

    <p class='ocr_par' dir='ltr' id='par_1_11' title="bbox 630 717 1101 766">
     <span class='ocr_line' id='line_1_12' title="bbox 630 717 1101 766; baseline 0 -11"><span class='ocrx_word' id='word_1_21' title='bbox 630 717 832 766; x_wconf 88' lang='lat' dir='ltr'>Episcopo</span> <span class='ocrx_word' id='word_1_22' title='bbox 864 717 1101 755; x_wconf 89' lang='lat' dir='ltr'>Imilicensi.</span> 
     </span>
    </p>

    <p class='ocr_par' dir='ltr' id='par_1_12' title="bbox 629 778 1146 828">
     <span class='ocr_line' id='line_1_13' title="bbox 629 778 1146 828; baseline 0.002 -12"><span class='ocrx_word' id='word_1_23' title='bbox 629 779 830 828; x_wconf 89' lang='lat' dir='ltr'>Episcopo</span> <span class='ocrx_word' id='word_1_24' title='bbox 869 778 1146 817; x_wconf 89' lang='lat' dir='ltr'>Limericensi.</span> 
     </span>
    </p>

    <p class='ocr_par' dir='ltr' id='par_1_13' title="bbox 628 840 1083 889">
     <span class='ocr_line' id='line_1_14' title="bbox 628 840 1083 889; baseline 0 -11"><span class='ocrx_word' id='word_1_25' title='bbox 628 840 829 889; x_wconf 88' lang='lat' dir='ltr'>Episcopo</span> <span class='ocrx_word' id='word_1_26' title='bbox 868 840 1083 879; x_wconf 85' lang='lat' dir='ltr'>Laonensi.</span> 
     </span>
    </p>

    <p class='ocr_par' dir='ltr' id='par_1_14' title="bbox 629 902 1212 951">
     <span class='ocr_line' id='line_1_15' title="bbox 629 902 1212 951; baseline 0.002 -11"><span class='ocrx_word' id='word_1_27' title='bbox 629 902 831 951; x_wconf 88' lang='lat' dir='ltr'>Episcopo</span> <span class='ocrx_word' id='word_1_28' title='bbox 868 902 1212 951; x_wconf 83' lang='lat' dir='ltr'>Ardoghkadensi.</span> 
     </span>
    </p>

    <p class='ocr_par' dir='ltr' id='par_1_15' title="bbox 629 964 1095 1013">
     <span class='ocr_line' id='line_1_16' title="bbox 629 964 1095 1013; baseline 0.002 -11"><span class='ocrx_word' id='word_1_29' title='bbox 629 964 831 1013; x_wconf 87' lang='lat' dir='ltr'>Episcopo</span> <span class='ocrx_word' id='word_1_30' title='bbox 869 964 1095 1003; x_wconf 78' lang='lat' dir='ltr'>Elvinensi.</span> 
     </span>
    </p>

    <p class='ocr_par' dir='ltr' id='par_1_16' title="bbox 629 1026 1105 1076">
     <span class='ocr_line' id='line_1_17' title="bbox 629 1026 1105 1076; baseline 0.004 -12"><span class='ocrx_word' id='word_1_31' title='bbox 629 1026 831 1076; x_wconf 89' lang='lat' dir='ltr'>Episcopo</span> <span class='ocrx_word' id='word_1_32' title='bbox 874 1026 1105 1066; x_wconf 85' lang='lat' dir='ltr'>Oonerensi.</span> 
     </span>
    </p>

    <p class='ocr_par' dir='ltr' id='par_1_17' title="bbox 520 1105 2115 1155">
     <span class='ocr_line' id='line_1_18' title="bbox 520 1105 2115 1155; baseline 0 -13"><span class='ocrx_word' id='word_1_33' title='bbox 520 1105 761 1143; x_wconf 86' lang='lat' dir='ltr'>Mandatum</span> <span class='ocrx_word' id='word_1_34' title='bbox 790 1107 850 1143; x_wconf 91' lang='lat' dir='ltr'>est</span> <span class='ocrx_word' id='word_1_35' title='bbox 879 1105 1105 1144; x_wconf 71' lang='lat' dir='ltr'>vicecomiti</span> <span class='ocrx_word' id='word_1_36' title='bbox 1133 1105 1293 1155; x_wconf 83' lang='lat' dir='ltr'>Salopie</span> <span class='ocrx_word' id='word_1_37' title='bbox 1319 1109 1357 1144; x_wconf 91' lang='lat' dir='ltr'>et</span> <span class='ocrx_word' id='word_1_38' title='bbox 1387 1105 1652 1144; x_wconf 75' lang='lat' dir='ltr'>assessoribus</span> <span class='ocrx_word' id='word_1_39' title='bbox 1683 1105 1883 1143; x_wconf 86' lang='lat' dir='ltr'>tricesime</span> <span class='ocrx_word' id='word_1_40' title='bbox 1911 1105 1952 1142; x_wconf 91' lang='lat' dir='ltr'>in</span> <span class='ocrx_word' id='word_1_41' title='bbox 1976 1106 2115 1143; x_wconf 86' lang='lat' dir='ltr'>eodem</span> 
     </span>
    </p>

    <p class='ocr_par' dir='ltr' id='par_1_18' title="bbox 411 1167 2116 1217">
     <span class='ocr_line' id='line_1_19' title="bbox 411 1167 2116 1217; baseline -0.001 -11"><span class='ocrx_word' id='word_1_42' title='bbox 411 1167 608 1206; x_wconf 88' lang='lat' dir='ltr'>comitatu</span> <span class='ocrx_word' id='word_1_43' title='bbox 646 1168 750 1217; x_wconf 89' lang='lat' dir='ltr'>quod</span> <span class='ocrx_word' id='word_1_44' title='bbox 792 1167 947 1205; x_wconf 88' lang='lat' dir='ltr'>nullam</span> <span class='ocrx_word' id='word_1_45' title='bbox 988 1167 1233 1206; x_wconf 72' lang='lat' dir='ltr'>tricesimam</span> <span class='ocrx_word' id='word_1_46' title='bbox 1279 1167 1483 1206; x_wconf 74' lang='lat' dir='ltr'>assideant</span> <span class='ocrx_word' id='word_1_47' title='bbox 1536 1168 1577 1204; x_wconf 91' lang='lat' dir='ltr'>in</span> <span class='ocrx_word' id='word_1_48' title='bbox 1632 1167 1767 1216; x_wconf 76' lang='lat' dir='ltr'>burgis</span> <span class='ocrx_word' id='word_1_49' title='bbox 1815 1167 1918 1216; x_wconf 80' lang='lat' dir='ltr'>regis</span> <span class='ocrx_word' id='word_1_50' title='bbox 1966 1168 2027 1205; x_wconf 80' lang='lat' dir='ltr'>vel</span> <span class='ocrx_word' id='word_1_51' title='bbox 2075 1167 2116 1204; x_wconf 89' lang='lat' dir='ltr'>in</span> 
     </span>
    </p>
   </div>
   <div class='ocr_carea' id='block_1_7' title="bbox 411 1230 2116 1342">
    <p class='ocr_par' dir='ltr' id='par_1_19' title="bbox 411 1230 2116 1342">
     <span class='ocr_line' id='line_1_20' title="bbox 411 1230 2116 1280; baseline -0.001 -12"><span class='ocrx_word' id='word_1_52' title='bbox 411 1230 625 1268; x_wconf 87' lang='lat' dir='ltr'>dominicis</span> <span class='ocrx_word' id='word_1_53' title='bbox 663 1230 747 1268; x_wconf 89' lang='lat' dir='ltr'>suis</span> <span class='ocrx_word' id='word_1_54' title='bbox 785 1230 966 1280; x_wconf 88' lang='lat' dir='ltr'>ejusdem</span> <span class='ocrx_word' id='word_1_55' title='bbox 1004 1230 1221 1268; x_wconf 70' lang='lat' dir='ltr'>comitatus</span> <span class='ocrx_word' id='word_1_56' title='bbox 1258 1230 1345 1268; x_wconf 88' lang='lat' dir='ltr'>sine</span> <span class='ocrx_word' id='word_1_57' title='bbox 1384 1230 1547 1279; x_wconf 86' lang='lat' dir='ltr'>speciali</span> <span class='ocrx_word' id='word_1_58' title='bbox 1589 1232 1775 1279; x_wconf 88' lang='lat' dir='ltr'>precepto</span> <span class='ocrx_word' id='word_1_59' title='bbox 1809 1230 1926 1278; x_wconf 80' lang='lat' dir='ltr'>regis.</span> <span class='ocrx_word' id='word_1_60' title='bbox 1999 1230 2116 1268; x_wconf 87' lang='lat' dir='ltr'>Teste</span> 
     </span>
     <span class='ocr_line' id='line_1_21' title="bbox 413 1292 1423 1342; baseline 0.001 -13"><span class='ocrx_word' id='word_1_61' title='bbox 413 1305 503 1342; x_wconf 81' lang='lat' dir='ltr'>rege</span> <span class='ocrx_word' id='word_1_62' title='bbox 541 1293 647 1342; x_wconf 86' lang='lat' dir='ltr'>apud</span> <span class='ocrx_word' id='word_1_63' title='bbox 686 1292 962 1342; x_wconf 60' lang='lat' dir='ltr'>Wygorniaim</span> <span class='ocrx_word' id='word_1_64' title='bbox 1002 1293 1081 1342; x_wconf 84' lang='lat' dir='ltr'><strong>xvj.</strong></span> <span class='ocrx_word' id='word_1_65' title='bbox 1122 1292 1185 1330; x_wconf 90' lang='lat' dir='ltr'>die</span> <span class='ocrx_word' id='word_1_66' title='bbox 1225 1292 1423 1330; x_wconf 78' lang='lat' dir='ltr'>Octobris.</span> 
     </span>
    </p>
   </div>
   <div class='ocr_carea' id='block_1_8' title="bbox 413 1370 2113 1546">
    <p class='ocr_par' dir='ltr' id='par_1_20' title="bbox 413 1370 2113 1546">
     <span class='ocr_line' id='line_1_22' title="bbox 521 1370 2113 1416; baseline -0.001 -7"><span class='ocrx_word' id='word_1_67' title='bbox 521 1372 676 1410; x_wconf 89' lang='lat' dir='ltr'>Eodem</span> <span class='ocrx_word' id='word_1_68' title='bbox 724 1371 843 1409; x_wconf 89' lang='lat' dir='ltr'>modo</span> <span class='ocrx_word' id='word_1_69' title='bbox 888 1371 929 1408; x_wconf 91' lang='lat' dir='ltr'>in</span> <span class='ocrx_word' id='word_1_70' title='bbox 977 1370 1237 1409; x_wconf 86' lang='lat' dir='ltr'>comitatibus</span> <span class='ocrx_word' id='word_1_71' title='bbox 1286 1371 1425 1415; x_wconf 76' lang='lat' dir='ltr'>Staff&#39;,</span> <span class='ocrx_word' id='word_1_72' title='bbox 1474 1371 1588 1409; x_wconf 84' lang='lat' dir='ltr'>Dors&#39;</span> <span class='ocrx_word' id='word_1_73' title='bbox 1636 1374 1675 1408; x_wconf 92' lang='lat' dir='ltr'>et</span> <span class='ocrx_word' id='word_1_74' title='bbox 1726 1371 1916 1416; x_wconf 80' lang='lat' dir='ltr'>Sumers’,</span> <span class='ocrx_word' id='word_1_75' title='bbox 1958 1370 2113 1416; x_wconf 82' lang='lat' dir='ltr'>Essex’,</span> 
     </span>
     <span class='ocr_line' id='line_1_23' title="bbox 413 1432 2113 1480; baseline -0.001 -8"><span class='ocrx_word' id='word_1_76' title='bbox 413 1434 567 1480; x_wconf 85' lang='lat' dir='ltr'>Hertf’,</span> <span class='ocrx_word' id='word_1_77' title='bbox 601 1433 740 1479; x_wconf 78' lang='lat' dir='ltr'>Midd’,</span> <span class='ocrx_word' id='word_1_78' title='bbox 772 1433 905 1479; x_wconf 86' lang='lat' dir='ltr'>Berk’,</span> <span class='ocrx_word' id='word_1_79' title='bbox 929 1433 1055 1479; x_wconf 72' lang='lat' dir='ltr'>Wflt‘,</span> <span class='ocrx_word' id='word_1_80' title='bbox 1092 1433 1236 1480; x_wconf 78' lang='lat' dir='ltr'>Oxon,&#39;</span> <span class='ocrx_word' id='word_1_81' title='bbox 1269 1433 1481 1479; x_wconf 84' lang='lat' dir='ltr'>Norhant’,</span> <span class='ocrx_word' id='word_1_82' title='bbox 1511 1433 1667 1479; x_wconf 79' lang='lat' dir='ltr'>Glouc’,</span> <span class='ocrx_word' id='word_1_83' title='bbox 1700 1433 1924 1479; x_wconf 73' lang='lat' dir='ltr'>Heresord’,</span> <span class='ocrx_word' id='word_1_84' title='bbox 1951 1432 2113 1479; x_wconf 83' lang='lat' dir='ltr'>Kancie‚</span> 
     </span>
     <span class='ocr_line' id='line_1_24' title="bbox 417 1495 1171 1546; baseline -0.003 -11"><span class='ocrx_word' id='word_1_85' title='bbox 417 1496 608 1546; x_wconf 83' lang='lat' dir='ltr'>Wigorn’,</span> <span class='ocrx_word' id='word_1_86' title='bbox 649 1495 804 1541; x_wconf 85' lang='lat' dir='ltr'>Glouc’‚</span> <span class='ocrx_word' id='word_1_87' title='bbox 846 1495 979 1541; x_wconf 83' lang='lat' dir='ltr'>Suht’,</span> <span class='ocrx_word' id='word_1_88' title='bbox 1029 1495 1171 1533; x_wconf 81' lang='lat' dir='ltr'>Midd’.</span> 
     </span>
    </p>
   </div>
   <div class='ocr_carea' id='block_1_9' title="bbox 414 1573 2116 1748">
    <p class='ocr_par' dir='ltr' id='par_1_21' title="bbox 414 1573 2116 1748">
     <span class='ocr_line' id='line_1_25' title="bbox 521 1573 2116 1623; baseline -0.002 -10"><span class='ocrx_word' id='word_1_89' title='bbox 521 1574 750 1614; x_wconf 90' lang='lat' dir='ltr'>Willelmus</span> <span class='ocrx_word' id='word_1_90' title='bbox 805 1573 913 1611; x_wconf 90' lang='lat' dir='ltr'>filius</span> <span class='ocrx_word' id='word_1_91' title='bbox 960 1574 1114 1612; x_wconf 87' lang='lat' dir='ltr'>Warini</span> <span class='ocrx_word' id='word_1_92' title='bbox 1165 1574 1388 1612; x_wconf 81' lang='lat' dir='ltr'>attornavit</span> <span class='ocrx_word' id='word_1_93' title='bbox 1444 1575 1647 1623; x_wconf 80' lang='lat' dir='ltr'>Rogerum</span> <span class='ocrx_word' id='word_1_94' title='bbox 1699 1575 1745 1612; x_wconf 91' lang='lat' dir='ltr'>de</span> <span class='ocrx_word' id='word_1_95' title='bbox 1802 1574 1920 1612; x_wconf 85' lang='lat' dir='ltr'>Cotes</span> <span class='ocrx_word' id='word_1_96' title='bbox 1977 1576 2116 1612; x_wconf 87' lang='lat' dir='ltr'>contra</span> 
     </span>
     <span class='ocr_line' id='line_1_26' title="bbox 414 1635 2114 1686; baseline -0.002 -10"><span class='ocrx_word' id='word_1_97' title='bbox 414 1637 669 1686; x_wconf 79' lang='lat' dir='ltr'>Stephanum</span> <span class='ocrx_word' id='word_1_98' title='bbox 706 1636 753 1674; x_wconf 85' lang='lat' dir='ltr'>de</span> <span class='ocrx_word' id='word_1_99' title='bbox 793 1635 985 1681; x_wconf 86' lang='lat' dir='ltr'>Criketot‚</span> <span class='ocrx_word' id='word_1_100' title='bbox 1025 1638 1244 1685; x_wconf 83' lang='lat' dir='ltr'>petentem,</span> <span class='ocrx_word' id='word_1_101' title='bbox 1284 1636 1330 1674; x_wconf 92' lang='lat' dir='ltr'>de</span> <span class='ocrx_word' id='word_1_102' title='bbox 1376 1636 1737 1674; x_wconf 85' lang='lat' dir='ltr'>consuetudinibus</span> <span class='ocrx_word' id='word_1_103' title='bbox 1776 1638 1851 1674; x_wconf 88' lang='lat' dir='ltr'>etc.</span> <span class='ocrx_word' id='word_1_104' title='bbox 1891 1648 1966 1685; x_wconf 89' lang='lat' dir='ltr'>que</span> <span class='ocrx_word' id='word_1_105' title='bbox 2009 1635 2114 1673; x_wconf 86' lang='lat' dir='ltr'>idem</span> 
     </span>
     <span class='ocr_line' id='line_1_27' title="bbox 414 1697 1296 1748; baseline -0.002 -11"><span class='ocrx_word' id='word_1_106' title='bbox 414 1699 646 1748; x_wconf 82' lang='lat' dir='ltr'>Stephanus</span> <span class='ocrx_word' id='word_1_107' title='bbox 684 1698 808 1747; x_wconf 81' lang='lat' dir='ltr'>exigit</span> <span class='ocrx_word' id='word_1_108' title='bbox 846 1701 921 1736; x_wconf 91' lang='lat' dir='ltr'>etc.</span> <span class='ocrx_word' id='word_1_109' title='bbox 961 1698 1003 1735; x_wconf 91' lang='lat' dir='ltr'>in</span> <span class='ocrx_word' id='word_1_110' title='bbox 1044 1697 1296 1736; x_wconf 85' lang='lat' dir='ltr'>Webbeton’.</span> 
     </span>
    </p>
   </div>
   <div class='ocr_carea' id='block_1_10' title="bbox 411 1784 2115 1960">
    <p class='ocr_par' dir='ltr' id='par_1_22' title="bbox 411 1784 2115 1960">
     <span class='ocr_line' id='line_1_28' title="bbox 520 1784 2115 1831; baseline -0.001 -8"><span class='ocrx_word' id='word_1_111' title='bbox 520 1785 925 1824; x_wconf 74' lang='lat' dir='ltr'>Ebor.—Wille1mus</span> <span class='ocrx_word' id='word_1_112' title='bbox 954 1785 1001 1823; x_wconf 92' lang='lat' dir='ltr'>de</span> <span class='ocrx_word' id='word_1_113' title='bbox 1030 1785 1198 1831; x_wconf 80' lang='lat' dir='ltr'>Pichef’‚</span> <span class='ocrx_word' id='word_1_114' title='bbox 1220 1788 1375 1831; x_wconf 87' lang='lat' dir='ltr'>tenens,</span> <span class='ocrx_word' id='word_1_115' title='bbox 1404 1785 1624 1823; x_wconf 82' lang='lat' dir='ltr'>attornavit</span> <span class='ocrx_word' id='word_1_116' title='bbox 1655 1785 1783 1823; x_wconf 86' lang='lat' dir='ltr'>Adam</span> <span class='ocrx_word' id='word_1_117' title='bbox 1813 1785 1861 1823; x_wconf 90' lang='lat' dir='ltr'>de</span> <span class='ocrx_word' id='word_1_118' title='bbox 1890 1784 2115 1822; x_wconf 84' lang='lat' dir='ltr'>Picheford‘</span> 
     </span>
     <span class='ocr_line' id='line_1_29' title="bbox 412 1847 2115 1897; baseline -0.002 -10"><span class='ocrx_word' id='word_1_119' title='bbox 412 1852 551 1888; x_wconf 91' lang='lat' dir='ltr'>contra</span> <span class='ocrx_word' id='word_1_120' title='bbox 589 1848 821 1887; x_wconf 81' lang='lat' dir='ltr'>Johannem</span> <span class='ocrx_word' id='word_1_121' title='bbox 870 1848 917 1886; x_wconf 89' lang='lat' dir='ltr'>de</span> <span class='ocrx_word' id='word_1_122' title='bbox 959 1847 1199 1893; x_wconf 84' lang='lat' dir='ltr'>Thornton‘‚</span> <span class='ocrx_word' id='word_1_123' title='bbox 1246 1850 1466 1897; x_wconf 82' lang='lat' dir='ltr'>petentem,</span> <span class='ocrx_word' id='word_1_124' title='bbox 1515 1848 1562 1886; x_wconf 89' lang='lat' dir='ltr'>de</span> <span class='ocrx_word' id='word_1_125' title='bbox 1609 1848 1789 1886; x_wconf 88' lang='lat' dir='ltr'>manerio</span> <span class='ocrx_word' id='word_1_126' title='bbox 1836 1847 1883 1885; x_wconf 85' lang='lat' dir='ltr'>de</span> <span class='ocrx_word' id='word_1_127' title='bbox 1932 1847 2115 1885; x_wconf 86' lang='lat' dir='ltr'>Elreton&#39;</span> 
     </span>
     <span class='ocr_line' id='line_1_30' title="bbox 411 1910 828 1960; baseline -0.007 -10"><span class='ocrx_word' id='word_1_128' title='bbox 411 1924 504 1950; x_wconf 91' lang='lat' dir='ltr'>cum</span> <span class='ocrx_word' id='word_1_129' title='bbox 542 1910 828 1960; x_wconf 82' lang='lat' dir='ltr'>pertinentiis‘.</span> 
     </span>
    </p>
   </div>
   <div class='ocr_carea' id='block_1_11' title="bbox 407 1987 2116 2225">
    <p class='ocr_par' dir='ltr' id='par_1_23' title="bbox 407 1987 2116 2225">
     <span class='ocr_line' id='line_1_31' title="bbox 518 1987 2116 2028; baseline -0.002 0"><span class='ocrx_word' id='word_1_130' title='bbox 518 1990 758 2028; x_wconf 85' lang='lat' dir='ltr'>Mandatum</span> <span class='ocrx_word' id='word_1_131' title='bbox 808 1992 868 2027; x_wconf 91' lang='lat' dir='ltr'>est</span> <span class='ocrx_word' id='word_1_132' title='bbox 913 1989 1139 2027; x_wconf 83' lang='lat' dir='ltr'>vicecomiti</span> <span class='ocrx_word' id='word_1_133' title='bbox 1188 1989 1304 2027; x_wconf 90' lang='lat' dir='ltr'>Dors&#39;</span> <span class='ocrx_word' id='word_1_134' title='bbox 1357 1992 1396 2028; x_wconf 90' lang='lat' dir='ltr'>et</span> <span class='ocrx_word' id='word_1_135' title='bbox 1440 1989 1708 2027; x_wconf 80' lang='lat' dir='ltr'>assessoribus</span> <span class='ocrx_word' id='word_1_136' title='bbox 1752 1992 1790 2026; x_wconf 92' lang='lat' dir='ltr'>et</span> <span class='ocrx_word' id='word_1_137' title='bbox 1836 1987 2116 2028; x_wconf 81' lang='lat' dir='ltr'>collectoribus</span> 
     </span>
     <span class='ocr_line' id='line_1_32' title="bbox 409 2051 2115 2101; baseline -0.002 -9"><span class='ocrx_word' id='word_1_138' title='bbox 409 2053 610 2092; x_wconf 89' lang='lat' dir='ltr'>tricesime</span> <span class='ocrx_word' id='word_1_139' title='bbox 661 2053 702 2090; x_wconf 91' lang='lat' dir='ltr'>in</span> <span class='ocrx_word' id='word_1_140' title='bbox 751 2052 946 2090; x_wconf 87' lang='lat' dir='ltr'>comitatu</span> <span class='ocrx_word' id='word_1_141' title='bbox 999 2052 1068 2089; x_wconf 91' lang='lat' dir='ltr'>illo</span> <span class='ocrx_word' id='word_1_142' title='bbox 1125 2052 1230 2101; x_wconf 87' lang='lat' dir='ltr'>quod</span> <span class='ocrx_word' id='word_1_143' title='bbox 1286 2052 1441 2089; x_wconf 90' lang='lat' dir='ltr'>nullam</span> <span class='ocrx_word' id='word_1_144' title='bbox 1494 2052 1740 2090; x_wconf 89' lang='lat' dir='ltr'>tricesimam</span> <span class='ocrx_word' id='word_1_145' title='bbox 1796 2051 2001 2089; x_wconf 83' lang='lat' dir='ltr'>assideant</span> <span class='ocrx_word' id='word_1_146' title='bbox 2053 2051 2115 2089; x_wconf 88' lang='lat' dir='ltr'>vel</span> 
     </span>
     <span class='ocr_line' id='line_1_33' title="bbox 408 2113 2115 2165; baseline -0.002 -11"><span class='ocrx_word' id='word_1_147' title='bbox 408 2116 602 2165; x_wconf 77' lang='lat' dir='ltr'>colligant</span> <span class='ocrx_word' id='word_1_148' title='bbox 657 2115 699 2152; x_wconf 91' lang='lat' dir='ltr'>in</span> <span class='ocrx_word' id='word_1_149' title='bbox 757 2115 873 2153; x_wconf 88' lang='lat' dir='ltr'>terris</span> <span class='ocrx_word' id='word_1_150' title='bbox 928 2114 990 2152; x_wconf 84' lang='lat' dir='ltr'>vel</span> <span class='ocrx_word' id='word_1_151' title='bbox 1046 2114 1366 2163; x_wconf 87' lang='lat' dir='ltr'>possessionibus</span> <span class='ocrx_word' id='word_1_152' title='bbox 1424 2114 1664 2152; x_wconf 85' lang='lat' dir='ltr'>monialium</span> <span class='ocrx_word' id='word_1_153' title='bbox 1728 2114 1775 2151; x_wconf 91' lang='lat' dir='ltr'>de</span> <span class='ocrx_word' id='word_1_154' title='bbox 1833 2113 1994 2151; x_wconf 75' lang='lat' dir='ltr'>&#39;Parent&#39;</span> <span class='ocrx_word' id='word_1_155' title='bbox 2054 2114 2115 2151; x_wconf 81' lang='lat' dir='ltr'>vel</span> 
     </span>
     <span class='ocr_line' id='line_1_34' title="bbox 407 2175 2058 2225; baseline -0.001 -9"><span class='ocrx_word' id='word_1_156' title='bbox 407 2179 621 2217; x_wconf 88' lang='lat' dir='ltr'>hominum</span> <span class='ocrx_word' id='word_1_157' title='bbox 661 2190 838 2215; x_wconf 91' lang='lat' dir='ltr'>suorum.</span> <span class='ocrx_word' id='word_1_158' title='bbox 914 2176 1031 2214; x_wconf 81' lang='lat' dir='ltr'>Teste</span> <span class='ocrx_word' id='word_1_159' title='bbox 1070 2189 1159 2225; x_wconf 82' lang='lat' dir='ltr'>rege</span> <span class='ocrx_word' id='word_1_160' title='bbox 1198 2177 1304 2225; x_wconf 89' lang='lat' dir='ltr'>apud</span> <span class='ocrx_word' id='word_1_161' title='bbox 1343 2176 1611 2225; x_wconf 80' lang='lat' dir='ltr'>Wigorniam,</span> <span class='ocrx_word' id='word_1_162' title='bbox 1651 2177 1729 2225; x_wconf 79' lang='lat' dir='ltr'>xvj.</span> <span class='ocrx_word' id='word_1_163' title='bbox 1766 2176 1828 2214; x_wconf 88' lang='lat' dir='ltr'>die</span> <span class='ocrx_word' id='word_1_164' title='bbox 1859 2175 2058 2214; x_wconf 88' lang='lat' dir='ltr'>Octobris.</span> 
     </span>
    </p>
   </div>
   <div class='ocr_carea' id='block_1_12' title="bbox 406 2261 2112 2500">
    <p class='ocr_par' dir='ltr' id='par_1_24' title="bbox 406 2261 2112 2500">
     <span class='ocr_line' id='line_1_35' title="bbox 511 2261 2111 2312; baseline -0.002 -10"><span class='ocrx_word' id='word_1_165' title='bbox 511 2264 753 2302; x_wconf 89' lang='lat' dir='ltr'>Mandatum</span> <span class='ocrx_word' id='word_1_166' title='bbox 801 2266 860 2301; x_wconf 91' lang='lat' dir='ltr'>est</span> <span class='ocrx_word' id='word_1_167' title='bbox 906 2262 1148 2301; x_wconf 76' lang='lat' dir='ltr'>vicecomiti</span> <span class='ocrx_word' id='word_1_168' title='bbox 1182 2262 1318 2300; x_wconf 72' lang='lat' dir='ltr'>Heref&#39;</span> <span class='ocrx_word' id='word_1_169' title='bbox 1360 2262 1465 2312; x_wconf 88' lang='lat' dir='ltr'>quod</span> <span class='ocrx_word' id='word_1_170' title='bbox 1502 2262 1721 2311; x_wconf 82' lang='lat' dir='ltr'>distringat</span> <span class='ocrx_word' id='word_1_171' title='bbox 1759 2274 1900 2299; x_wconf 89' lang='lat' dir='ltr'>omnes</span> <span class='ocrx_word' id='word_1_172' title='bbox 1941 2261 2031 2299; x_wconf 90' lang='lat' dir='ltr'>illos</span> <span class='ocrx_word' id='word_1_173' title='bbox 2070 2262 2111 2299; x_wconf 93' lang='lat' dir='ltr'>in</span> 
     </span>
     <span class='ocr_line' id='line_1_36' title="bbox 407 2324 2112 2375; baseline -0.002 -9"><span class='ocrx_word' id='word_1_174' title='bbox 407 2327 543 2366; x_wconf 90' lang='lat' dir='ltr'>baillia</span> <span class='ocrx_word' id='word_1_175' title='bbox 600 2339 671 2364; x_wconf 89' lang='lat' dir='ltr'>sua</span> <span class='ocrx_word' id='word_1_176' title='bbox 726 2325 794 2375; x_wconf 86' lang='lat' dir='ltr'>qui</span> <span class='ocrx_word' id='word_1_177' title='bbox 852 2325 899 2362; x_wconf 88' lang='lat' dir='ltr'>de</span> <span class='ocrx_word' id='word_1_178' title='bbox 955 2325 1141 2374; x_wconf 88' lang='lat' dir='ltr'>episcopo</span> <span class='ocrx_word' id='word_1_179' title='bbox 1198 2324 1486 2363; x_wconf 82' lang='lat' dir='ltr'>Herefordensi</span> <span class='ocrx_word' id='word_1_180' title='bbox 1544 2327 1684 2362; x_wconf 88' lang='lat' dir='ltr'>tenent</span> <span class='ocrx_word' id='word_1_181' title='bbox 1746 2324 1909 2362; x_wconf 83' lang='lat' dir='ltr'>feodum</span> <span class='ocrx_word' id='word_1_182' title='bbox 1968 2324 2112 2362; x_wconf 88' lang='lat' dir='ltr'>militis</span> 
     </span>
     <span class='ocr_line' id='line_1_37' title="bbox 406 2387 2108 2439; baseline -0.003 -11"><span class='ocrx_word' id='word_1_183' title='bbox 406 2391 611 2439; x_wconf 82' lang='lat' dir='ltr'>integrum</span> <span class='ocrx_word' id='word_1_184' title='bbox 650 2388 756 2438; x_wconf 86' lang='lat' dir='ltr'>quod</span> <span class='ocrx_word' id='word_1_185' title='bbox 795 2387 844 2425; x_wconf 89' lang='lat' dir='ltr'>ad</span> <span class='ocrx_word' id='word_1_186' title='bbox 883 2387 1032 2425; x_wconf 81' lang='lat' dir='ltr'>festum</span> <span class='ocrx_word' id='word_1_187' title='bbox 1069 2387 1370 2425; x_wconf 87' lang='lat' dir='ltr'>Purificationis</span> <span class='ocrx_word' id='word_1_188' title='bbox 1408 2387 1532 2425; x_wconf 86' lang='lat' dir='ltr'>Beate</span> <span class='ocrx_word' id='word_1_189' title='bbox 1570 2387 1706 2433; x_wconf 85' lang='lat' dir='ltr'>Marie,</span> <span class='ocrx_word' id='word_1_190' title='bbox 1748 2399 1856 2424; x_wconf 88' lang='lat' dir='ltr'>anno</span> <span class='ocrx_word' id='word_1_191' title='bbox 1895 2389 1969 2424; x_wconf 91' lang='lat' dir='ltr'>etc.</span> <span class='ocrx_word' id='word_1_192' title='bbox 2011 2387 2108 2437; x_wconf 76' lang='lat' dir='ltr'>xxij.</span> 
     </span>
     <span class='ocr_line' id='line_1_38' title="bbox 408 2449 1849 2500; baseline -0.003 -9"><span class='ocrx_word' id='word_1_193' title='bbox 408 2465 520 2491; x_wconf 88' lang='lat' dir='ltr'>arma</span> <span class='ocrx_word' id='word_1_194' title='bbox 557 2451 719 2500; x_wconf 88' lang='lat' dir='ltr'>capiant</span> <span class='ocrx_word' id='word_1_195' title='bbox 757 2452 797 2488; x_wconf 89' lang='lat' dir='ltr'>et</span> <span class='ocrx_word' id='word_1_196' title='bbox 835 2462 875 2487; x_wconf 91' lang='lat' dir='ltr'>se</span> <span class='ocrx_word' id='word_1_197' title='bbox 913 2449 1063 2487; x_wconf 82' lang='lat' dir='ltr'>milites</span> <span class='ocrx_word' id='word_1_198' title='bbox 1102 2449 1188 2486; x_wconf 91' lang='lat' dir='ltr'>fieri</span> <span class='ocrx_word' id='word_1_199' title='bbox 1228 2449 1394 2487; x_wconf 83' lang='lat' dir='ltr'>faciant.</span> <span class='ocrx_word' id='word_1_200' title='bbox 1473 2449 1590 2487; x_wconf 85' lang='lat' dir='ltr'>Teste</span> <span class='ocrx_word' id='word_1_201' title='bbox 1629 2452 1673 2487; x_wconf 86' lang='lat' dir='ltr'>ut</span> <span class='ocrx_word' id='word_1_202' title='bbox 1714 2461 1849 2498; x_wconf 88' lang='lat' dir='ltr'>supra.</span> 
     </span>
    </p>
   </div>
   <div class='ocr_carea' id='block_1_13' title="bbox 406 2527 2110 2831">
    <p class='ocr_par' dir='ltr' id='par_1_25' title="bbox 406 2527 2110 2831">
     <span class='ocr_line' id='line_1_39' title="bbox 517 2527 2110 2568; baseline -0.002 0"><span class='ocrx_word' id='word_1_203' title='bbox 517 2530 758 2568; x_wconf 89' lang='lat' dir='ltr'>Mandatum</span> <span class='ocrx_word' id='word_1_204' title='bbox 796 2531 855 2566; x_wconf 92' lang='lat' dir='ltr'>est</span> <span class='ocrx_word' id='word_1_205' title='bbox 894 2527 1160 2566; x_wconf 82' lang='lat' dir='ltr'>assessoribus</span> <span class='ocrx_word' id='word_1_206' title='bbox 1199 2530 1238 2566; x_wconf 92' lang='lat' dir='ltr'>et</span> <span class='ocrx_word' id='word_1_207' title='bbox 1275 2527 1556 2566; x_wconf 83' lang='lat' dir='ltr'>collectoribus</span> <span class='ocrx_word' id='word_1_208' title='bbox 1594 2528 1794 2566; x_wconf 90' lang='lat' dir='ltr'>tricesime</span> <span class='ocrx_word' id='word_1_209' title='bbox 1834 2527 1877 2564; x_wconf 91' lang='lat' dir='ltr'>in</span> <span class='ocrx_word' id='word_1_210' title='bbox 1913 2528 2110 2566; x_wconf 89' lang='lat' dir='ltr'>comitatu</span> 
     </span>
     <span class='ocr_line' id='line_1_40' title="bbox 408 2589 2109 2642; baseline -0.002 -10"><span class='ocrx_word' id='word_1_211' title='bbox 408 2594 549 2632; x_wconf 85' lang='lat' dir='ltr'>Glouc’</span> <span class='ocrx_word' id='word_1_212' title='bbox 589 2592 695 2642; x_wconf 86' lang='lat' dir='ltr'>quod</span> <span class='ocrx_word' id='word_1_213' title='bbox 733 2590 940 2629; x_wconf 88' lang='lat' dir='ltr'>occasione</span> <span class='ocrx_word' id='word_1_214' title='bbox 978 2590 1161 2627; x_wconf 86' lang='lat' dir='ltr'>mandati</span> <span class='ocrx_word' id='word_1_215' title='bbox 1200 2589 1304 2639; x_wconf 82' lang='lat' dir='ltr'>regis</span> <span class='ocrx_word' id='word_1_216' title='bbox 1334 2593 1408 2628; x_wconf 91' lang='lat' dir='ltr'>etc.</span> <span class='ocrx_word' id='word_1_217' title='bbox 1439 2590 1595 2627; x_wconf 89' lang='lat' dir='ltr'>nullam</span> <span class='ocrx_word' id='word_1_218' title='bbox 1626 2590 1874 2628; x_wconf 81' lang='lat' dir='ltr'>tricesimam</span> <span class='ocrx_word' id='word_1_219' title='bbox 1905 2590 2109 2628; x_wconf 85' lang='lat' dir='ltr'>assideant</span> 
     </span>
     <span class='ocr_line' id='line_1_41' title="bbox 406 2651 2110 2704; baseline -0.002 -10"><span class='ocrx_word' id='word_1_220' title='bbox 406 2656 468 2695; x_wconf 87' lang='lat' dir='ltr'>vel</span> <span class='ocrx_word' id='word_1_221' title='bbox 521 2655 714 2704; x_wconf 83' lang='lat' dir='ltr'>colligant</span> <span class='ocrx_word' id='word_1_222' title='bbox 766 2654 807 2691; x_wconf 92' lang='lat' dir='ltr'>in</span> <span class='ocrx_word' id='word_1_223' title='bbox 857 2654 975 2691; x_wconf 85' lang='lat' dir='ltr'>terris</span> <span class='ocrx_word' id='word_1_224' title='bbox 1025 2655 1064 2690; x_wconf 91' lang='lat' dir='ltr'>et</span> <span class='ocrx_word' id='word_1_225' title='bbox 1115 2651 1435 2701; x_wconf 90' lang='lat' dir='ltr'>possessionibus</span> <span class='ocrx_word' id='word_1_226' title='bbox 1486 2652 1661 2701; x_wconf 85' lang='lat' dir='ltr'>episcopi</span> <span class='ocrx_word' id='word_1_227' title='bbox 1700 2652 2009 2690; x_wconf 74' lang='lat' dir='ltr'>Herefordensis</span> <span class='ocrx_word' id='word_1_228' title='bbox 2048 2653 2110 2691; x_wconf 85' lang='lat' dir='ltr'>vel</span> 
     </span>
     <span class='ocr_line' id='line_1_42' title="bbox 407 2714 2108 2764; baseline -0.003 -7"><span class='ocrx_word' id='word_1_229' title='bbox 407 2719 623 2757; x_wconf 90' lang='lat' dir='ltr'>hominum</span> <span class='ocrx_word' id='word_1_230' title='bbox 662 2729 840 2761; x_wconf 87' lang='lat' dir='ltr'>suorum,</span> <span class='ocrx_word' id='word_1_231' title='bbox 872 2718 932 2754; x_wconf 90' lang='lat' dir='ltr'>set</span> <span class='ocrx_word' id='word_1_232' title='bbox 969 2727 1061 2753; x_wconf 91' lang='lat' dir='ltr'>cum</span> <span class='ocrx_word' id='word_1_233' title='bbox 1100 2714 1226 2752; x_wconf 84' lang='lat' dir='ltr'>assisa</span> <span class='ocrx_word' id='word_1_234' title='bbox 1260 2714 1381 2752; x_wconf 76' lang='lat' dir='ltr'>fuerit</span> <span class='ocrx_word' id='word_1_235' title='bbox 1420 2717 1458 2752; x_wconf 91' lang='lat' dir='ltr'>et</span> <span class='ocrx_word' id='word_1_236' title='bbox 1497 2714 1664 2753; x_wconf 87' lang='lat' dir='ltr'>collecta</span> <span class='ocrx_word' id='word_1_237' title='bbox 1692 2728 1761 2764; x_wconf 90' lang='lat' dir='ltr'>per</span> <span class='ocrx_word' id='word_1_238' title='bbox 1790 2715 1941 2753; x_wconf 89' lang='lat' dir='ltr'>milites</span> <span class='ocrx_word' id='word_1_239' title='bbox 1970 2717 2108 2764; x_wconf 85' lang='lat' dir='ltr'>[suos]‚</span> 
     </span>
     <span class='ocr_line' id='line_1_43' title="bbox 407 2776 1415 2831; baseline -0.005 -12"><span class='ocrx_word' id='word_1_240' title='bbox 407 2782 537 2831; x_wconf 88' lang='lat' dir='ltr'>ipsam</span> <span class='ocrx_word' id='word_1_241' title='bbox 576 2779 625 2818; x_wconf 89' lang='lat' dir='ltr'>ab</span> <span class='ocrx_word' id='word_1_242' title='bbox 663 2779 719 2817; x_wconf 89' lang='lat' dir='ltr'>eis</span> <span class='ocrx_word' id='word_1_243' title='bbox 758 2777 966 2827; x_wconf 86' lang='lat' dir='ltr'>recipiant.</span> <span class='ocrx_word' id='word_1_244' title='bbox 1044 2776 1161 2815; x_wconf 84' lang='lat' dir='ltr'>Teste</span> <span class='ocrx_word' id='word_1_245' title='bbox 1199 2778 1244 2814; x_wconf 90' lang='lat' dir='ltr'>ut</span> <span class='ocrx_word' id='word_1_246' title='bbox 1283 2789 1415 2826; x_wconf 88' lang='lat' dir='ltr'>supra.</span> 
     </span>
    </p>
   </div>
   <div class='ocr_carea' id='block_1_14' title="bbox 409 2853 2108 2966">
    <p class='ocr_par' dir='ltr' id='par_1_26' title="bbox 409 2853 2108 2966">
     <span class='ocr_line' id='line_1_44' title="bbox 516 2853 2108 2897; baseline -0.003 -1"><span class='ocrx_word' id='word_1_247' title='bbox 516 2858 673 2897; x_wconf 82' lang='lat' dir='ltr'>Eodem</span> <span class='ocrx_word' id='word_1_248' title='bbox 724 2856 843 2894; x_wconf 90' lang='lat' dir='ltr'>modo</span> <span class='ocrx_word' id='word_1_249' title='bbox 894 2855 1084 2894; x_wconf 88' lang='lat' dir='ltr'>scribitur</span> <span class='ocrx_word' id='word_1_250' title='bbox 1121 2853 1388 2893; x_wconf 86' lang='lat' dir='ltr'>assessoribus</span> <span class='ocrx_word' id='word_1_251' title='bbox 1427 2857 1466 2892; x_wconf 90' lang='lat' dir='ltr'>et</span> <span class='ocrx_word' id='word_1_252' title='bbox 1504 2854 1783 2893; x_wconf 87' lang='lat' dir='ltr'>collectoribus</span> <span class='ocrx_word' id='word_1_253' title='bbox 1822 2855 2022 2893; x_wconf 86' lang='lat' dir='ltr'>tricesime</span> <span class='ocrx_word' id='word_1_254' title='bbox 2068 2856 2108 2892; x_wconf 89' lang='lat' dir='ltr'>in</span> 
     </span>
     <span class='ocr_line' id='line_1_45' title="bbox 409 2916 1468 2966; baseline -0.007 -5"><span class='ocrx_word' id='word_1_255' title='bbox 409 2919 669 2961; x_wconf 88' lang='lat' dir='ltr'>comitatibus</span> <span class='ocrx_word' id='word_1_256' title='bbox 707 2917 930 2964; x_wconf 84' lang='lat' dir='ltr'>Hereford’‚</span> <span class='ocrx_word' id='word_1_257' title='bbox 955 2916 1129 2966; x_wconf 79' lang='lat' dir='ltr'>Salopie‚</span> <span class='ocrx_word' id='word_1_258' title='bbox 1169 2919 1208 2954; x_wconf 91' lang='lat' dir='ltr'>et</span> <span class='ocrx_word' id='word_1_259' title='bbox 1248 2916 1468 2965; x_wconf 80' lang='lat' dir='ltr'>Wigornie.</span> 
     </span>
    </p>
   </div>
   <div class='ocr_carea' id='block_1_15' title="bbox 408 2994 2111 3300">
    <p class='ocr_par' dir='ltr' id='par_1_27' title="bbox 408 2994 2111 3300">
     <span class='ocr_line' id='line_1_46' title="bbox 519 2994 2111 3038; baseline -0.003 -1"><span class='ocrx_word' id='word_1_260' title='bbox 519 2999 762 3038; x_wconf 90' lang='lat' dir='ltr'>Mandatum</span> <span class='ocrx_word' id='word_1_261' title='bbox 800 2999 859 3034; x_wconf 93' lang='lat' dir='ltr'>est</span> <span class='ocrx_word' id='word_1_262' title='bbox 897 2995 1165 3034; x_wconf 88' lang='lat' dir='ltr'>assessoribus</span> <span class='ocrx_word' id='word_1_263' title='bbox 1203 2998 1242 3034; x_wconf 90' lang='lat' dir='ltr'>et</span> <span class='ocrx_word' id='word_1_264' title='bbox 1280 2994 1562 3034; x_wconf 88' lang='lat' dir='ltr'>collectoribus</span> <span class='ocrx_word' id='word_1_265' title='bbox 1600 2995 1801 3034; x_wconf 90' lang='lat' dir='ltr'>tricesime</span> <span class='ocrx_word' id='word_1_266' title='bbox 1839 2996 1881 3033; x_wconf 91' lang='lat' dir='ltr'>in</span> <span class='ocrx_word' id='word_1_267' title='bbox 1915 2996 2111 3034; x_wconf 86' lang='lat' dir='ltr'>comitatu</span> 
     </span>
     <span class='ocr_line' id='line_1_47' title="bbox 413 3057 2110 3110; baseline -0.003 -10"><span class='ocrx_word' id='word_1_268' title='bbox 413 3062 512 3103; x_wconf 79' lang='lat' dir='ltr'>Suff’</span> <span class='ocrx_word' id='word_1_269' title='bbox 570 3060 675 3110; x_wconf 84' lang='lat' dir='ltr'>quod</span> <span class='ocrx_word' id='word_1_270' title='bbox 731 3059 772 3096; x_wconf 89' lang='lat' dir='ltr'>in</span> <span class='ocrx_word' id='word_1_271' title='bbox 831 3058 947 3096; x_wconf 89' lang='lat' dir='ltr'>terris</span> <span class='ocrx_word' id='word_1_272' title='bbox 1004 3057 1147 3106; x_wconf 89' lang='lat' dir='ltr'>prioris</span> <span class='ocrx_word' id='word_1_273' title='bbox 1204 3057 1251 3095; x_wconf 91' lang='lat' dir='ltr'>de</span> <span class='ocrx_word' id='word_1_274' title='bbox 1310 3057 1499 3095; x_wconf 83' lang='lat' dir='ltr'>Theford‘</span> <span class='ocrx_word' id='word_1_275' title='bbox 1562 3060 1601 3095; x_wconf 88' lang='lat' dir='ltr'>et</span> <span class='ocrx_word' id='word_1_276' title='bbox 1665 3057 1879 3095; x_wconf 89' lang='lat' dir='ltr'>hominum</span> <span class='ocrx_word' id='word_1_277' title='bbox 1945 3070 2110 3096; x_wconf 87' lang='lat' dir='ltr'>suorum</span> 
     </span>
     <span class='ocr_line' id='line_1_48' title="bbox 408 3119 2107 3169; baseline -0.004 -5"><span class='ocrx_word' id='word_1_278' title='bbox 408 3125 612 3164; x_wconf 88' lang='lat' dir='ltr'>assideant</span> <span class='ocrx_word' id='word_1_279' title='bbox 647 3121 893 3160; x_wconf 90' lang='lat' dir='ltr'>tricesimam</span> <span class='ocrx_word' id='word_1_280' title='bbox 923 3123 983 3158; x_wconf 88' lang='lat' dir='ltr'>set</span> <span class='ocrx_word' id='word_1_281' title='bbox 1012 3120 1146 3169; x_wconf 88' lang='lat' dir='ltr'>ipsum</span> <span class='ocrx_word' id='word_1_282' title='bbox 1176 3120 1350 3169; x_wconf 89' lang='lat' dir='ltr'>priorem</span> <span class='ocrx_word' id='word_1_283' title='bbox 1380 3120 1621 3169; x_wconf 87' lang='lat' dir='ltr'>permittant</span> <span class='ocrx_word' id='word_1_284' title='bbox 1649 3120 1833 3168; x_wconf 85' lang='lat' dir='ltr'>colligere</span> <span class='ocrx_word' id='word_1_285' title='bbox 1863 3119 2107 3158; x_wconf 85' lang='lat' dir='ltr'>tricesimam</span> 
     </span>
     <span class='ocr_line' id='line_1_49' title="bbox 408 3182 2108 3234; baseline -0.004 -8"><span class='ocrx_word' id='word_1_286' title='bbox 408 3188 522 3226; x_wconf 87' lang='lat' dir='ltr'>illam</span> <span class='ocrx_word' id='word_1_287' title='bbox 574 3198 642 3234; x_wconf 89' lang='lat' dir='ltr'>per</span> <span class='ocrx_word' id='word_1_288' title='bbox 689 3195 857 3221; x_wconf 86' lang='lat' dir='ltr'>manum</span> <span class='ocrx_word' id='word_1_289' title='bbox 907 3194 1021 3219; x_wconf 89' lang='lat' dir='ltr'>suam</span> <span class='ocrx_word' id='word_1_290' title='bbox 1076 3185 1115 3219; x_wconf 88' lang='lat' dir='ltr'>et</span> <span class='ocrx_word' id='word_1_291' title='bbox 1168 3194 1348 3228; x_wconf 91' lang='lat' dir='ltr'>suorum,</span> <span class='ocrx_word' id='word_1_292' title='bbox 1404 3182 1462 3220; x_wconf 90' lang='lat' dir='ltr'>ita</span> <span class='ocrx_word' id='word_1_293' title='bbox 1516 3182 1621 3232; x_wconf 86' lang='lat' dir='ltr'>quod</span> <span class='ocrx_word' id='word_1_294' title='bbox 1679 3182 1923 3220; x_wconf 89' lang='lat' dir='ltr'>tricesimam</span> <span class='ocrx_word' id='word_1_295' title='bbox 1981 3182 2108 3228; x_wconf 89' lang='lat' dir='ltr'>illam,</span> 
     </span>
     <span class='ocr_line' id='line_1_50' title="bbox 408 3243 2109 3300; baseline -0.004 -12"><span class='ocrx_word' id='word_1_296' title='bbox 408 3248 569 3300; x_wconf 87' lang='lat' dir='ltr'>quando</span> <span class='ocrx_word' id='word_1_297' title='bbox 613 3246 781 3285; x_wconf 89' lang='lat' dir='ltr'>collecta</span> <span class='ocrx_word' id='word_1_298' title='bbox 818 3244 884 3290; x_wconf 88' lang='lat' dir='ltr'>sit,</span> <span class='ocrx_word' id='word_1_299' title='bbox 925 3244 980 3281; x_wconf 91' lang='lat' dir='ltr'>eis</span> <span class='ocrx_word' id='word_1_300' title='bbox 1019 3243 1202 3282; x_wconf 88' lang='lat' dir='ltr'>reddant.</span> <span class='ocrx_word' id='word_1_301' title='bbox 1280 3244 1398 3282; x_wconf 83' lang='lat' dir='ltr'>Teste</span> <span class='ocrx_word' id='word_1_302' title='bbox 1436 3257 1527 3293; x_wconf 76' lang='lat' dir='ltr'>rege</span> <span class='ocrx_word' id='word_1_303' title='bbox 1559 3244 1664 3293; x_wconf 88' lang='lat' dir='ltr'>apud</span> <span class='ocrx_word' id='word_1_304' title='bbox 1704 3243 1870 3289; x_wconf 85' lang='lat' dir='ltr'>Theok&#39;,</span> <span class='ocrx_word' id='word_1_305' title='bbox 1911 3244 2006 3294; x_wconf 82' lang='lat' dir='ltr'>xvij.</span> <span class='ocrx_word' id='word_1_306' title='bbox 2047 3244 2109 3285; x_wconf 91' lang='lat' dir='ltr'>die</span> 
     </span>
    </p>
   </div>
   <div class='ocr_carea' id='block_1_16' title="bbox 410 3311 1311 3418">
    <p class='ocr_par' dir='ltr' id='par_1_28' title="bbox 410 3311 1311 3418">
     <span class='ocr_line' id='line_1_51' title="bbox 410 3311 604 3351; baseline -0.026 0"><span class='ocrx_word' id='word_1_307' title='bbox 410 3311 604 3351; x_wconf 89' lang='lat' dir='ltr'>Octobris.</span> 
     </span>
     <span class='ocr_line' id='line_1_52' title="bbox 521 3375 1311 3418; baseline -0.004 0"><span class='ocrx_word' id='word_1_308' title='bbox 521 3379 676 3418; x_wconf 86' lang='lat' dir='ltr'>Eodem</span> <span class='ocrx_word' id='word_1_309' title='bbox 715 3377 833 3415; x_wconf 87' lang='lat' dir='ltr'>modo</span> <span class='ocrx_word' id='word_1_310' title='bbox 871 3376 912 3413; x_wconf 89' lang='lat' dir='ltr'>in</span> <span class='ocrx_word' id='word_1_311' title='bbox 952 3375 1146 3414; x_wconf 85' lang='lat' dir='ltr'>comitatu</span> <span class='ocrx_word' id='word_1_312' title='bbox 1185 3376 1311 3415; x_wconf 83' lang='lat' dir='ltr'>Norf’.</span> 
     </span>
    </p>
   </div>
  </div>
 </body>
</html>
