2375 3587
196 303 341 350 1235.

203 370 262 408 [m.
278 367 326 408 2.]

1075 187 1126 225 19
1169 185 1373 226 HENRY
1416 188 1496 228 HI.
2051 192 2130 232 147

431 372 473 409 in
512 373 759 412 escambium
798 389 869 425 pro
903 390 984 415 uno
1023 379 1153 417 thofto
1183 379 1224 417 in
1263 394 1342 430 quo
1372 382 1536 430 grangie
1567 383 1749 432 magistri
1780 384 1898 422 Alani
1927 385 2131 434 quondam

431 447 597 483 persone
633 437 679 474 de
728 438 945 485 Bolesovr'‚
991 440 1066 478 site
1116 441 1294 487 fuerunt,
1335 445 1374 480 et
1430 456 1500 491 pro
1548 444 1715 482 dimidia
1762 459 1852 484 acra
1901 449 2001 484 terre
2039 460 2131 484 cum

397 516 399 518 ·
430 496 684 545 pertinentiis
723 512 840 548 super
881 501 1213 552 Shertailburleg'
1254 503 1294 540 in
1335 504 1473 542 eadem
1513 505 1622 550 villa,
1663 510 1702 544 et
1741 520 1811 555 pro
1845 508 2011 546 dimidia
2040 521 2132 546 acra

430 561 531 596 terre
569 572 661 597 cum
716 561 971 609 pertinentiis
1014 576 1132 612 super
1172 565 1413 614 Aylmetone
1453 566 1711 607 Gathehend⁷
1753 568 1794 605 in
1834 569 1971 607 eadem
2009 570 2129 614 villa;

428 632 504 668 que
555 621 717 670 quidem
770 623 947 661 thoftuin
1001 630 1039 663 et
1091 626 1218 664 duas*
1270 639 1381 665 acras
1433 632 1472 665 et
1525 628 1735 666 dimidiam
1791 631 1957 679 predicti
2009 631 2132 668 abbas

429 684 467 719 et
523 683 704 721 canonici
758 684 840 733 regi
898 687 1155 724 reddiderunt
1211 691 1250 725 et
1307 689 1442 737 quieta
1500 689 1778 728 clamaverunt
1831 691 2130 741 inperpetuum.

430 743 636 782 Concessit
705 746 827 783 etiam
899 760 967 795 per
1033 752 1186 786 cartam
1249 763 1365 787 suain
1436 750 1566 788 eidem
1623 751 1759 790 abbati
1822 757 1860 790 et
1927 754 2132 792 canonicis

428 819 499 855 pro
556 820 595 844 se
652 810 690 844 et
747 808 958 846 heredibus
1046 811 1127 848 suis
1192 811 1464 860 quietanciam
1525 812 1565 849 in
1624 817 1862 862 perpetuum
1919 815 2128 854 duodecim

427 867 711 906 denaratarum
765 870 955 916 redditus,
996 884 1115 921 quem
1161 872 1235 921 ipsi
1287 873 1369 921 regi
1415 874 1574 911 reddere
1622 879 1916 914 consueverunt
1962 877 2008 914 de
2052 889 2133 915 11110

429 930 635 978 mesuagio
692 930 732 968 in
791 931 1009 977 Bolesovr’,
1066 933 1108 970 in
1165 946 1243 982 quo
1311 937 1371 971 est
1436 934 1595 972 mansio
1661 935 1798 974 vicarii
1865 938 2029 975 ecclesie
2086 939 2133 975 de

429 992 647 1035 Bolesovr',
687 1006 758 1042 pro
797 994 927 1032 1110110
966 1007 1046 1032 11110
1085 995 1126 1032 in
1166 996 1303 1033 eadem
1343 996 1452 1042 villa,
1489 997 1559 1035 illo
1598 998 1750 1037 scilicet
1788 1000 1895 1048 quod
1934 1000 2133 1038 Henricus

431 1054 552 1092 Sutor
603 1055 818 1103 aliquando
871 1056 1015 1102 tenuit,
1068 1057 1173 1105 quod
1226 1057 1388 1106 quidem
1442 1058 1517 1107 ipsi
1565 1058 1688 1097 abbas
1736 1064 1774 1098 et
1821 1061 2003 1100 canonici
2052 1062 2133 1111 regi

428 1116 685 1155 reddiderunt
731 1121 769 1155 et
815 1118 997 1167 quietum
1046 1119 1325 1158 clamaverunt
1373 1120 1672 1170 inperpetuum.
1758 1124 1964 1162 Concessit
2011 1125 2132 1162 etiam

427 1192 495 1216 rex
533 1192 602 1228 per
640 1183 792 1218 cartam
833 1194 946 1218 suam
988 1181 1085 1230 ipsis
1124 1180 1260 1219 abbati
1300 1185 1339 1219 et
1377 1183 1581 1221 canonicis
1630 1197 1701 1233 pro
1748 1198 1788 1223 se
1836 1190 1873 1223 et
1921 1186 2134 1224 heredibus

428 1242 510 1280 suis
548 1243 654 1291 quod
693 1242 867 1281 habeant
908 1243 948 1280 in
998 1247 1237 1292 perpetuum
1287 1245 1488 1293 quendam
1536 1246 1690 1284 exitum
1738 1248 1785 1285 de
1835 1248 2016 1287 berkaria
2064 1262 2134 1287 sua

427 1317 564 1342 versus
620 1305 815 1343 orientem
872 1319 996 1355 usque
1063 1306 1104 1343 in
1171 1307 1370 1344 fossatum
1438 1307 1538 1345 illud
1605 1308 1651 1346 de
1718 1310 1949 1349 Boleshovr'
2013 1324 2134 1360 prope

427 1366 684 1405 cimiterium.
772 1368 826 1405 Et
864 1369 1104 1406 mandatum
1143 1371 1203 1406 est
1244 1368 1449 1406 Willelmo
1487 1370 1535 1407 de
1585 1369 1758 1409 Ferariis
1807 1373 1924 1421 quod,
1965 1373 2134 1422 receptis

426 1428 467 1466 in
503 1429 751 1467 escambium
783 1430 824 1466 in
856 1443 1024 1467 manum
1058 1430 1159 1479 regis
1189 1430 1367 1479 predicto
1397 1431 1543 1476 1110110,
1572 1431 1613 1469 in
1646 1446 1724 1482 quo
1754 1435 1918 1483 grangie
1950 1435 2133 1484 magistri

426 1492 546 1529 Alani
586 1491 660 1529 site
691 1492 865 1536 fuerunt,
895 1495 934 1529 et
964 1491 1153 1540 predictis
1183 1491 1338 1529 duabus
1369 1492 1548 1530 dimidiis
1578 1495 1680 1531 acris
1710 1498 1749 1533 et
1780 1496 1911 1534 1110110
1941 1497 2132 1546 predicto,

424 1554 530 1604 quod
570 1554 771 1591 Henricus
813 1554 934 1592 Sutor
973 1554 1190 1603 aliquando
1230 1554 1375 1600 tenuit,
1415 1555 1565 1592 eisdem
1604 1555 1739 1595 abbati
1778 1561 1816 1596 et
1849 1559 2052 1597 canonicis
2086 1560 2133 1597 de

425 1617 603 1666 predicto
640 1616 785 1661 1110110,
825 1616 930 1665 quod
971 1616 1125 1654 Alanus
1165 1616 1273 1654 filius
1324 1617 1518 1666 Sigarith'
1569 1619 1700 1656 tenuit
1748 1620 1789 1657 in
1838 1620 2054 1667 Bolesovr'‚
2095 1625 2133 1659 et

424 1679 557 1717 thofto
596 1678 676 1723 illo,
718 1678 822 1727 quod
862 1678 1040 1727 predicta
1080 1678 1228 1716 Cecilia
1267 1679 1400 1717 tenuit
1438 1679 1479 1716 in
1525 1679 1664 1718 eadem
1712 1681 1809 1719 villa
1856 1683 1918 1725 et†
1969 1683 2132 1732 plenam

424 1741 614 1779 seisinam
661 1744 700 1779 et
746 1741 1017 1790 quietanciam
1065 1741 1337 1789 predictarum
1386 1741 1454 1791 xij.
1506 1742 1799 1782 denaratarum
1858 1745 2038 1783 redditus
2095 1749 2133 1784 et

423 1803 576 1841 exitum
623 1803 826 1853 quendam
871 1803 917 1840 de
963 1802 1144 1840 berkaria
1195 1816 1267 1840 sua
1315 1816 1454 1841 versus
1499 1804 1709 1851 orientem,
1757 1806 1860 1844 sicut
1909 1807 2133 1856 predictum

425 1869 498 1911 est,
539 1864 683 1903 habere
722 1865 857 1903 faciat.
935 1865 1052 1903 Teste
1091 1877 1181 1913 rege
1219 1865 1325 1914 apud
1368 1865 1516 1912 Wind’,
1559 1866 1611 1906 ix.
1650 1867 1712 1905 die
1752 1867 1949 1906 Octobris.

541 1955 614 1990 I'rn
671 1955 715 1991 H.
768 1954 1034 2000 Hareni-(lensi
1081 1953 1406 2000 episcopm—Rex
1452 1954 1691 2002 perdonavit
1745 1957 1792 1993 R.
1848 1956 2133 1995 Herefordensi

428 2016 613 2065 episcopo
651 2015 704 2052 xl.
746 2015 906 2060 solidos,
953 2027 1053 2064 quos
1107 2014 1274 2052 barones
1327 2015 1374 2052 de
1429 2015 1637 2054 Scaccario
1691 2016 1740 2055 ab
1778 2030 1823 2055 eo
1862 2018 2029 2067 exigunt
2067 2031 2136 2068 per

428 2077 787 2115 summonitionem
842 2076 1039 2115 Scaccarii
1094 2076 1210 2125 regis,
1257 2076 1304 2114 de
1356 2076 1514 2114 catallis
1562 2090 1636 2126 que
1702 2078 1867 2117 fuerunt
1922 2080 2132 2129 cujusdam

428 2140 623 2189 capellani
653 2140 700 2177 de
739 2138 1005 2183 Mainerfeld',
1039 2139 1107 2188 qui
1147 2151 1187 2176 se
1226 2139 1359 2188 ipsum
1399 2152 1468 2188 per
1506 2139 1759 2178 infortunum
1796 2142 2017 2190 suspendit.
2077 2142 2132 2181 Et

429 2203 668 2240 mandatum
707 2204 767 2239 est
805 2200 1022 2239 baronibus
1059 2201 1106 2239 de
1147 2201 1355 2239 Scaccario
1403 2202 1512 2251 quod
1551 2202 1776 2250 predictum
1815 2203 2047 2253 episcopum
2086 2205 2133 2243 de

428 2264 616 2313 predictis
654 2264 707 2301 xl.
747 2263 885 2301 solidis
924 2263 1106 2312 quietum
1153 2276 1237 2301 esse
1278 2263 1444 2301 faciant.
1542 2263 1659 2302 Teste
1698 2277 1788 2313 rege
1837 2266 1943 2315 apud
1984 2266 2131 2313 Wind',

429 2340 467 2364 x.
508 2326 570 2364 die
610 2324 808 2364 Octobris.

538 2397 594 2435 Et
656 2395 896 2433 mandatum
949 2398 1008 2433 est
1057 2395 1283 2433 vicecomiti
1338 2395 1507 2448 Glouc'ss
1560 2397 1665 2446 quod
1718 2397 1896 2446 predicto
1948 2398 2132 2448 episcopo

430 2472 569 2509 pacem
609 2458 701 2495 inde
740 2456 884 2495 habere
922 2457 1169 2506 pei-iiiittat.§

541 2547 593 2582 De
643 2545 820 2581 tradendo
877 2546 918 2580 rin
975 2543 1308 2591 ballium—Quia
1364 2556 1432 2581 rex
1488 2544 1640 2593 accepit
1692 2557 1761 2594 per
1812 2545 2129 2595 inquisitionem,

428 2620 550 2658 quam
587 2606 671 2644 fieri
716 2606 904 2655 precepit,
946 2606 1050 2656 quod
1103 2605 1231 2643 Adam
1278 2606 1325 2643 de
1374 2605 1591 2655 Lainbrug‘
1634 2607 1850 2656 appellavit
1889 2608 2130 2646 Nicholauni

429 2670 560 2707 filium
600 2667 807 2713 Bernardi,
849 2669 915 2716 qui
967 2670 1108 2716 captus
1165 2671 1226 2705 est
1282 2671 1320 2705 et
1378 2668 1566 2705 detentus
1623 2668 1663 2705 in
1722 2669 1884 2717 prisona
1935 2671 2038 2719 regis
2085 2671 2132 2708 de

429 2730 610 2780 Appelby
644 2730 689 2767 de
727 2732 856 2767 morte
904 2729 1116 2767 Matillidis
1167 2729 1213 2767 de
1258 2728 1474 2778 Lambrug'
1523 2730 1665 2767 matris
1714 2743 1795 2776 sue,
1847 2731 1936 2769 odio
1975 2735 2013 2770 et
2052 2733 2133 2771 atia

429 2796 468 2832 et
524 2804 606 2830 non
662 2804 707 2829 eo
763 2791 868 2841 quod
919 2791 1012 2829 inde
1068 2790 1280 2840 culpabilis
1349 2791 1428 2836 sit;
1493 2792 1732 2829 mandatum
1791 2796 1851 2830 est
1906 2793 2132 2832 vicecomiti

431 2853 755 2893 Westmeriland'
794 2853 912 2901 quod,
953 2853 985 2890 si
1037 2853 1122 2902 ipse
1181 2853 1400 2891 Nicholaus
1466 2853 1667 2891 invenerit
1718 2854 1752 2891 ei
1805 2854 1873 2904 xij.
1914 2855 2056 2903 probos
2094 2859 2132 2895 et

429 2916 575 2966 legales
613 2915 796 2953 homines
834 2915 880 2952 de
918 2915 1114 2953 comitatu
1154 2928 1225 2953 suo
1255 2914 1322 2964 qui
1361 2928 1452 2952 eum
1485 2916 1777 2964 manucapiant
1816 2915 1960 2954 habere
1997 2929 2130 2955 coram

429 2977 662 3029 justiciariis
700 2976 803 3025 regis
841 2977 890 3014 ad
929 2976 1103 3025 primam
1142 2976 1311 3014 assisam
1352 2976 1515 3014 cumin
1555 2981 1688 3025 partes
1727 2977 1816 3014 illas
1855 2978 2050 3024 venerint,
2082 2979 2131 3016 ad

430 3040 620 3079 standum
659 3039 750 3076 inde
787 3042 893 3076 recto
931 3042 1020 3084 etc.‚
1061 3039 1194 3077 tradat
1233 3042 1308 3077 etc.
1396 3039 1512 3077 Teste
1553 3052 1643 3088 rege
1696 3040 1803 3088 apud
1843 3039 2034 3086 Windes’,
2075 3042 2129 3091 xj.

429 3103 493 3141 die
532 3100 728 3140 Octobris.

522 3198 536 3213 *
577 3199 581 3203 ”
635 3196 670 3227 in
700 3195 771 3227 MS.

520 3197 654 3289 ’[ῗὶιζῖθι·
698 3249 774 3283 ‘ets
815 3247 873 3278 the
912 3247 1020 3279 words
1064 3248 1242 3289 ‘predictis
1281 3247 1409 3278 duabus
1446 3247 1599 3278 dimidiis
1631 3251 1662 3278 et
1696 3247 1845 3288 predicto
1877 3247 2015 3280 thofto.'
2046 3248 2130 3282 have

430 3295 512 3326 been
544 3291 723 3325 cancelled.

520 3347 532 3387 1
554 3343 731 3376 corrected
747 3344 835 3375 from
855 3346 862 3360 ‘
878 3341 1033 3386 Salopie.’
1159 3342 1264 3374 These
1279 3343 1404 3373 enti-ies
1421 3352 1476 3373 are
1493 3341 1662 3374 cancelled
1683 3342 1782 3384 ‘quia
1801 3341 1902 3373 aliter
1919 3342 2086 3376 inferius)
