2375 3587
227 359 373 406 1237.

226 427 288 468 [m.
304 422 379 465 111]

433 3497 443 3513 ³

1100 230 1151 267 21
1198 227 1321 268 HEN
1343 227 1402 268 {X
1445 227 1523 267 HI.
2082 230 2162 270 557

466 423 540 461 tibi
578 424 683 473 quod
724 424 823 461 scire
862 424 986 462 facias
1026 424 1350 473 archiepiscopis,
1392 423 1588 472 episcopis
1634 428 1672 461 et
1705 423 1909 461 'omnibus
1959 421 2170 461 abbatibus

466 488 504 523 et
552 485 750 535 prioribus
797 486 1002 524 libertates
1050 486 1293 524 habentibus
1341 485 1382 522 in
1430 484 1567 522 baillia
1623 488 1704 529 tua,
1754 485 1858 533 quod
1915 484 2053 523 eodem
2109 484 2171 521 die

466 547 664 596 incipiant
701 548 872 585 assidere
911 551 949 585 et
987 548 1173 596 colligere
1213 547 1459 585 tricesimam
1498 550 1677 584 nostram
1717 546 1758 583 in
1798 547 1913 584 terris
1965 549 2003 584 et
2055 545 2169 583 liber-

467 609 618 647 tatibus
658 610 739 647 suis
778 623 847 658 pei·
884 613 1056 658 quatuor
1089 610 1235 659 legales
1276 609 1428 646 milites
1475 621 1567 645 suos
1606 609 1654 645 ad
1706 609 1781 646 hoc
1831 608 2071 657 assignatos,
2112 607 2173 645 vel

466 675 639 720 quatuor
676 671 820 709 liberos
859 672 1045 709 homines
1084 672 1116 709 si
1148 671 1299 709 milites
1337 683 1418 707 11011
1451 669 1678 715 habuerint,
1712 683 1790 718 quo
1817 673 1990 719 quatuor
2022 669 2174 707 milites

468 737 507 771 et
546 734 709 783 quidam
749 734 914 772 clericus
953 747 998 772 ex
1038 737 1149 783 parte
1188 736 1325 771 nostra
1357 733 1405 770 ad
1440 732 1513 769 hoc
1547 732 1742 780 assignati
1774 732 1874 768 illud
1906 732 2011 770 idem
2045 732 2175 769 facere

470 795 665 844 incipient
713 797 754 833 111
797 796 934 834 baillia
973 805 1042 835 tua
1089 800 1201 834 extra
1249 795 1467 840 libertates,
1508 802 1547 831 et
1595 794 1635 830 in
1684 794 1824 831 eadem
1873 793 2003 831 forma
2052 806 2174 843 quam

470 857 631 906 quidem
662 858 983 907 archiepiscopis,
1006 866 1044 896 et
1078 859 1273 907 episcopis
1307 856 1654 900 demandavimus,
1691 859 1729 893 et
1760 855 1973 904 negocium
2005 855 2104 892 illud
2132 855 2179 892 de

472 919 596 957 (110111
618 920 723 957 diem
745 921 986 958 continuent
1019 921 1144 958 donec
1165 920 1279 969 plene
1300 919 1420 956 fuerit
1451 918 1699 967 expeditum,
1731 920 1769 955 et
1798 916 2043 955 tricesimam
2066 917 2178 955 illam

473 982 643 1020 liberent
692 983 880 1031 predictis
919 986 1093 1033 quatuor
1138 981 1338 1020 militibus
1378 981 1527 1019 nostris
1567 984 1605 1018 et
1644 980 1814 1025 clerico;
1863 979 1920 1017 ita
1957 979 2063 1029 quod
2101 992 2181 1016 una

473 1044 668 1083 medietas
716 1045 807 1083 inde
860 1045 975 1083 nobis
1025 1046 1133 1083 reddi
1181 1044 1307 1094 possit
1356 1056 1424 1093 per
1476 1056 1620 1080 manus
1678 1042 1949 1091 predictorum
2002 1041 2180 1080 militum

474 1114 707 1145 nostrorum
774 1107 814 1145 in
881 1109 1057 1146 crastino
1121 1106 1260 1146 Sancti
1318 1106 1476 1144 Andree
1536 1118 1644 1143 anno
1701 1108 1776 1142 etc.
1834 1104 1948 1154 xxij.,
2008 1107 2046 1142 et
2106 1104 2184 1142 alia

475 1169 669 1207 medietas
708 1170 748 1206 in
789 1171 963 1208 crastino
1006 1171 1152 1209 Sancte
1194 1168 1406 1206 Trinitatis
1446 1181 1553 1206 anno
1598 1167 1749 1205 eodem.
1811 1168 1857 1204 In
1898 1166 2013 1204 terris
2049 1169 2184 1204 autem

476 1230 666 1269 abbatum
703 1239 739 1269 et
770 1232 948 1280 priorum
988 1232 1122 1270 baillie
1162 1239 1228 1269 tue
1262 1230 1468 1268 libertates
1508 1243 1587 1267 non
1621 1228 1857 1266 habentium
1894 1228 2117 1266 assideatur
2148 1232 2186 1265 et

477 1293 690 1342 colligatur
738 1295 938 1332 tricesima
986 1301 1123 1333 nostra
1178 1307 1246 1343 per
1292 1293 1469 1341 prefatos
1524 1296 1695 1341 quatuor
1743 1290 1894 1328 milites
1942 1293 2101 1328 nostros
2148 1297 2187 1327 et

479 1355 679 1400 clericum,
730 1356 785 1393 ita
834 1358 938 1405 quod
988 1357 1063 1405 ipsi
1116 1355 1278 1393 abbates
1329 1359 1366 1391 et
1419 1354 1568 1403 priores
1618 1353 1824 1389 libertates
1874 1364 1954 1389 non
1995 1351 2189 1389 habentes

480 1417 570 1455 inde
603 1418 642 1455 in
679 1419 790 1455 nullo
825 1432 864 1456 se
895 1419 1173 1457 intromittant
1204 1430 1271 1466 per
1301 1430 1340 1454 se
1371 1416 1432 1454 vel
1464 1429 1531 1465 per
1572 1414 1755 1453 baillivos
1786 1427 1891 1452 suos.
1952 1413 2069 1451 Teste
2099 1426 2190 1463 rege

482 1481 586 1529 apud
629 1481 903 1525 Windshour',
945 1482 1012 1531 vij.
1051 1481 1113 1518 die
1152 1479 1335 1528 Augusti.

1356 1548 1658 1592 Cumberhnd’,
1684 1545 2025 1590 Westmeriland',

1354 1608 1757 1652 Northumberland’,
1787 1607 1973 1653 Eboraci,

1300 1667 1312 1687 '¹
1354 1671 1605 1715 Lancastrie,
1630 1669 1907 1718 Bukingham,

1308 1690 1318 1769 1
1354 1734 1580 1779 Bedet'ord’,
1604 1732 1768 1771 Kancie.

592 1640 833 1679 Consimiles
854 1639 1003 1678 habent
1024 1640 1277 1679 vicecomites

593 1826 837 1862 ,Γῆ-0111111011
884 1825 1210 1872 lt'mliny'.--—Rex
1260 1823 1440 1863 Johanni
1492 1823 1539 1859 de
1594 1821 1743 1859 Sancto
1796 1817 1955 1863 Albino,
2007 1818 2192 1855 salutem.

488 1888 591 1935 Quia
648 1888 688 1925 in
741 1887 994 1925 concessione
1048 1887 1248 1925 tricesime
1298 1890 1433 1925 nostre
1488 1884 1693 1934 provisum
1746 1881 1825 1919 fuit
1881 1881 1988 1930 quod
2035 1879 2197 1918 abbates

487 1951 694 1989 libertates
728 1949 922 1987 habentes
961 1949 1001 1986 in
1042 1950 1157 1987 terris
1201 1952 1239 1987 et
1286 1947 1542 1987 libertatibus
1587 1945 1669 1984 suis
1719 1957 1788 1993 per
1840 1946 2012 1992 quatuor
2046 1942 2197 1980 milites

489 2014 535 2051 de
574 2011 828 2050 libertatibus
866 2011 1015 2049 eisdem
1067 2011 1312 2049 tricesimam
1352 2014 1535 2048 nostram
1586 2006 1790 2045 assideant
1835 2008 1874 2042 et
1923 2004 2117 2053 colligant
2156 2004 2196 2041 in

490 2074 678 2124 predictis
722 2073 837 2111 terris
893 2078 931 2111 et
981 2072 1260 2117 libertatibus;
1303 2072 1374 2111 tibi
1424 2071 1666 2109 mandamus
1723 2066 1916 2117 quatinus
1969 2079 2050 2103 una
2106 2079 2198 2104 cum

491 2137 637 2175 dilecto
693 2142 731 2174 et
789 2136 895 2173 fideli
947 2140 1085 2173 nostro
1148 2136 1303 2184 liog'ero
1360 2135 1443 2172 filio
1495 2134 1590 2177 Ade,
1640 2130 1703 2168 cui
1744 2129 1850 2166 idem
1900 2128 2197 2172 mandavimus,

491 2199 704 2248 diligenter
743 2199 930 2236 intendas
979 2198 1177 2236 tricesimo
1222 2202 1355 2236 nostre
1396 2195 1605 2234 assidende
1653 2196 1691 2230 et
1733 2191 1955 2239 colligende
2006 2191 2047 2229 in
2084 2190 2200 2229 terris

493 2266 531 2299 et
588 2260 839 2299 libertatibus
898 2259 1054 2298 abbatis
1101 2261 1147 2298 (10
1209 2260 1378 2308 Rading'
1435 2258 1476 2295 in
1526 2255 1722 2295 comitatu
1782 2253 1917 2291 Heref’
1976 2253 2019 2290 in
2071 2253 2202 2290 forma

494 2338 572 2374 qua
620 2324 747 2361 eidem
797 2322 932 2360 abbati
981 2323 1140 2371 plenius
1189 2321 1539 2365 demandavimus,
1586 2319 1640 2355 ita
1679 2315 1783 2365 quod
1823 2314 2033 2364 diligentia
2072 2318 2203 2352 vestra

496 2386 641 2425 merito
672 2385 798 2435 possit
832 2385 1119 2430 commendari,
1152 2385 1327 2422 sciturus
1361 2383 1466 2432 quod
1498 2381 1675 2419 laborem
1710 2382 1825 2415 tuum
1857 2376 1913 2414 ita
1944 2377 2202 2426 respiciemus

496 2449 601 2499 quod
639 2460 722 2486 non
771 2447 921 2485 sentias
969 2450 1007 2485 te
1054 2447 1101 2484 de
1149 2446 1254 2484 dicto
1303 2445 1437 2483 labore
1486 2445 1713 2493 gravatum.
1791 2438 1910 2476 Teste
1959 2452 2048 2487 rege
2098 2439 2205 2487 apud

499 2510 723 2559 wallingf,
763 2509 858 2559 xvij.
899 2509 961 2546 die
1000 2509 1184 2557 Augusti.

1247 2578 1442 2616 Richerus
1474 2574 1696 2614 Neirenuit.
1780 2592 1783 2596 -
1821 2571 1999 2609 interris
2020 2575 2058 2608 01
2088 2570 2202 2608 liber-

613 2679 618 2683 .
673 2679 678 2683 .
802 2679 807 2685 .
1216 2606 1392 2678 isnnon
1422 2639 1530 2677 filius
1564 2636 1749 2675 Nicholai
1785 2599 1963 2688 itatibus
1984 2634 2109 2683 ipsius
2137 2632 2202 2670 ab·

500 2679 742 2718 confflmsses
783 2679 939 2717 lateras
978 2678 1131 2716 habent
1209 2703 1469 2748 Μ111110110111115
1515 2701 1550 2738 le
1592 2699 1749 2738 Butiler
1782 2696 1795 2798 j
1824 2696 1928 2734 batis
1949 2700 2062 2734 extra
2082 2695 2202 2734 comi-

1217 2749 1475 2803 lWillelmus
1509 2764 1556 2801 de
1605 2761 1713 2801 Colle
1825 2763 1957 2798 tatum
1988 2758 2135 2796 Heref'.

1209 2841 1217 2901 f
1247 2835 1469 2874 Radulfum
1501 2833 1663 2884 Airaby.

1210 2904 1215 2961 ἶ
1248 2898 1498 2935 Willelmum
1516 2897 1563 2934 de
1579 2896 1755 2935 811110110-

1199 2967 1215 3019 ff
1283 2959 1389 3007 berg’

1249 3021 1472 3059 Henricum
1503 3021 1549 3058 de
1582 3020 1736 3059 Sullam

1209 3028 1219 3135 1
1246 3084 1453 3122 Simonem
1484 3084 1635 3121 Jollani

615 2874 801 2911 Cot-entr'.
872 2871 1113 2910 Consimiles

502 2936 660 2975 litteras
698 2935 819 2974 habet
857 2935 964 2984 prior
1006 2934 1156 2972 Coven-

505 2998 650 3036 trensis
678 2998 725 3036 de
754 3011 845 3035 xxx.
872 2996 1095 3045 colligenda
1125 2996 1165 3032 in

505 3059 620 3098 terris
650 3065 688 3097 et
718 3058 974 3096 libertatibus
1006 3059 1087 3095 suis
1108 3070 1176 3106 per

1810 2915 1953 2966 quibus
2014 2915 2200 2954 scribitur

1825 2979 1927 3016 sicut
1967 2991 2098 3026 supra.

616 3171 1005 3210 Iso-esbum—Abbas
1045 3172 1091 3208 de
1130 3171 1335 3208 Evesham
1375 3170 1496 3208 habet
1535 3171 1690 3208 litteras
1724 3171 1829 3220 quod
1860 3169 2047 3218 colligere
2086 3169 2212 3218 possit

508 3250 597 3274 xxx.
638 3235 792 3273 domini
833 3234 936 3283 regis
975 3233 1016 3270 in
1056 3233 1171 3270 terris
1202 3235 1240 3270 et
1270 3231 1527 3270 libertatibus
1568 3232 1663 3278 suis,
1705 3236 1748 3270 ut
1788 3244 1908 3281 supra
1941 3231 1988 3269 de
2020 3231 2209 3279 Rading',

725 3312 924 3350 Robertus
964 3311 1079 3349 Grim

1085 3375 1090 3380 .
1344 3320 1358 3417 }
1396 3346 1435 3383 in
1480 3346 1675 3384 comitatu
1716 3346 1837 3382 XYar'·

727 3380 869 3416 bimon
909 3377 955 3413 de
995 3375 1152 3424 Brmlly
