2375 3587
222 188 305 226 414

282 308 425 356 1237.

287 377 346 415 [m.
366 376 431 413 17.]

1160 185 1347 228 CLOSE
1391 186 1594 228 ROLLS.

625 384 679 419 De
717 390 860 420 extenta
902 390 1085 421 terrarum
1125 396 1192 431 que
1227 385 1383 426 fuerunt
1422 383 1611 430 illm-aleria
1650 384 1692 419 de
1727 384 1763 420 Za
1805 384 1916 420 Ferte
1953 384 1997 421 sin
2031 383 2222 430 presentia

528 444 683 481 Walteri
715 447 756 480 de
789 444 1233 493 11ηιγμ1.-1113111(1ει111111
1266 446 1325 481 651
1352 443 1576 482 vicecomiti
1613 443 1731 483 Suht’
1763 444 1868 493 quod
1907 444 1955 481 ad
1993 443 2221 482 faciendum

519 506 823 556 inquisitionem
859 511 897 544 et
928 508 1131 544 extentam
1166 506 1212 543 de
1248 506 1363 543 terris
1394 519 1469 554 que
1509 506 1671 543 fuerunt
1710 505 1905 555 Margerie
1944 506 1992 544 de
2030 506 2069 543 la
2106 506 2222 544 Ferte

520 566 561 605 in
602 568 723 606 bailia
771 582 842 606 sua
890 581 989 618 quas
1037 581 1103 605 rex
1148 567 1232 604 ficri
1282 567 1469 616 precepit,
1522 567 1685 617 recipiat
1724 568 1947 605 Walterum
1987 568 2036 606 de
2074 567 2222 615 Bur-go,

520 642 592 668 nec
632 630 717 668 sine
757 630 957 679 presentia
996 642 1067 667 sua
1114 629 1163 667 ad
1211 642 1298 666 eam
1348 629 1572 667 faciendam
1621 629 1820 678 procedat.
1896 629 2012 668 Teste
2049 642 2140 678 rege
2178 632 2222 667 ut

520 705 651 741 supra.
729 692 881 730 Eodem
930 691 1047 729 modo
1095 691 1335 729 mandatum
1383 694 1441 729 est
1489 690 1714 730 vicecomiti
1762 691 1918 730 Wiltes'
1967 703 2039 741 pro
2085 690 2221 729 eodem

520 754 694 803 negotio.
775 754 892 792 Teste
931 766 1020 802 rege
1060 756 1104 791 ut
1143 765 1276 802 supra.

628 858 706 894 ,Pe-0
755 858 879 901 fratre
929 857 1084 893 Roberta
1137 858 1179 893 de
1229 857 1321 894 Dice
1370 864 1403 894 et
1453 858 1663 894 hominibus
1719 856 2109 904 ejus—Mandatum
2163 859 2223 895 est

522 920 690 958 Ricardo
740 919 786 956 de
838 919 875 956 la
925 918 1049 965 Lade,
1099 918 1254 957 custodi
1301 919 1465 956 honoris
1519 919 1646 964 Gloc',
1699 919 1802 968 quod
1850 919 1898 957 de
1945 919 2074 968 gratia
2121 919 2223 967 regis

519 982 670 1019 deferat
710 980 824 1018 fratri
865 979 1039 1018 Roberto
1073 979 1120 1017 de
1153 979 1252 1017 Divo
1289 983 1327 1018 et
1367 979 1600 1018 hominibus
1640 980 1722 1018 suis
1760 981 1806 1018 de
1845 980 2136 1019 Hatherinton’
2176 980 2223 1018 de

520 1043 638 1081 sectis
679 1042 874 1081 faciendis
913 1042 961 1079 ad
1000 1041 1255 1079 hundredum
1295 1042 1342 1079 de
1382 1042 1546 1079 Rowell’
1587 1042 1780 1091 quamdiu
1828 1042 2009 1081 custodia
2046 1045 2148 1080 terre
2184 1044 2222 1080 et

520 1104 675 1142 heredis
730 1104 779 1142 G.
849 1103 1051 1153 quondam
1119 1104 1279 1142 comitis
1346 1103 1486 1141 Glouc’
1556 1104 1676 1142 fuerit
1737 1104 1778 1141 in
1835 1116 1959 1142 manu
2010 1104 2125 1153 regis,
2184 1106 2222 1142 et

520 1167 746 1204 manerium
786 1166 1011 1215 predictum
1050 1166 1097 1203 de
1145 1165 1435 1204 Hatherinton⁷
1478 1166 1598 1205 fuerit
1638 1167 1679 1203 in
1719 1178 1843 1204 manu
1882 1165 2050 1215 predicti
2088 1166 2223 1204 fratris

521 1228 695 1267 Roberti.
769 1228 884 1266 Teste
924 1240 1012 1273 ref-re
1051 1227 1157 1276 apud
1196 1228 1438 1274 Kenenton’,
1477 1241 1513 1265 v.
1555 1228 1618 1266 die
1658 1227 1879 1266 Februarii.

633 1334 706 1369 l'ro
752 1333 934 1369 Willelmo
977 1331 1289 1369 ‹sartum—Rex
1338 1330 1563 1369 vicecomiti
1613 1330 1798 1375 Eboraci,
1849 1331 2035 1370 salutem.
2112 1331 2224 1370 Scias

519 1395 623 1444 quod
672 1395 733 1432 W.
783 1406 916 1432 comes
966 1394 1154 1432 Warenn’
1206 1394 1246 1431 in
1298 1394 1408 1432 curia
1460 1396 1598 1432 nostra
1646 1406 1780 1432 coram
1830 1394 1944 1433 nobis
1991 1394 2224 1444 manucepit

520 1457 624 1506 quod
645 1456 808 1495 habebit
828 1469 963 1495 coram
989 1456 1223 1507 justiciariis
1246 1457 1394 1494 nostris
1425 1456 1473 1494 ad
1503 1456 1677 1505 primam
1708 1455 1877 1494 assisam
1907 1469 1999 1496 cum
2029 1457 2070 1494 in
2092 1459 2224 1507 partes

522 1519 611 1557 illas
659 1519 843 1557 venerint
888 1518 1141 1557 Willelmum
1195 1518 1241 1556 (16
1295 1521 1469 1564 (3111711111,
1521 1518 1695 1557 militem
1749 1531 1879 1564 suum,
1934 1518 1985 1557 ad
2034 1519 2222 1557 standum

523 1585 631 1620 recto
671 1581 717 1619 (16
752 1582 827 1620 1100
862 1581 967 1631 quod
1002 1581 1204 1620 Henricus
1241 1580 1288 1618 (10
1322 1580 1560 1619 Barkeston’
1597 1594 1734 1619 versus
1766 1593 1857 1618 eum
1892 1580 2001 1630 loqui
2039 1581 2223 1620 voluerit.

520 1645 573 1682 Et
612 1643 699 1682 ideo
740 1642 813 1681 tibi
854 1643 1098 1692 precipimus
1137 1643 1242 1692 quod
1282 1642 1415 1691 ipsum
1457 1642 1709 1680 Willelinum
1749 1654 1874 1692 usque
1918 1643 1967 1681 ad
2006 1643 2223 1681 adventum

519 1706 788 1754 predictorum
827 1704 1146 1755 justiciariorum
1195 1707 1427 1743 nostrorum
1476 1704 1567 1742 inde
1616 1716 1753 1754 pacem
1804 1703 1950 1743 habere
1999 1704 2223 1754 permittas.

522 1767 637 1806 Teste
675 1780 765 1817 rege
805 1770 849 1805 111
888 1780 1023 1816 supra.

636 1880 708 1915 Fra
780 1880 990 1922 forestariis
1060 1880 1153 1926 refut<
1220 1881 1262 1914 de
1329 1877 1748 1919 sinum—Mandatum
1814 1880 1875 1916 est
1941 1877 2114 1917 Ricardo
2178 1879 2225 1918 de

523 1940 775 1979 Munficheth
824 1940 930 1989 quod
978 1939 1170 1978 omnibus
1219 1940 1439 1978 forestariis
1487 1940 1591 1989 regis
1638 1939 1686 1977 de
1734 1939 1849 1978 feodo
1889 1939 1930 1977 in
1971 1939 2093 1978 hallia
2138 1953 2223 1988 sua,

522 2003 589 2052 qui
647 2003 693 2040 (10
751 2001 884 2040 balliis
943 2002 1025 2040 suis
1083 2002 1272 2040 ‹lisseisiti
1330 2004 1425 2040 sunt
1482 2015 1550 2051 per
1607 2002 1790 2040 custodes
1847 2001 2121 2040 maneriorum
2187 2006 2226 2042 et

522 2064 816 2103 dominicorum
846 2063 949 2113 regis
980 2065 1097 2102 talem
1130 2064 1319 2102 seisinam
1351 2064 1397 2101 (16
1428 2063 1617 2113 predictis
1647 2063 1780 2102 balliis
1810 2063 1893 2102 suis
1923 2062 2069 2102 habere
2100 2064 2225 2104 faciat

519 2126 678 2176 qualem
710 2125 938 2164 habuerunt
970 2128 1186 2176 antequam
1218 2139 1286 2175 per
1324 2127 1524 2175 predictos
1564 2126 1748 2165 custodes
1787 2125 2083 2165 dominicorum
2123 2127 2224 2178 regis

521 2189 612 2226 inde
648 2188 836 2227 disseisiti
877 2188 1041 2234 fuerint,
1084 2189 1208 2226 donec
1248 2189 1357 2226 aliud
1388 2189 1479 2227 inde
1510 2201 1576 2227 rex
1606 2188 1838 2238 preceperit.
1910 2188 2027 2228 Teste
2061 2201 2150 2239 rege
2180 2193 2224 2229 ut

522 2263 657 2301 supra.

630 2338 784 2376 Eodem
837 2338 955 2376 modo
1008 2338 1250 2376 mandatum
1305 2341 1364 2376 est
1417 2337 1592 2377 Roberto
1643 2338 1690 2376 de
1744 2339 1824 2376 Ros
1877 2350 1947 2387 pro
2004 2338 2225 2378 forestariis

522 2400 626 2450 regis
664 2400 711 2438 de
750 2400 866 2439 feodo
906 2401 947 2438 in
988 2399 1109 2438 ballia
1148 2413 1231 2438 sua.
1311 2400 1429 2439 Teste
1469 2413 1559 2450 rege
1599 2403 1643 2438 ut
1682 2412 1815 2449 supra.

637 2505 709 2540 Ρνι»
743 2505 807 2541 Al.
848 2505 1032 2541 conam-sa
1077 2503 1525 2542 Peniffl.—Mandatum
1565 2507 1625 2541 est
1665 2502 1849 2541 Galfrido
1889 2504 2086 2555 Esturmy
2118 2505 2224 2554 quod

522 2565 666 2604 habere
705 2566 826 2604 faciat
865 2566 911 2603 A.
952 2566 1156 2604 comitisse
1196 2565 1356 2612 Penbr',
1398 2580 1433 2604 v.
1475 2566 1614 2604 clamos
1656 2568 1695 2603 et
1734 2579 1770 2603 x.
1810 2566 1951 2604 damas
1994 2567 2035 2604 in
2075 2567 2225 2605 foresta

521 2628 624 2676 regis
662 2628 707 2666 de
748 2628 960 2672 Savernac,
1001 2628 1047 2665 de
1086 2628 1191 2666 dono
1230 2628 1351 2676 regis,
1401 2628 1450 2666 ad
1498 2640 1662 2676 parcum
1711 2640 1829 2665 suum
1878 2628 1925 2666 de
1968 2628 2224 2678 Begewurth'

521 2690 846 2727 instaurandum.
931 2689 1047 2727 Teste
1095 2701 1185 2738 rege
1238 2690 1343 2739 apud
1399 2690 1584 2736 Kenent',
1636 2689 1690 2738 vj.
1739 2689 1802 2727 die
1850 2689 2072 2728 Februarii.
2149 2691 2225 2729 Per

522 2751 738 2801 Hugonem
777 2752 824 2789 de
865 2750 1018 2789 Vivon'.

632 2872 712 2907 Pro
752 2871 912 2908 Xicolao
949 2873 989 2906 de
1030 2870 1503 2919 Δἳιχνίυῃα.-11Ιὶ111(16111111
1539 2873 1598 2909 651
1631 2869 1790 2908 ballivis
1823 2869 1942 2909 Suht’
1977 2871 2096 2921 quod,
2132 2872 2226 2922 quia

523 2945 590 2971 rex
637 2932 819 2971 didicerit
865 2932 969 2981 quod
1018 2932 1225 2970 ‚lohannes
1274 2932 1529 2982 Blancbuilly
1569 2932 1700 2970 tenuit
1738 2932 1942 2981 quandam
1982 2932 2148 2972 domum
2187 2938 2226 2973 et

523 2994 733 3033 dimidiam
782 2994 918 3031 hidam
967 2996 1068 3032 terre
1114 3007 1206 3032 cum
1246 2994 1502 3043 pertinentiis
1540 2994 1581 3032 in
1624 2994 1838 3043 Suhampt'
1876 2994 1923 3032 de
1966 2994 2132 3034 Nicolao
2179 2997 2226 3035 de

527 3057 667 3108 Syrlea
713 3069 781 3105 per
829 3056 1040 3094 servicium
1089 3057 1142 3096 xl.
1191 3057 1423 3103 solidorum,
1471 3069 1570 3107 quos
1618 3056 1723 3094 idem
1772 3055 1960 3094 Nicolaus
2008 3057 2105 3096 dicit
2151 3057 2226 3097 sibi

524 3121 672 3169 injuste
720 3118 905 3163 detineri,
954 3131 998 3156 eo
1044 3119 1149 3168 quod
1196 3119 1339 3157 domus
1386 3123 1425 3157 61
1478 3123 1583 3157 terra
1639 3118 1815 3168 predicta
1872 3121 1966 3157 sunt
2013 3119 2054 3157 in
2101 3132 2226 3158 manu

523 3181 626 3231 regis
664 3192 735 3230 pro
772 3179 917 3218 debitis
956 3192 1030 3229 que
1069 3180 1174 3218 idem
1214 3180 1421 3219 -Johannes
1459 3180 1574 3219 debet
1607 3179 1895 3218 mercatoribus
1929 3181 2225 3228 transmarinis,

521 3243 626 3295 quod
672 3242 871 3280 redditum
920 3241 1157 3290 predictum,
1202 3242 1330 3280 eidem
1370 3243 1535 3282 Nicolao
1573 3241 1753 3280 debitum
1808 3241 1855 3279 de
1892 3242 2011 3280 domo
2049 3247 2086 3281 et
2123 3246 2227 3282 terra

520 3305 699 3356 predicta
737 3306 951 3353 postquam
989 3303 1210 3342 extiterunt
1257 3304 1299 3341 in
1343 3317 1467 3343 manu
1506 3304 1622 3353 regis,
1664 3303 1698 3340 ei
1746 3303 1831 3341 sine
1877 3303 2070 3344 dilatione
2117 3305 2227 3344 reddi

523 3368 686 3406 saciant.
764 3365 880 3403 Teste
919 3377 1008 3413 rege
1048 3368 1091 3403 ut
1131 3378 1263 3414 supra.
