2375 3587
257 185 338 225 526

315 316 459 365 1237.

307 383 366 424 [ni.
380 384 473 423 l5d.]

1185 189 1370 233 CLOSE
1415 191 1619 234 ROLLS.

663 384 863 424 Robertus
901 387 948 425 de
986 387 1138 438 Penrys
1176 391 1214 425 et
1253 390 1398 436 Agnes,
1439 402 1538 426 uxor
1576 389 1675 438 ejus,
1713 390 2022 426 attornaverunt
2053 390 2253 437 Rogerum

555 447 602 484 de
641 447 785 498 Renny
822 447 862 485 in
902 449 1060 498 loquela
1097 463 1173 499 que
1207 453 1266 488 est
1294 450 1336 486 in
1367 451 1562 488 comitatu
1593 450 1772 488 Devonie
1800 453 1941 488 contra
1970 449 2253 488 Archembald'

555 509 591 547 le
630 509 825 558 Flemeng
863 510 910 548 de
948 511 1129 549 manerio
1167 512 1213 548 de
1255 511 1515 561 Chymewell'
1553 525 1645 549 cum
1684 511 1953 560 pertinentiis.

664 613 872 652 Gilbertus
902 615 1176 660 Marescallus‚
1219 628 1351 653 comes
1391 615 1551 661 Penbr'‚
1593 615 1816 653 attornavit
1856 615 2073 653 Ricardum
2104 614 2252 654 Waler-

554 676 647 713 and'
687 675 728 712 in
768 676 926 725 loquela
973 690 1048 726 que
1084 682 1144 714 est
1182 677 1222 714 in
1264 677 1375 715 curia
1413 676 1581 715 Dublin’
1622 678 1727 715 inter
1770 678 1904 727 ipsum
1943 681 1982 715 et
2020 677 2253 727 episcopum

556 737 829 776 Osseriensem
888 738 935 775 de
987 741 1118 776 castro
1170 742 1208 777 et
1260 739 1440 777 manerio
1490 740 1538 777 (19
1588 739 1786 778 Dervach'
1841 752 1932 777 cum
1983 739 2252 789 pertinentiis.

556 800 673 838 Teste
712 813 801 848 rege
836 800 941 848 apud
982 800 1168 847 Merton',
1210 801 1264 851 xj.
1306 801 1369 839 die
1409 802 1572 851 Aprilis.

661 904 757 942 Dies
798 904 916 942 datus
953 908 1013 943 est
1054 918 1271 943 commune
1304 906 1352 944 (19
1388 906 1637 955 Aldingebir'
1668 910 1707 945 et
1744 907 1950 956 Stephano
1979 906 2026 944 de
2068 906 2253 956 Segrave,

553 966 600 1004 (19
638 966 796 1015 loquela
833 979 909 1016 que
947 970 1007 1005 est
1046 967 1152 1005 inter
1189 981 1255 1006 eos
1289 981 1424 1006 coram
1463 969 1629 1008 domino
1668 982 1757 1018 rege
1801 969 1848 1007 (19
1895 968 2254 1007 consuetudinibus

554 1032 592 1066 et
631 1028 819 1074 serviciis,
861 1042 883 1066 a
922 1029 984 1067 die
1024 1030 1176 1068 Pasche
1216 1030 1256 1068 in
1298 1044 1360 1070 xv.
1399 1031 1481 1069 dies
1519 1044 1653 1069 coram
1693 1031 1831 1070 eodem
1870 1044 1972 1080 rege.

662 1132 863 1171 Robertus
903 1134 1011 1171 filins
1052 1134 1245 1172 willelmi
1285 1136 1509 1173 attornavit
1551 1137 1821 1185 [I'ifiozvz'slwd]

662 1238 890 1276 Willehnus
947 1239 994 1276 (19
1052 1240 1224 1277 Canvill'
1284 1241 1507 1278 attornavit
1565 1240 1797 1278 Galfridum
1863 1241 1910 1278 de
1976 1240 2147 1279 Canvill'
2215 1243 2255 1279 et

553 1300 805 1339 Willelmum
854 1301 1024 1339 Russell’
1072 1301 1113 1338 in
1167 1302 1293 1339 assisa
1346 1303 1489 1340 mortis
1542 1303 1807 1341 antecessoris
1858 1316 1981 1353 quam
2034 1303 2255 1341 Mauricius

551 1363 660 1401 filius
699 1362 861 1400 Geroldi
900 1363 1136 1401 arramiavit
1174 1377 1312 1401 versus
1352 1365 1579 1413 predictum
1621 1365 1873 1403 Willelmum
1923 1365 1963 1402 in
2003 1367 2113 1403 curia
2151 1365 2255 1414 regis

549 1426 596 1463 de
635 1428 867 1463 tenemento
906 1425 946 1462 in
988 1426 1115 1475 Toysz
1155 1427 1201 1463 (19
1242 1427 1490 1475 Honningel'
1520 1431 1558 1464 et
1590 1428 1629 1464 in
1660 1427 1866 1465 Clonimor
1900 1428 1920 1450 ³³
1937 1430 1991 1477 [et
2028 1428 2070 1465 in
2099 1428 2257 1478 loquela

549 1502 624 1539 que
673 1492 733 1526 est
787 1488 826 1525 in
878 1489 1016 1525 eadem
1068 1490 1179 1526 curia
1231 1489 1334 1527 inter
1388 1489 1611 1528 Robertuni
1672 1492 1779 1527 Brun
1837 1493 1875 1528 et
1932 1503 2096 1539 uxorem
2154 1491 2253 1541 ejus,

549 1554 775 1602 querentes,
825 1554 864 1588 et
922 1551 1054 1599 ipsum
1106 1552 1370 1597 willelmum,
1421 1553 1723 1594 (leforciantem,
1774 1553 1820 1590 (19
1876 1552 2106 1591 rationabili
2163 1553 2255 1591 dote

551 1614 677 1662 ipsius
726 1613 861 1650 uxoris
913 1613 951 1649 in
1007 1614 1341 1663 lx'ylliiiielzrgli’];
1405 1625 1442 1652 et
1495 1616 1535 1652 in
1588 1615 1745 1665 loquela
1794 1628 1869 1665 que
1923 1618 1982 1653 est
2032 1615 2073 1653 in
2114 1615 2251 1653 eadem

550 1676 660 1714 curia
702 1676 804 1713 inter
841 1675 1065 1713 Walteruni
1108 1676 1246 1714 Bac-un
1287 1682 1326 1714 et
1366 1677 1572 1722 Feliciam,
1614 1691 1779 1715 uxorem
1810 1678 1911 1727 ejus,
1951 1681 2177 1727 querentes,
2217 1681 2256 1716 et

551 1739 683 1787 ipsum
728 1738 993 1783 willelmum,
1044 1739 1349 1778 deforciantmn.
1389 1740 1435 1776 (19
1484 1740 1659 1777 maneris
1707 1740 1754 1778 (19
1802 1739 2168 1778 Kanterdunestok’
2216 1743 2255 1778 et

551 1801 597 1838 (19
638 1801 831 1838 Ρ9(19111οι·
878 1813 969 1838 cum
1020 1801 1293 1849 pertiuentiis.
1371 1801 1487 1839 Teste
1538 1815 1627 1851 rege
1675 1803 1780 1851 apud
1831 1802 2252 1849 Westmonasterium,

553 1878 616 1901 xv.
657 1863 720 1901 die
760 1862 922 1911 Aprilis.

661 1958 970 1996 Memorznulum
1029 1959 1131 2008 quod
1189 1959 1315 1996 Adam
1389 1960 1575 1997 h'ollaind'
1647 1961 1757 1998 venit
1828 1974 1963 1999 coram
2032 1974 2122 2010 rege
2192 1962 2255 2000 die

554 2021 736 2059 Mercurii
780 2021 963 2069 proximo
1002 2028 1090 2070 post
1127 2021 1383 2059 Dominicam
1421 2023 1460 2059 in
1497 2023 1638 2061 Hamis
1672 2023 1904 2061 Palmarum
1941 2024 2047 2073 apud
2082 2025 2255 2062 Mertun’

551 2088 589 2122 et
638 2084 753 2132 petiit
803 2087 949 2120 terram
1000 2097 1112 2120 suum
1163 2085 1266 2133 apud
1326 2085 1439 2122 Hull'
1490 2085 1563 2122 sibi
1613 2086 1825 2135 replegiari
1880 2099 2001 2135 quam
2059 2086 2255 2125 Ricardus

551 2146 752 2184 Rollaund
803 2146 902 2194 petit
949 2159 1085 2183 versus
1134 2146 1359 2194 predictum
1409 2147 1538 2184 Adam
1589 2147 1628 2185 in
1687 2148 1797 2186 curia
1854 2148 1957 2197 regis
2014 2161 2082 2197 per
2138 2147 2254 2187 breve

550 2209 652 2257 regis
698 2211 737 2246 et
785 2220 859 2256 que
908 2212 1025 2256 capta
1073 2212 1131 2245 est
1181 2208 1220 2245 in
1271 2222 1437 2246 manuni
1486 2209 1589 2259 regis
1630 2223 1698 2259 per
1741 2211 1932 2249 ‹lefaltaln
1978 2211 2103 2260 ipsius
2156 2211 2251 2249 Ade.

551 2271 605 2308 Et
644 2275 704 2308 est
742 2270 900 2319 loquela
940 2270 1008 2307 illa
1047 2284 1179 2308 coram
1220 2271 1384 2309 domino
1424 2285 1524 2319 rege.

658 2365 903 2413 Reginaldus
942 2365 1050 2402 filius
1096 2365 1288 2403 willelmi
1338 2367 1559 2404 attornavit
1609 2367 1826 2405 Ricardum
1875 2367 2007 2405 filium
2055 2368 2165 2406 Mace
2212 2369 2254 2406 in

549 2428 706 2477 loquela
742 2441 818 2477 que
857 2431 917 2465 est
956 2428 995 2465 in
1037 2429 1233 2466 comitatu
1272 2429 1515 2478 Norhampt'
1564 2429 1670 2467 inter
1717 2430 1849 2479 ipsum
1899 2430 2170 2480 Reginaldum
2217 2435 2256 2470 et

549 2490 785 2540 Philippum
834 2490 963 2527 filium
1013 2490 1176 2528 Roberti
1225 2492 1272 2528 de
1322 2491 1469 2529 sexties
1518 2505 1581 2529 xx.
1630 2493 1731 2531 acris
1782 2496 1882 2530 terre
1930 2493 1971 2531 in
2025 2493 2252 2544 Wytefeld'.

550 2553 667 2591 Teste
707 2566 796 2601 rege
835 2553 939 2601 apud
980 2552 1401 2599 westmonasterium,
1452 2568 1515 2592 xx.
1556 2555 1617 2592 die
1657 2555 1821 2604 Aprilis.

656 2647 788 2686 Abbas
848 2649 895 2685 de
954 2648 1098 2698 Major-i
1158 2649 1407 2687 Monasterio
1464 2651 1686 2688 attornavit
1735 2650 1978 2698 Gilbertum,
2038 2664 2253 2690 monacum

549 2723 680 2755 suum,
733 2710 775 2747 in
827 2710 985 2760 loquela
1033 2724 1108 2760 que
1166 2715 1226 2749 est
1283 2712 1323 2748 in
1383 2713 1581 2750 comitatu
1639 2712 1818 2751 Devonie
1870 2714 1975 2752 inter
2030 2714 2164 2763 ipsum
2216 2717 2256 2752 et

550 2772 771 2810 Robertum
814 2772 966 2811 Burnel
1015 2773 1062 2811 de
1112 2778 1217 2811 terra
1265 2774 1305 2811 in
1346 2774 1583 2813 Westecote.
1669 2775 1787 2813 Teste
1835 2788 1924 2825 rege
1971 2777 2078 2826 apud
2127 2776 2254 2815 West-

548 2834 854 2879 monasterium,
896 2848 958 2871 xx.
1009 2835 1072 2872 die
1112 2836 1272 2884 Aprilis,

656 2929 864 2967 Amandus
911 2930 957 2967 (19
1009 2931 1232 2968 Wudehall’
1282 2932 1502 2970 attornavit
1551 2932 1697 2982 Elyam
1744 2934 1791 2971 de
1839 2933 2162 2983 Wadingwurth’
2211 2935 2252 2972 in

547 2991 705 3040 loquela
743 3005 819 3041 que
857 2996 916 3029 est
955 2992 996 3029 in
1036 2994 1231 3031 comitatu
1272 2993 1384 3032 Linc’
1416 2994 1683 3043 interipsum
1724 2999 1763 3033 et
1804 2996 2035 3034 Johannem
2065 2997 2250 3036 Luveles’

546 3054 594 3091 (19
633 3054 776 3091 averiis
815 3054 942 3102 ipsius
970 3056 1145 3093 Amandi
1181 3057 1308 3105 captis
1352 3060 1390 3095 et
1429 3057 1582 3107 injuste
1621 3058 1807 3096 detentis.
1864 3061 1980 3097 Teste
2018 3072 2108 3109 rege
2146 3060 2251 3110 apud

551 3117 706 3162 Ix'enet',
747 3116 843 3166 xxij.
885 3117 947 3154 (lie
986 3117 1146 3165 Aprilis.

655 3211 897 3249 Mandatum
947 3215 1006 3250 est
1057 3213 1230 3262 principi
1282 3214 1329 3252 de
1382 3214 1609 3252 Abberfrau
1657 3216 1777 3265 quod,
1829 3216 1987 3266 quando
2034 3216 2163 3255 mittit
2201 3218 2251 3255 ad

548 3287 681 3323 regem
734 3273 931 3312 Davidem
976 3274 1106 3312 filium
1156 3289 1288 3321 suum,
1330 3277 1469 3314 mittat
1521 3290 1613 3315 cum
1662 3290 1707 3316 eo
1746 3278 1957 3316 dominum
2005 3279 2052 3316 de
2102 3279 2251 3318 Sancto

810 3372 824 3386 *
845 3370 915 3402 The
949 3371 1057 3402 words
1089 3372 1125 3402 in
1155 3372 1307 3403 brackets
1336 3374 1419 3405 have
1451 3376 1533 3405 been
1562 3374 1733 3406 canoelled
1765 3375 1798 3405 in
1828 3374 1886 3407 the
1916 3375 1986 3408 MS.
