2375 3587
222 166 301 205 114

277 286 425 333 1235.

285 352 413 393 [m.7.]

1148 166 1333 209 GLOSE
1377 165 1579 208 ROLLs.

626 363 704 399 Pro
732 365 858 411 priore
889 365 932 400 de
971 364 1307 401 BoultonK—Rex
1347 361 1537 400 Michaeli
1581 361 1628 398 de
1675 359 1816 398 Rihill'
1871 361 1909 397 et
1963 357 2080 396 sociis
2131 357 2215 395 Suis

515 424 780 463 assessoribus
806 425 1107 474 quadragesime
1131 438 1200 463 sue
1229 425 1270 462 in
1300 424 1490 462 comitatu
1519 421 1800 467 Norhumbrie,
1824 421 2008 465 salutem.
2069 419 2216 459 Sciatis

517 486 620 535 quod
671 487 941 525 concessimus
996 486 1183 525 omnibus
1238 486 1403 535 leprosis
1460 485 1506 522 de
1558 496 1681 533 regno
1736 485 1873 521 nostro
1928 482 2034 531 quod
2090 480 2216 519 nichil

518 547 697 597 capiatur
734 547 782 586 ab
813 548 868 586 eis
906 549 967 587 vel
1005 547 1238 586 hominibus
1272 547 1355 585 suis
1393 547 1442 584 ad
1481 558 1581 595 opus
1620 547 1806 583 nostrum
1844 544 2008 581 nomine
2046 543 2214 593 quadra-

517 610 680 658 gesime.
767 610 821 647 Et
878 610 964 648 ideo
1020 609 1130 648 vobis
1194 610 1433 647 mandamus
1495 607 1600 657 quod
1661 607 1816 644 nullam
1869 605 2216 655 quadragesimam

518 671 726 710 assideatis
763 685 881 720 super
918 672 1089 721 priorem
1128 672 1175 709 de
1214 671 1419 716 Boulton'‚
1460 669 1666 708 custodem
1713 668 1960 717 leprosorum
2007 665 2217 715 hospitalis

521 732 659 771 Sancti
715 733 867 770 Thome
933 732 1107 770 martiris
1172 733 1219 770 de
1286 731 1491 776 Boulton'‚
1557 729 1620 768 vel
1685 729 1869 767 homines
1936 727 2076 776 ipsius,
2144 739 2216 765 nec

519 793 669 842 aliquid
703 793 752 831 ab
781 794 835 831 cis
865 794 913 831 ad
943 806 1041 842 opus
1071 796 1254 831 nostrum
1296 791 1460 829 nomine
1500 790 1803 840 quadragesime
1844 788 2027 837 exigatis.
2102 789 2217 825 Teste

520 868 609 904 rege
640 856 744 905 apud
783 856 1200 901 Westmonasterium,
1233 868 1268 892 v.
1301 854 1362 892 dic
1393 853 1506 891 Julii.

629 944 706 980 Pru
746 944 865 980 Alina
903 945 1070 992 qzeejaz't
1103 956 1194 978 [mor
1222 942 1413 978 Jalaeanm‘s
1443 938 1819 976 Ma›·e.scall1f.—Rex
1849 937 1953 986 cepit
1983 936 2218 985 homagium

521 1004 649 1049 Aline,
684 1017 759 1053 que
798 1004 875 1042 fuit
909 1016 1007 1042 uxor
1045 1002 1245 1042 -Johannis
1286 1000 1524 1047 Mai-escam,
1564 1000 1611 1037 de
1647 999 1761 1037 terris
1791 1002 1830 1037 et
1860 998 2103 1037 tenementis
2144 1010 2219 1047 que

522 1066 570 1103 de
602 1078 691 1114 rege
730 1068 863 1104 tenere
901 1065 1015 1104 debet
1053 1065 1093 1102 in
1129 1064 1257 1114 capite
1296 1066 1333 1101 et
1370 1063 1500 1112 ipsam
1538 1062 1624 1112 jure
1671 1061 1915 1110 contingunt
1963 1059 2216 1098 hereditario.

522 1127 577 1165 Et
624 1127 861 1165 mandatum
895 1130 954 1165 est
993 1127 1163 1165 Ricardo
1197 1127 1244 1164 de
1276 1125 1314 1163 la
1353 1124 1451 1162 Lad'
1492 1127 1531 1162 et
1570 1123 1653 1161 Ade
1701 1123 1786 1161 filio
1830 1122 2038 1168 willelmi,
2092 1134 2218 1160 escae-

522 1189 673 1227 toribus
712 1189 828 1238 regis,
878 1190 983 1239 quod
1027 1190 1074 1227 de
1126 1188 1313 1227 omnibus
1355 1186 1469 1224 terris
1515 1189 1553 1225 et
1609 1185 1851 1223 tenementis
1900 1197 1975 1234 que
2020 1184 2221 1234 predictus

523 1252 740 1298 -Johannes,
769 1252 971 1300 quondam
1006 1251 1066 1289 vir
1096 1251 1222 1300 ipsius
1257 1249 1386 1294 Aline,
1428 1248 1558 1286 tenuit
1596 1248 1642 1285 de
1680 1247 1901 1285 hereditate
1939 1246 2064 1295 ipsius
2103 1245 2221 1283 Aline

523 1314 585 1351 die
623 1326 700 1363 quo
739 1313 850 1359 obiit,
892 1313 926 1351 ei
964 1313 1126 1362 plenam
1167 1312 1355 1350 seisinam
1400 1310 1545 1349 habere
1592 1310 1757 1349 faciant.
1836 1310 1954 1348 Teste
1992 1321 2080 1358 rege
2118 1308 2222 1357 apud

525 1375 941 1421 Westmonasterium,
977 1375 1030 1424 xmj
1071 1375 1132 1411 die
1172 1373 1285 1411 Julii.

630 1463 709 1498 Pro
749 1476 825 1509 resse
864 1464 905 1498 de.
940 1460 1440 1499 1·eratione—lisandatum
1480 1462 1539 1496 est
1595 1458 1774 1497 Johanni
1826 1457 1872 1495 de
1923 1457 2066 1495 Nevill‘
2120 1456 2224 1506 quod

524 1525 754 1563 ‚Johannom
790 1523 949 1561 Folluin
982 1526 1020 1561 et
1054 1523 1291 1572 Philippum
1326 1522 1372 1559 de
1413 1521 1649 1566 Caundevr’,
1684 1522 1893 1559 venatores
1927 1519 2043 1568 regis,
2077 1519 2224 1568 quens*

524 1600 591 1625 rex
630 1586 758 1624 mittit
797 1586 844 1623 ad
883 1599 974 1623 eum
1014 1598 1106 1624 cum
1161 1584 1329 1623 canibus
1378 1584 1460 1621 suis
1499 1583 1722 1621 cervericiis
1761 1583 1809 1620 ad
1857 1581 2095 1631 capiendum
2144 1583 2224 1619 tres

524 1662 658 1688 cervos
707 1648 748 1685 in
795 1648 952 1685 forestis
999 1648 1046 1685 de
1095 1647 1325 1685 Bernewod’
1380 1648 1418 1683 et
1466 1645 1513 1683 de
1561 1645 1749 1690 Stawod’,
1795 1645 1843 1682 ad
1895 1644 1969 1682 hoc
2019 1643 2222 1682 admittat.

527 1711 642 1749 Teste
681 1712 725 1747 ut
764 1723 895 1758 supra.

633 1807 689 1842 De
718 1807 906 1842 tradendis
942 1807 978 1841 ιή
1008 1803 1338 1850 ballium—Quia
1367 1816 1434 1841 rex
1464 1802 1614 1851 accepit
1645 1814 1713 1851 per
1742 1800 2046 1851 inquisitionem
2076 1799 2224 1838 factam

526 1880 594 1917 per
640 1869 871 1916 preceptum
911 1867 1025 1915 regis,
1073 1866 1177 1915 quod
1220 1865 1350 1903 Elena
1399 1866 1445 1903 de
1497 1865 1702 1902 Musherst
1751 1865 1789 1901 et
1834 1862 2063 1901 Willelmus
2102 1862 2226 1900 frater

526 1931 611 1980 ejus
649 1929 853 1978 appellant
892 1928 1109 1966 Ricardum
1145 1927 1344 1965 Mai-scall'
1386 1927 1433 1964 de
1472 1929 1600 1964 morte
1630 1925 1731 1976 Elye
1768 1924 1842 1962 filii
1878 1923 2098 1962 Clementis
2136 1923 2226 1961 odio

527 1993 565 2028 et
600 1990 681 2027 atia
719 1992 756 2027 et
791 2001 870 2026 non
910 2002 954 2026 eo
986 1989 1090 2037 quod
1129 1988 1219 2025 inde
1259 1987 1470 2036 culpabilis
1510 1986 1591 2031 sit;
1631 1985 1871 2023 mandatum
1910 1987 1970 2023 est
2003 1983 2228 2023 vicecomiti

529 2051 686 2090 Sussex’
721 2051 838 2100 quod,
880 2050 912 2088 si
951 2050 1152 2099 predictus
1184 2050 1379 2087 Ricardus
1413 2048 1611 2087 invenerit
1649 2048 1684 2085 ei
1723 2047 1792 2097 xij.
1832 2046 1974 2096 probos
2009 2048 2047 2084 et
2081 2046 2228 2095 legales

528 2114 712 2151 homines
751 2113 797 2150 de
832 2113 1026 2150 comitatu
1066 2125 1151 2156 suo,
1191 2111 1258 2161 qui
1298 2110 1589 2159 manucapiant
1630 2122 1721 2147 eum
1761 2108 1906 2146 habere
1944 2120 2078 2146 coram
2112 2108 2227 2158 justi-

527 2176 658 2214 ciariis
702 2176 805 2224 regis
857 2175 907 2212 ad
947 2174 1119 2223 primam
1174 2173 1343 2210 assisam
1391 2176 1465 2210 etc.
1515 2172 1563 2209 ad
1613 2171 1803 2209 standum
1838 2169 1930 2207 inde
1969 2172 2088 2216 recto,
2130 2172 2227 2208 tunc

527 2238 659 2287 ipsum
699 2237 915 2275 Ricardum
951 2235 1138 2284 predictis
1177 2235 1245 2285 xij.
1288 2234 1418 2272 tradat
1448 2234 1489 2271 in
1525 2233 1707 2278 ballium,
1749 2232 1852 2270 sicut
1890 2231 2115 2280 predictum
2154 2233 2226 2269 est.

529 2300 644 2338 Teste
682 2312 772 2348 rege
811 2298 916 2347 apud
957 2296 1378 2341 Westmonasterium,
1419 2296 1488 2345 vij.
1530 2295 1593 2332 dic
1641 2293 1756 2331 Julii.

641 2395 715 2430 Pro
778 2394 936 2441 Hagsaeme
985 2394 1026 2428 «Ic
1077 2392 1291 2437 eornm-{lag
1331 2392 1502 2437 janiam
1553 2388 1802 2438 regia—Rex
1853 2388 2103 2426 thesaurario
2142 2400 2227 2434 suo,

528 2456 712 2494 salutem.
779 2454 924 2493 Sciatis
962 2453 1066 2503 quod
1115 2453 1297 2491 dedimus
1344 2452 1488 2489 dilecto
1536 2450 1727 2489 servienti
1776 2452 1926 2495 nostro,
1967 2449 2134 2499 Hugoni
2181 2449 2229 2487 de

529 2517 757 2561 cornevill‘‚
815 2516 979 2566 janitori
1036 2518 1186 2560 nostro,
1243 2513 1469 2552 custodiam
1522 2513 1595 2550 filii
1648 2515 1686 2550 et
1734 2512 1890 2549 heredis
1939 2511 2139 2549 Johannis
2192 2512 2227 2550 le

529 2579 695 2616 Fundur
733 2582 771 2617 et
810 2578 928 2616 officii
963 2577 1068 2627 quod
1106 2577 1211 2614 idem
1239 2576 1448 2614 Johannes
1474 2574 1618 2612 habuit
1653 2574 1702 2612 ad
1739 2573 1993 2612 Scaccarium
2028 2576 2227 2620 nostrum,

528 2655 651 2690 usque
699 2641 747 2678 ad
794 2643 941 2678 etatem
989 2639 1155 2688 predicti
1202 2637 1373 2675 heredis.
1436 2637 1492 2674 Et
1540 2636 1627 2674 ideo
1674 2635 1787 2674 vobis
1835 2635 2077 2673 mandamus
2125 2636 2229 2685 quod

529 2704 575 2741 de
617 2703 804 2752 predictis
846 2702 987 2740 herede
1034 2704 1072 2739 et
1119 2700 1248 2739 officio
1296 2699 1371 2748 ipsi
1420 2698 1587 2748 Hugoni
1636 2697 1798 2747 plenam
1847 2697 2036 2735 seisinam
2084 2697 2229 2735 habere

528 2766 696 2811 faciatis,
738 2765 841 2803 sicut
880 2764 1105 2813 predictum
1146 2765 1219 2800 est.
1280 2762 1396 2799 Teste
1435 2764 1479 2798 ut
1520 2773 1654 2809 supra.

639 2863 716 2898 Pro
765 2862 925 2905 Simone,
973 2861 1167 2907 capellano
1212 2859 1357 2895 domini
1402 2856 1807 2905 reaia—Mandatum
1853 2857 1913 2893 est
1962 2854 2136 2893 Roberto
2182 2855 2230 2893 de

530 2923 817 2972 Everinghain’
876 2922 980 2971 quod
1036 2921 1180 2958 habere
1237 2919 1358 2958 faciat
1409 2918 1566 2958 Simoni
1618 2929 1783 2967 persone
1840 2917 1887 2954 de
1940 2916 2227 2963 Helmeswell',

530 2986 736 3034 capellano
773 2985 888 3033 regis,
928 2984 1063 3022 decem
1102 2994 1270 3032 quercus
1308 2984 1347 3019 et
1387 2981 1555 3029 triginta
1593 2979 1755 3029 copulas
1789 2979 1831 3016 in
1865 2979 2013 3017 foresta
2046 2978 2147 3027 regis
2183 2979 2230 3016 de

534 3047 740 3092 Sirewud⁷,
790 3059 888 3095 quas
937 3059 1005 3083 rex
1053 3045 1088 3083 ei
1138 3044 1246 3081 dedit
1296 3046 1474 3091 tempore
1527 3054 1605 3091 quo
1656 3041 1734 3078 fuit
1790 3040 2023 3089 capellanus
2077 3041 2130 3078 H.
2183 3040 2230 3078 de

532 3110 681 3158 BurgQ
720 3108 879 3146 comitis
918 3107 1082 3152 Kancie,
1124 3106 1203 3143 nisi
1242 3117 1307 3142 eas
1347 3104 1457 3153 prius
1495 3103 1680 3141 habuerit
1718 3115 1787 3151 per
1824 3101 1933 3139 aliud
1973 3101 2087 3140 breve
2128 3102 2231 3151 regis

531 3171 636 3220 quod
685 3169 777 3207 inde
825 3169 937 3206 misit
986 3169 1032 3205 B.
1087 3168 1133 3205 de
1183 3166 1335 3211 Insula,
1384 3168 1480 3203 tunc
1523 3164 1747 3215 justiciario
1785 3163 1931 3201 foreste
1973 3175 2054 3201 sue.
2114 3163 2230 3201 Teste

533 3244 622 3278 rege
659 3231 764 3279 apud
803 3229 1223 3273 XVestmonasterium,
1263 3227 1347 3276 viij.
1387 3226 1449 3263 die
1489 3226 1602 3263 Julii.

1264 3322 1345 3353 *Sic
1371 3322 1406 3351 in
1431 3321 1502 3354 MS.
