2375 3587
198 307 340 353 1236.

182 374 240 412 [111.
255 373 344 412 rm]

1077 191 1132 230 20
1173 189 1378 231 HENRY
1414 190 1497 232 III.
2052 196 2133 236 341

431 383 545 418 vocat
593 394 666 419 nos
713 382 761 420 ad
810 386 1034 422 warantum
1083 385 1129 422 de
1181 384 1336 424 duabus
1383 387 1579 424 carucatis
1633 390 1735 425 terre
1782 391 1820 426 et
1866 389 2133 437 quadraginta

431 442 612 480 solidatis
660 443 840 482 redditus
892 458 984 483 cum
1032 446 1286 495 pertinentiis
1340 447 1380 484 in
1428 447 1636 493 Fiteston’,
1686 462 1783 498 quas
1834 449 2038 487 Mai-silius
2085 451 2132 487 de

430 504 610 542 Trowell'
643 508 682 543 et
716 505 916 544 Beati-icia
950 520 1050 545 uxor
1082 507 1168 557 ejus
1205 508 1384 546 clamant
1421 522 1557 547 versus
1592 510 1814 558 predictum
1851 511 2130 549 Baldewinum

429 578 498 614 per
544 565 660 604 breve
706 571 889 606 nostrum
937 569 983 606 de
1031 573 1158 608 morte
1209 570 1486 615 antecessoris,
1535 571 1704 608 assisam
1752 572 1844 609 inde
1890 573 2130 610 aramiatam

428 627 610 676 capiatis.
695 629 901 668 Judicium
949 634 1086 668 autem
1138 632 1403 680 pronuntiare
1451 632 1645 670 differatis
1694 646 1819 682 usque
1858 634 1908 671 ad
1955 635 2130 684 aliquem

427 692 581 727 certum
635 691 740 728 diem
780 695 869 740 post
909 692 1076 738 Pascha,
1117 706 1224 730 anno
1263 694 1375 742 reg-ni
1416 693 1543 731 nostri
1584 708 1648 731 xx.
1689 694 1872 743 partibus
1911 697 2130 733 terminum

428 752 667 801 prefigentes
704 754 809 802 (1110(1
859 754 907 791 ad
956 754 1062 792 diem
1101 767 1220 803 quem
1260 755 1485 793 statueritis
1534 758 1624 804 post
1672 756 1828 794 Pascha
1868 757 1949 795 sint
1997 771 2129 795 coram

428 813 556 861 nobis,
607 819 651 853 ut
704 815 904 864 predictus
953 817 1212 855 Baldewinus
1261 820 1357 855 tunc
1406 817 1584 866 proferat
1634 831 1768 855 coram
1820 818 1935 856 nobis
1979 824 2131 857 cartam

428 880 621 921 nostram,
663 877 694 915 si
733 891 854 927 quam
894 878 1080 917 habuerit
1118 892 1141 916 a
1179 878 1307 925 nobis,
1338 880 1385 917 de
1425 884 1530 918 terra
1568 884 1607 917 et
1646 881 1803 918 redditu
1843 882 2033 929 predicte,
2071 883 2130 919 vel

427 939 537 976 aliud
576 939 667 977 inde
706 939 822 978 nobis
861 944 1086 979 warantum
1126 942 1326 979 ostendat.
1404 941 1522 980 Teste
1563 945 1607 980 ut
1647 956 1780 991 supra.

537 1028 746 1076 Nuliampt',
780 1030 822 1064 Aa
855 1029 976 1066 Jmlw
1009 1029 1497 1077 ,0151111100-1111111111111101
1532 1034 1592 1067 051
1627 1030 1853 1068 vicecomiti
1891 1030 2129 1080 Sudhampt⁷

426 1090 531 1138 quod
579 1091 788 1139 permittat
837 1091 986 1129 -Judeos
1026 1091 1233 1129 Wintonie
1282 1092 1448 1141 sepelire
1497 1091 1702 1130 Abraham
1752 1092 1907 1138 anh',
1956 1093 2130 1131 ‚Judeum

428 1152 544 1189 11111111
576 1153 643 1202 (1111
676 1166 804 1202 nuper
838 1157 991 1192 tractus
1025 1158 1064 1191 et
1098 1167 1319 1203 suspensus
1354 1154 1432 1192 fuit
1466 1154 1571 1204 apud
1604 1155 1856 1192 Wintoniain
1888 1155 1936 1192 (10
1969 1156 2132 1194 licentia

429 1214 545 1263 regis,
586 1216 641 1253 ita
689 1219 823 1253 tamen
872 1216 976 1265 quod
1024 1216 1120 1254 alibi
1168 1230 1250 1254 non
1299 1217 1514 1266 sepeliatur
1552 1230 1673 1266 quam
1722 1216 1863 1255 subtus
1912 1219 2044 1256 furcas
2091 1219 2131 1256 in

429 1277 574 1326 quibus
613 1291 831 1327 suspensus
871 1279 963 1316 fuit.
1042 1279 1161 1317 Teste
1201 1292 1291 1328 rege
1331 1279 1437 1328 apud
1476 1279 1617 1325 Assel’,
1660 1293 1696 1317 x.
1737 1280 1798 1317 die
1838 1279 2060 1318 Februarii.

537 1365 620 1403 Rex
650 1365 876 1404 vicecomiti
910 1366 1042 1412 Suht‘,
1064 1366 1250 1404 salutem.
1310 1367 1411 1414 Quia
1439 1366 1608 1405 dilectus
1638 1366 1811 1404 serviens
1841 1370 1977 1405 1105101·
2005 1368 2130 1405 Adam

432 1427 632 1466 Salsarius
670 1427 785 1465 nobis
823 1428 1000 1466 ostendit
1039 1428 1145 1477 quod
1193 1441 1275 1466 non
1314 1428 1463 1466 misisti
1504 1441 1596 1466 011111
1636 1428 1678 1466 10
1719 1428 1909 1466 seisinain
1948 1430 2131 1467 omnium

430 1502 566 1527 eorum
607 1503 681 1539 que
720 1490 924 1539 pertinent
962 1490 1011 1528 ad
1050 1490 1217 1528 domum
1257 1490 1384 1537 illam,
1420 1504 1495 1540 (1110
1535 1491 1613 1528 fuit
1652 1490 1782 1528 Abrae
1822 1491 1978 1536 Pineh’,
2016 1492 2133 1530 Judei

431 1551 649 1597 wintonie,
680 1565 808 1601 nuper
842 1552 959 1590 tracti
995 1556 1033 1590 et
1070 1552 1254 1601 suspensi
1290 1553 1396 1601 apud
1427 1552 1694 1598 Wintoniani,
1726 1556 1765 1590 et
1798 1566 1918 1601 quam
1950 1553 2134 1591 dedimus

430 1614 607 1663 predicto
646 1614 728 1652 Ade
776 1614 817 1652 in
854 1614 951 1652 villa
991 1614 1225 1659 Wintonie;
1286 1614 1359 1653 tibi
1408 1614 1652 1663 precipimus
1700 1614 1804 1663 quod
1851 1615 1898 1652 de
1945 1615 2132 1653 omnibus

430 1676 686 1725 pertinentiis
724 1676 905 1726 ejusdem
945 1676 1090 1714 domus
1130 1680 1213 1714 tani
1249 1677 1290 1714 in
1331 1675 1552 1714 redditibus
1591 1689 1712 1725 quam
1753 1676 1794 1714 in
1834 1677 1924 1714 aliis
1964 1677 2004 1714 in
2039 1678 2135 1715 villa

432 1739 651 1785 Wintonie,
692 1743 856 1789 excepta
895 1739 1014 1785 scola,
1054 1739 1100 1777 (10
1140 1752 1219 1789 qua
1257 1738 1466 1777 dubitatur
1505 1739 1648 1784 adhuc,
1684 1738 1813 1777 eidem
1853 1739 1935 1777 Ade
1974 1739 2135 1788 plenam

431 1802 620 1840 seisinam
651 1801 796 1840 habere
826 1802 962 1840 facias
1023 1802 1140 1840 Teste
1170 1815 1259 1851 rege
1289 1802 1395 1851 apud
1428 1801 1683 1847 Clarendon',
1707 1801 1807 1852 xiiij.
1830 1801 1892 1839 die
1914 1801 2133 1840 Februarii.

542 1889 1046 1928 Ilibernia.—Mandatum
1104 1892 1164 1927 est
1221 1888 1395 1927 Roberto
1451 1889 1498 1926 de
1555 1889 1716 1927 Lexint'
1770 1892 1808 1927 et
1866 1889 1982 1928 sociis
2039 1890 2134 1935 suis,

431 1952 665 2003 justiciariis
703 1951 990 1990 itinerantibus
1028 1952 1069 1989 in
1107 1951 1303 1990 comitatu
1336 1951 1464 1997 Wilt',
1502 1951 1688 1989 salutem.
1749 1951 1993 1989 Mandainus
2027 1951 2138 1990 vobis

431 2015 624 2066 quatinus
662 2014 837 2053 mittatis
875 2013 990 2053 nobis
1030 2014 1238 2052 recordum
1286 2016 1325 2051 et
1371 2014 1471 2052 scire
1521 2013 1637 2051 nobis
1683 2013 1843 2052 faciatis
1888 2015 2140 2052 occasionem

431 2091 552 2128 quare
599 2076 907 2115 amerciaverint
953 2089 1087 2115 coram
1136 2076 1191 2114 eis
1242 2075 1369 2126 (vobis
1407 2076 1548 2127 erased)
1594 2076 1636 2113 in
1680 2075 1823 2113 itinere
1872 2089 1944 2115 suo
1994 2079 2140 2126 (vestro

429 2141 569 2190 erased)
613 2139 821 2178 Simonem
859 2139 907 2177 de
946 2139 1085 2177 Monte
1124 2139 1251 2177 Forti.

540 2227 623 2264 Rex
679 2227 844 2264 domino
902 2226 1173 2274 XVigorniensi
1230 2226 1429 2275 episcopo,
1476 2226 1662 2263 salutem.
1747 2225 1811 2262 Ex
1867 2238 1945 2273 quo
2003 2226 2138 2263 minus

431 2290 647 2327 honestum
712 2288 822 2327 vobis
879 2287 1089 2326 videbatur
1145 2288 1402 2337 appropriare
1460 2288 1672 2325 monachis
1730 2287 1874 2325 vestris
1936 2288 2139 2336 wigornie

431 2352 640 2391 ecclesiam
678 2351 725 2388 de
765 2351 1030 2399 Bremegrave
1064 2349 1105 2386 in
1146 2350 1277 2387 forma
1328 2363 1449 2399 quain
1503 2349 1826 2395 intendebamus,
1870 2349 2054 2388 videlicet
2092 2354 2136 2388 ut

431 2418 643 2465 augeretur
689 2426 881 2451 numerus
928 2425 1079 2458 eorum,
1126 2412 1357 2451 discretioni
1405 2416 1533 2451 vestre
1582 2412 1891 2462 relinquerimus
1939 2413 2021 2463 (ει-’1)
2080 2416 2137 2459 ut,

432 2478 653 2517 secundum
710 2476 814 2526 quod
866 2475 1044 2513 videritis
1096 2475 1320 2521 honestius,
1370 2475 1409 2512 id
1462 2474 1546 2512 fieri
1596 2488 1710 2525 posse
1763 2478 1802 2513 et
1854 2475 1987 2513 anime
2036 2474 2137 2513 bone

432 2540 624 2580 memorie
651 2538 807 2578 domini
836 2539 873 2576 J,
897 2538 1012 2587 regis,
1035 2537 1160 2587 patris
1191 2537 1330 2583 nostri,
1360 2538 1423 2576 cui
1454 2551 1571 2587 super
1601 2538 1675 2576 hoc
1705 2537 1909 2576 subveniri
1938 2538 2136 2587 cupimus,

432 2604 560 2654 magis
588 2601 777 2651 expediri,
808 2601 854 2638 de
883 2601 1208 2649 appropriatione
1239 2600 1418 2650 predicta
1447 2600 1672 2650 disponatis
1702 2600 1923 2638 secundum
1956 2604 2136 2638 tenorem

431 2669 538 2705 carte
581 2668 743 2711 nostre;
782 2663 840 2701 ita
893 2666 1030 2701 tamen
1077 2662 1183 2713 quod
1226 2662 1373 2701 vicaria
1414 2663 1626 2701 mediocris
1666 2662 1718 2701 sit
1756 2666 1794 2701 01
1833 2662 1999 2700 modum
2039 2676 2135 2700 non-

433 2728 606 2772 excedat,
646 2730 685 2764 et
723 2725 828 2775 quod
867 2724 1136 2774 provisionem
1176 2729 1351 2762 vestram
1382 2724 1424 2762 in
1454 2724 1530 2763 hac
1560 2726 1673 2774 parte
1705 2737 1773 2773 per
1802 2723 1957 2762 litteras
1988 2728 2138 2762 vestras

433 2790 550 2829 nobis
588 2788 745 2839 plenius
792 2786 1019 2825 certificetis
1065 2790 1283 2837 antequam
1332 2787 1462 2836 ipsam
1510 2786 1779 2836 promulgetis
1824 2786 1887 2825 vel
1931 2787 2134 2824 statuatis.

434 2853 551 2891 Teste
588 2864 677 2900 rege
715 2850 820 2899 apud
861 2849 1055 2894 Wudest,’
1096 2849 1224 2899 xxiiij.
1264 2850 1327 2887 die
1366 2848 1586 2887 Februarii.

541 2929 746 2967 1111105001Ὗ
796 2940 894 2966 uxor
950 2927 1171 2966 Fretherici
1220 2928 1266 2965 (10
1314 2928 1543 2966 Dicheford'
1593 2927 1812 2966 attornavit
1860 2926 2136 2964 Frethericum

434 2992 566 3030 virum
605 3003 723 3029 suuni
762 2993 800 3027 et
845 2990 1063 3039 Hugonem
1102 2990 1206 3028 Pilet
1245 3003 1382 3028 versus
1433 2990 1560 3028 Adam
1613 2990 1779 3039 Sturniy
1831 2988 2132 3035 deforciantem‚

434 3055 481 3092 de
518 3051 877 3092 consuetudinibus
915 3055 953 3089 et
992 3052 1167 3090 serviciis
1199 3065 1274 3101 que
1308 3052 1525 3101 exiguntur
1554 3065 1576 3089 a
1606 3052 1784 3101 predicto
1815 3051 1900 3088 Ada
1930 3050 1977 3087 de
2012 3049 2135 3087 libero

433 3118 662 3155 tenemento
700 3127 772 3152 suo
809 3113 851 3150 in
890 3113 1162 3152 Brokeberwe-

542 3193 851 3233 Memorandum
908 3193 1012 3243 quod
1068 3194 1258 3231 dominus
1315 3207 1381 3232 rex
1438 3193 1636 3231 concessit
1698 3191 1884 3230 Galfrido
1941 3190 2137 3240 Esturmy

433 3257 538 3307 quod
595 3257 645 3294 ad
700 3254 834 3294 debita
889 3255 930 3292 in
988 3255 1133 3305 quibus
1190 3259 1351 3294 tenetur
1422 3256 1641 3293 Benedicto
1721 3253 1887 3302 Crespin
1945 3252 2134 3289 solvenda

433 3318 694 3358 rationabiles
732 3317 925 3355 terminos
964 3317 1110 3356 habere
1150 3318 1283 3356 faciat.
1352 3318 1469 3355 Teste
1507 3330 1596 3366 rege
1635 3316 1739 3365 apud
1779 3315 1977 3360 Wudest',
2014 3315 2135 3365 xxvij.

434 3382 496 3421 die
535 3380 755 3419 Februarii.
