2375 3587
174 343 319 389 1236.

166 410 225 450 [m.
251 408 321 449 21.]

172 1467 230 1508 [m.
255 1465 331 1506 20.]

1054 209 1108 249 20
1149 206 1232 247 HE
1240 206 1356 248 NRY
1397 206 1479 247 III.
2033 206 2115 246 223

522 423 598 459 Pro
643 423 773 470 priore
823 423 866 459 de
916 420 1280 459 Kirkeham.—Rex
1330 419 1556 458 vicecomiti
1608 418 1878 458 Norhumbrie
1930 418 2116 457 salutem.

414 483 525 524 Scias
570 484 676 533 quod
725 483 833 533 prior
881 483 929 521 de
975 481 1197 520 Kirkeham
1242 480 1439 520 concessit
1484 480 1600 518 nobis
1645 493 1716 530 pro
1764 493 1805 519 se
1854 483 1893 519 et
1941 479 2119 518 menbris

410 546 573 585 ecclesie
610 558 680 584 sue
717 545 864 595 viginti
909 557 1066 583 marcas
1115 544 1162 582 de
1212 543 1363 581 auxilio
1401 542 1506 592 quod
1543 542 1618 581 viri
1669 542 1844 592 religiosi
1889 541 2006 581 nobis
2051 555 2119 592 per

411 620 582 658 regnum
632 609 817 646 nostrum
866 608 1163 651 concesserunt,
1216 605 1322 643 unde
1371 604 1573 654 predictus
1625 604 1733 653 prior
1784 603 1901 643 nobis
1951 604 2120 643 reddidit

411 670 547 709 decem
596 681 766 715 marcas,
806 672 845 708 et
894 668 1072 707 residuas
1117 668 1255 707 decem
1297 679 1453 705 marcas
1490 665 1606 704 nobis
1650 666 1786 704 reddet
1832 668 1881 705 ad
1927 666 2118 705 Clausum

413 732 581 777 Pasche‚
616 744 725 770 anno
763 731 877 781 regni
911 730 1038 769 nostri
1072 744 1136 768 xx.
1224 730 1280 768 Et
1313 729 1402 767 ideo
1436 728 1509 767 tibi
1543 728 1788 778 precipimus
1821 730 1926 778 quod
1961 729 2119 766 nullum

413 793 627 833 menbrum
677 793 877 843 prioratus
926 792 1095 842 predicti
1144 792 1192 830 de
1238 790 1458 829 Kirkeham
1508 791 1550 828 in
1601 789 1749 829 balliva
1797 794 1867 829 tua
1915 790 2121 830 occasione

414 855 554 895 auxilii
601 855 730 894 nostri
777 854 998 903 distringas
1050 854 1100 892 ad
1153 853 1315 903 aliquod
1367 852 1564 891 auxilium
1618 851 1734 890 nobis
1786 852 2017 891 faciendum
2065 856 2123 891 set

414 918 640 969 predictum
687 917 860 967 priorem
908 919 947 955 et
995 916 1180 955 homines
1229 928 1322 954 suos
1370 915 1411 952 in
1451 914 1599 953 balliva
1637 918 1707 953 tua
1743 918 2010 954 manuteneas
2049 918 2122 953 etc.

416 984 461 1019 ut
508 980 551 1018 in
598 979 707 1019 brevi
755 979 803 1018 de
850 978 1112 1029 protectione.
1216 978 1334 1017 Teste
1380 990 1472 1027 rege
1519 977 1625 1027 apud
1673 976 1919 1027 Merleberg',
1969 977 2011 1028 ij.
2061 977 2123 1016 die

417 1042 616 1082 Januarii.

526 1132 582 1168 De
617 1131 898 1179 operationibus
941 1127 1575 1167 Westmonasterii.—Mandatum
1610 1129 1669 1166 est
1714 1126 1948 1166 custodibus
1988 1140 2121 1177 opera-

417 1193 577 1232 tionum
633 1192 737 1242 regis
781 1191 1130 1231 Westmonasterii
1177 1190 1282 1240 quod
1332 1189 1583 1239 operationes
1627 1202 1726 1239 quas
1773 1189 1968 1228 Ricardus
2017 1189 2124 1227 filius

419 1254 607 1305 Hugonis
645 1254 702 1293 eis
740 1254 928 1305 injunget
966 1266 1013 1292 ex
1061 1256 1173 1303 parte
1208 1253 1312 1302 regis
1350 1252 1568 1298 faciendas,
1608 1252 1802 1291 dilatione
1840 1254 1879 1290 et
1917 1252 2124 1290 occasione

419 1316 667 1367 postpositis,
715 1315 803 1354 fieri
852 1315 1018 1362 faciant,
1065 1315 1124 1354 ita
1172 1315 1278 1366 quod
1327 1327 1397 1364 pro
1445 1313 1603 1353 defectu
1651 1313 1713 1352 sui
1763 1326 1844 1352 non
1892 1317 2125 1352 remaneant

419 1380 581 1419 infecte.
668 1379 786 1418 Teste
825 1382 870 1418 ut
909 1391 1042 1428 supra.

528 1469 608 1505 Pro
659 1468 828 1505 Gilberto
879 1467 1025 1512 Bassa,
1059 1468 1101 1503 de
1150 1465 1490 1514 mnemia—Quia
1544 1477 1613 1503 rex
1659 1477 1728 1514 per
1773 1476 1944 1514 regnum
2006 1477 2124 1503 suum

419 1528 564 1578 Anglie
602 1528 699 1567 facit
737 1527 886 1567 10111011
924 1527 1128 1565 dominica
1167 1539 1252 1573 sua,
1289 1527 1530 1565 mandatum
1569 1528 1629 1564 est
1662 1525 1888 1565 vicecomiti
1915 1525 2124 1576 Bukingh'

417 1591 523 1641 quod
558 1591 680 1629 faciat
710 1589 856 1628 habere
887 1589 1067 1628 Gilberto
1098 1589 1241 1627 Basset
1271 1588 1512 1627 rationabile
1541 1588 1751 1637 tallagium
1782 1588 1829 1625 de
1858 1587 2125 1637 burgensibus

418 1654 461 1691 in
507 1653 688 1692 manerio
735 1653 782 1691 de
832 1651 1058 1702 Wycumb',
1108 1651 1214 1701 quod
1262 1650 1341 1689 fuit
1394 1651 1646 1690 dominicum
1709 1650 1827 1700 regis.
1905 1651 2022 1689 Teste
2083 1653 2128 1689 ut

420 1729 553 1766 supra.

528 1794 684 1833 Eodem
715 1794 834 1832 modo
869 1793 1110 1831 mandatum
1142 1795 1202 1830 est
1232 1791 1458 1831 vicecomiti
1489 1791 1602 1830 Wilt’
1633 1792 1738 1842 quod
1768 1791 1888 1831 faciat
1918 1791 1953 1830 01
1983 1792 2128 1831 habere

420 1855 660 1895 rationabile
698 1855 911 1906 tallagium
943 1855 990 1893 de
1022 1853 1290 1904 burgensibus
1324 1855 1370 1893 de
1401 1855 1593 1900 Wott0n'‚
1624 1866 1700 1904 que
1733 1856 1794 1893 est
1827 1854 1874 1893 de
1907 1854 2130 1894 hereditate

420 1918 548 1969 ipsius
588 1917 777 1957 Gilberti.
855 1918 972 1956 Teste
1010 1920 1055 1956 ut
1094 1930 1228 1967 supra.

531 2008 608 2044 Pro
642 2006 842 2044 Willelmo.
895 2006 971 2042 Per
1001 2003 1483 2053 EnglleyS.—Mandatum
1514 2007 1574 2042 est
1607 2002 1766 2042 ballivis
1804 2003 1851 2042 de
1883 2003 2125 2043 Wincheles'

421 2068 527 2119 quod
578 2080 737 2114 navem,
778 2080 854 2117 que
905 2069 1071 2105 vocatur
1124 2068 1184 2104 La
1233 2068 1410 2104 Procas-te
1459 2068 1501 2103 de
1554 2067 1736 2112 Βαίοηιῗα,
1777 2068 1977 2105 carcatam
2025 2066 2130 2106 vinis

422 2130 635 2170 Wasconie
683 2133 722 2169 et
774 2129 815 2167 in
869 2132 987 2178 portu
1039 2142 1111 2167 suo
1161 2132 1380 2167 arestatam
1430 2127 1665 2174 deliberent,
1705 2131 1866 2178 accepta
1915 2128 2131 2169 sufficienti

424 2193 636 2232 securitate
684 2205 706 2230 a
754 2191 959 2231 Willelmo
1008 2191 1083 2229 Per
1130 2191 1323 2241 Engleys,
1373 2192 1568 2240 magistro
1620 2190 1801 2240 ejusdem
1849 2190 1977 2238 navis,
2027 2192 2132 2241 quod

423 2255 518 2294 vina
556 2255 598 2293 in
637 2254 730 2293 navi
769 2254 947 2304 predicta
982 2256 1173 2293 contenta
1211 2254 1360 2292 directe
1398 2253 1516 2293 ducet
1555 2265 1680 2303 usque
1718 2253 1916 2292 London'.

534 2343 612 2380 Pro
666 2342 866 2387 WilleZmo,
920 2341 1160 2379 Karliolensi
1215 2339 1689 2388 episcopa—Mandatum
1746 2343 1806 2378 est
1855 2340 2036 2379 ‚Iohanni
2087 2341 2135 2380 de

426 2403 630 2443 Golemere
663 2403 769 2453 quod
807 2403 854 2441 de
888 2402 993 2441 vinis
1027 2402 1132 2451 regis
1170 2414 1245 2452 que
1285 2404 1379 2440 sunt
1418 2401 1459 2440 in
1498 2401 1680 2440 custodia
1719 2414 1790 2439 sua
1828 2401 1950 2441 faciat
1989 2401 2135 2442 habere

426 2465 644 2511 willelmo,
693 2464 935 2504 Karliolensi
982 2464 1181 2515 episcopo,
1231 2463 1408 2514 quinque
1458 2463 1566 2502 dolia
1616 2463 1714 2509 vini,
1766 2462 1813 2502 de
1861 2463 1966 2503 dono
2015 2464 2133 2515 regis.

426 2527 544 2566 Teste
581 2530 626 2565 ut
664 2539 797 2576 supra.

535 2616 615 2652 Pro
649 2615 849 2660 Willelmo,
890 2615 1104 2652 Exonienszss
1141 2613 1612 2662 episcopa—willemum
1645 2613 1693 2651 de
1732 2612 1926 2660 Albrinc'‚
1957 2614 2063 2652 filius
2097 2618 2137 2654 01

427 2678 541 2716 heres
572 2676 769 2716 Willelmi
807 2677 855 2715 de
890 2675 1084 2723 Albrinc’,
1115 2676 1184 2726 qui
1223 2676 1302 2714 fuit
1341 2676 1383 2714 in
1432 2676 1616 2715 custodia
1646 2675 1855 2723 Willelmi,
1891 2676 2137 2716 Exoniensis

429 2740 619 2789 episcopi,
668 2741 854 2778 mortuus
902 2741 976 2777 est.
1052 2739 1109 2777 Et
1155 2739 1396 2778 mandatum
1444 2741 1504 2777 est
1546 2739 1718 2777 Ricardo
1766 2739 1814 2776 de
1863 2738 1903 2777 la
1951 2739 2050 2777 Lad'
2098 2743 2137 2779 et

428 2802 513 2841 Ade
550 2802 635 2840 filio
674 2801 870 2839 Willelmi
908 2801 1028 2851 quod,
1068 2801 1277 2840 occasione
1329 2800 1472 2840 mortis
1522 2801 1668 2850 prefati
1720 2801 1891 2847 heredis,
1932 2802 1981 2839 ad
2020 2801 2137 2840 blada

429 2864 492 2903 vel
529 2863 677 2903 catalla
716 2876 792 2913 que
829 2863 1008 2912 prefatus
1047 2863 1257 2913 episcopus
1304 2862 1425 2901 habet
1473 2863 1515 2901 in
1560 2862 1752 2901 maneriis
1790 2863 2058 2902 existentibus
2096 2864 2137 2901 in

429 2926 613 2966 custodia
686 2938 759 2964 sua
832 2925 1040 2964 occasione
1114 2925 1283 2975 predicti
1347 2925 1504 2963 heredis
1562 2925 1603 2962 in
1656 2925 1915 2964 comitatibus
1972 2926 2136 2973 Kancie,

430 2988 641 3027 Bedeford’
681 2991 720 3026 et
759 2987 914 3026 Oxonie
947 2988 1104 3026 nullam
1142 3001 1312 3026 manum
1346 2990 1567 3037 apponant,
1605 3000 1677 3026 nec
1714 2987 1875 3038 aliquod
1914 2988 2136 3038 dampnum

431 3050 467 3089 ei
504 3050 596 3088 inde
633 3049 719 3088 fieri
758 3049 1013 3099 permittant.
1072 3050 1190 3089 Teste
1229 3052 1274 3088 ut
1313 3063 1447 3099 supra.

539 3131 593 3168 Et
643 3128 883 3167 mandatum
940 3132 1000 3168 est
1050 3129 1275 3168 vicecomiti
1331 3128 1481 3167 Kancie
1546 3129 1666 3178 quod,
1724 3129 1932 3168 occasione
1997 3129 2139 3168 mortis

431 3191 601 3242 predicti
648 3190 819 3237 heredis,
868 3191 918 3229 ad
956 3190 1075 3230 blada
1112 3192 1175 3230 vel
1213 3191 1361 3230 catalla
1393 3204 1469 3241 que
1514 3191 1619 3229 idem
1672 3191 1880 3240 episcopus
1928 3189 2049 3229 habet
2097 3191 2136 3229 in

432 3252 624 3292 maneriis
662 3252 928 3291 existentibus
966 3252 1009 3290 in
1051 3252 1197 3292 balliva
1235 3266 1308 3292 sua
1349 3253 1505 3292 ratione
1544 3252 1724 3292 custodie
1763 3251 1943 3302 predicti’
1983 3251 2139 3291 heredis

432 3317 474 3354 in
513 3315 710 3354 comitatu
749 3327 820 3353 suo
858 3314 1016 3354 nullam
1064 3328 1233 3354 manum
1281 3318 1459 3366 apponat
1505 3327 1578 3354 nec
1623 3313 1785 3365 aliquod
1832 3313 2056 3364 dampnum
2104 3314 2139 3353 ei

432 3377 526 3418 inde
563 3376 651 3417 fieri
688 3376 911 3427 permittat.
971 3377 1090 3416 Teste
1128 3379 1172 3417 ut
1210 3390 1345 3428 supra.
