2375 3587
180 332 324 380 1236.

169 399 227 438 [111.
249 398 337 439 ism]

1058 207 1113 247 20
1154 205 1361 248 HENRY
1402 206 1483 248 ΠΙ.
2039 207 2120 251 337

531 402 794 442 malim—R.
869 403 1177 441 Herefordensis
1252 404 1474 453 episcopus,
1552 404 1726 442 decanus
1798 402 2118 448 Herefordensis‚

416 462 618 502 Walterus
661 465 707 503 de
747 465 923 504 Clifford'
965 473 1003 504 et
1044 466 1245 504 Walterus
1293 466 1341 503 de
1392 466 1506 504 Bello
1560 466 1711 515 Campo
1760 466 1973 504 constituti
2025 468 2120 503 sunt

413 524 625 563 dictatores
670 527 1001 576 transgressionis
1048 528 1165 573 facte,
1216 530 1260 566 ut
1308 528 1468 573 dicitur,
1513 540 1535 565 a
1580 527 1628 565 G.
1671 527 1919 573 Marescallo,
1970 527 2115 566 comite

413 585 572 632 Penbr',
611 601 749 627 versus
787 589 974 628 Lewelin'
1013 593 1051 628 et
1098 590 1280 639 Morgan’
1321 590 1369 627 de
1409 590 1602 640 Karlyun,
1644 592 1683 627 et
1721 589 1866 628 debent
1903 589 2115 627 convenire

410 650 587 688 secunda
624 651 686 688 die
717 651 921 690 dominica
958 652 1260 702 quadragesime
1296 652 1399 690 inter
1439 652 1597 702 Hayam
1638 651 1854 690 Talliatam
1894 655 1932 691 et
1971 651 2118 690 Bohelt

411 711 492 750 sive
530 712 637 750 inter
673 716 851 752 castrum
889 714 936 752 de
976 714 1151 765 Carlyun
1191 718 1229 752 et
1269 714 1523 752 Montanam.

520 816 853 855 διηγῇ-1116111111
908 817 954 855 (16
1005 817 1239 855 Guldeford‘
1289 817 1510 855 attornavit
1567 817 1798 855 -Johannem
1857 818 1904 855 de
1945 817 2115 865 Gamag'

410 889 547 915 versus
586 878 806 917 Robertum
846 879 1028 917 Herman
1058 882 1278 925 tenentem,
1314 879 1360 917 de
1391 879 1604 917 medietate
1635 879 1755 917 unius
1785 879 1981 928 mesuagii
2021 891 2113 918 611111

411 940 670 988 pertinentiis
709 941 750 979 in
791 941 1043 980 Gruldeford'.

518 1046 946 1085 81133111.’-(1111)611115
984 1047 1031 1085 (16
1070 1047 1291 1085 Molendin'
1321 1050 1360 1085 et
1395 1046 1529 1096 Agnes
1559 1059 1659 1085 uxor
1688 1047 1774 1096 ejus
1804 1048 2113 1085 attornaverunt

411 1107 609 1145 Thomam
652 1108 780 1146 filium
826 1109 996 1147 Gilberti
1038 1122 1175 1147 versus
1217 1109 1469 1147 Willelmum
1513 1109 1560 1147 de
1605 1109 1766 1147 Howik'
1807 1111 2027 1153 tenentem,
2068 1108 2115 1146 (16

410 1169 538 1208 tribus
579 1171 743 1220 virgatis
782 1174 883 1210 terre
922 1185 1013 1210 cum
1053 1171 1308 1221 pertinentiis
1348 1172 1389 1209 in
1430 1171 1671 1220 Reggewik'„

518 1242 645 1281 Alicia
692 1243 739 1280 (16
786 1242 993 1281 Mikeham
1041 1243 1264 1281 attornavit
1314 1242 1533 1281 Ricardum
1573 1243 1619 1280 de
1664 1242 1938 1291 Clippesfaud'
1978 1253 2114 1279 versus

410 1304 662 1343 Willelmum
690 1305 737 1343 de
758 1304 903 1343 Hovvik
934 1307 1152 1352 tenentem,
1176 1305 1223 1343 de
1254 1305 1381 1344 tribus
1412 1305 1578 1354 virgatis
1610 1308 1711 1343 terre
1741 1317 1833 1343 cum
1858 1303 2113 1354 pertinentiis

410 1367 451 1404 in
491 1367 733 1417 Reggewik’.

524 1473 638 1509 Urere
675 1474 717 1509 de
753 1486 846 1510 nora
886 1474 1305 1510 amstitutimna—Rex
1344 1472 1584 1518 vicecomiti,
1626 1472 1811 1510 salutem.
1872 1471 2114 1509 Monstravit

408 1533 523 1572 nobis
562 1535 608 1572 A.
649 1535 766 1584 quod,
807 1547 900 1573 cum
948 1535 1032 1584 ipse
1078 1535 1118 1572 in
1167 1535 1277 1573 curia
1325 1538 1463 1572 nostra
1506 1547 1637 1572 coram
1679 1533 1916 1584 justiciariis
1965 1533 2114 1571 nostris

409 1596 515 1644 apud
554 1596 666 1633 Wilt'
707 1599 978 1645 recuperasset
1017 1596 1208 1634 seisinani
1249 1596 1295 1634 de
1338 1609 1419 1633 una
1458 1607 1548 1633 acra
1587 1597 1688 1633 terre
1727 1607 1819 1633 cum
1858 1595 2113 1643 pertinentiis

409 1658 449 1695 in
490 1658 560 1696 tali
599 1659 695 1696 villa
732 1671 869 1696 versus
909 1659 955 1696 B.
997 1671 1066 1708 per
1109 1659 1425 1707 recognitionem
1470 1671 1570 1696 nove
1613 1657 1823 1695 disseisine
1867 1657 1929 1695 vel
1973 1657 2114 1695 mortis

408 1721 669 1758 antecessoris
704 1720 796 1758 inde
830 1720 885 1758 ibi
924 1721 1029 1759 inter
1067 1734 1133 1759 eos
1171 1724 1344 1770 captam,
1381 1720 1486 1757 idem
1510 1720 1568 1757 B.
1605 1719 1777 1757 eundem
1812 1719 1858 1757 A.
1891 1719 1938 1757 de
1976 1720 2114 1757 eadem

408 1786 513 1821 terra
565 1787 703 1832 postea
754 1784 900 1821 iterum
953 1783 1102 1833 injuste
1155 1783 1387 1821 disseisivit.
1492 1782 1548 1820 Et
1605 1781 1693 1820 ideo
1745 1781 1818 1819 tibi
1869 1782 2114 1831 precipimus

407 1846 523 1895 quod,
590 1847 808 1895 assumptis
872 1850 1004 1884 tecum
1068 1845 1301 1884 custodibus
1366 1845 1608 1894 placitorum
1663 1847 1814 1882 ⁴corone
1878 1847 2013 1882 nostre
2077 1848 2114 1882 et

407 1908 616 1947 duodecim
674 1912 757 1946 tam
817 1908 1016 1946 militibus
1066 1921 1187 1958 quam
1246 1907 1335 1946 aliis
1387 1907 1535 1953 liberis,
1590 1906 1785 1955 legalibus
1837 1909 1875 1944 et
1931 1906 2114 1944 discretis

408 1970 656 2016 hominibus,
694 1974 776 2008 tam
817 1971 864 2008 de
902 1970 982 2008 illis
1021 1971 1089 2020 qui
1133 1970 1174 2007 in
1218 1970 1349 2019 prima
1387 1970 1520 2019 jurata
1558 1968 1711 2007 fuerint
1757 1981 1879 2018 quam
1928 1968 2029 2013 aliis,
2071 1968 2112 2005 in

407 2033 566 2083 propria
597 2046 766 2083 persona
797 2036 867 2071 tua
899 2033 1062 2072 accedas
1093 2033 1142 2070 ad
1171 2035 1318 2070 terram
1347 2032 1458 2070 illam
1488 2035 1527 2070 et
1553 2044 1622 2081 per
1648 2043 1785 2069 eorum
1814 2034 2112 2070 sacramentum

408 2097 643 2146 diligentem
676 2097 769 2135 inde
801 2097 923 2135 facias
955 2096 1275 2146 inquisitionem,
1306 2099 1344 2134 et
1376 2096 1409 2133 si
1444 2096 1576 2144 ipsum
1609 2095 1756 2132 iterum
1788 2107 1857 2144 per
1888 2094 2112 2143 predictum

408 2159 456 2198 B.
487 2159 636 2209 injuste
670 2159 917 2197 disseisitum
958 2158 1171 2204 inveneris,
1209 2161 1306 2196 tunc
1345 2158 1516 2196 eundem
1552 2157 1599 2194 B.
1633 2156 1765 2206 capias
1800 2164 1838 2194 et
1876 2156 1917 2194 in
1952 2157 2114 2205 prisona

408 2224 545 2259 nostra
597 2221 706 2259 salvo
763 2222 978 2267 custodias,
1033 2221 1157 2259 donec
1210 2220 1319 2258 aliud
1376 2221 1468 2257 inde
1525 2218 1597 2257 tibi
1654 2219 1962 2268 preceperimus.
2059 2219 2114 2256 Et

408 2283 585 2333 predicto
624 2284 815 2322 seisinam
854 2297 969 2321 suam
1008 2282 1193 2321 rehabere
1232 2282 1368 2321 facias.
1447 2282 1563 2320 Teste
1602 2284 1646 2319 ut
1685 2294 1818 2330 supra.

515 2389 620 2425 Nara
660 2387 1035 2425 cumulatim—Rex
1076 2386 1302 2425 vicecomiti
1346 2386 1463 2423 Norf’
1504 2388 1542 2423 et
1584 2385 1688 2423 Suff'
1729 2385 1914 2422 salutem.
2003 2383 2113 2422 Scias

406 2451 511 2500 quod
541 2451 602 2489 die
633 2450 820 2488 Mercurii
851 2449 891 2487 in
922 2450 1097 2488 crastino
1130 2449 1270 2488 Sancti
1298 2448 1501 2487 Vincentii
1532 2448 1573 2485 in
1604 2447 1712 2485 curia
1744 2450 1881 2485 nostra
1912 2449 1949 2484 et
1979 2459 2112 2484 coram

407 2512 521 2551 nobis
573 2516 611 2550 et
663 2525 795 2550 coram
845 2511 1062 2549 venerabili
1116 2515 1227 2560 patre
1275 2511 1324 2548 E.
1376 2509 1659 2549 Cantuariensi
1711 2509 2023 2558 archiepiscopo,
2074 2511 2113 2545 et

407 2576 650 2625 coepiscopis
685 2576 767 2613 suis
801 2578 839 2613 et
871 2587 1004 2613 coram
1034 2574 1177 2624 majori
1212 2578 1323 2623 parte
1352 2573 1548 2612 comitum
1580 2576 1619 2610 et
1654 2571 1849 2609 baronum
1881 2575 2112 2608 nostrorum

406 2642 549 2690 Anglie
583 2654 653 2691 pro
685 2640 889 2679 communi
925 2639 1102 2678 utilitate
1138 2639 1261 2677 totius
1301 2638 1413 2688 regni
1447 2637 1575 2676 nostri
1614 2637 1819 2686 provisum
1855 2636 1932 2674 fuit
1966 2639 2049 2673 tam
2090 2648 2112 2673 a

406 2704 596 2752 predictis
628 2703 939 2752 archiepiscopo,
974 2702 1182 2750 episcopis,
1217 2701 1431 2739 comitibus
1461 2703 1499 2738 61
1535 2698 1752 2737 baronibus
1786 2711 1907 2748 quam
1940 2711 1962 2736 a
1997 2697 2112 2735 nobis

406 2778 651 2811 concessum,
700 2766 806 2815 quod
861 2765 1041 2802 decetero
1090 2777 1226 2802 omnes
1276 2764 1392 2801 vidue
1442 2775 1518 2812 que
1570 2764 1660 2811 post
1712 2764 1883 2799 mortem
1933 2760 2111 2798 virorum

407 2841 570 2866 suorum
600 2828 853 2878 expellantur
880 2827 926 2864 de
954 2826 1114 2864 dotibus
1145 2826 1226 2864 suis
1254 2826 1314 2863 vel
1343 2826 1455 2863 dotes
1487 2837 1578 2862 suas
1609 2827 1647 2861 et
1676 2826 1967 2872 quarentenam
1996 2835 2110 2860 suam

406 2890 550 2929 habere
588 2904 669 2928 non
708 2893 871 2939 possent
911 2889 996 2927 sine
1035 2888 1197 2938 placito,
1239 2891 1277 2926 et
1327 2900 1402 2936 que
1452 2890 1591 2936 postea
1643 2898 1712 2935 per
1751 2885 1945 2935 placitum
1997 2885 2110 2922 dotes

406 2965 497 2989 suas
526 2951 846 3001 recuperaverint
876 2951 922 2988 de
952 2950 1194 2988 tenementis
1224 2950 1271 2987 de
1305 2948 1449 2998 quibus
1481 2948 1555 2985 viri
1585 2960 1723 2986 eorum
1755 2947 1940 2985 obierunt
1969 2945 2108 2992 seisiti‚

405 3016 639 3062 recuperent
675 3013 796 3050 simul
825 3025 916 3051 cum
948 3011 1109 3050 dotibus
1139 3012 1221 3050 suis
1251 3012 1297 3049 de
1329 3011 1408 3048 illis
1438 3011 1506 3060 qui
1538 3011 1585 3047 de
1615 3009 1767 3059 injusto
1797 3008 2109 3046 deforciamento

405 3076 577 3114 convicti
634 3075 784 3113 fuerint
840 3075 1011 3123 dampna
1068 3087 1152 3120 sua,
1220 3073 1372 3111 scilicet
1429 3073 1605 3110 valorem
1668 3071 1793 3109 totius
1854 3069 1958 3108 dotis
2018 3069 2109 3107 illas

403 3137 678 3187 contingentis
716 3151 738 3175 a
776 3140 954 3185 tempore
996 3136 1137 3174 mortis
1180 3136 1355 3174 virorum
1396 3148 1559 3173 suorum
1609 3146 1732 3183 usque
1780 3133 1829 3170 ad
1873 3132 1978 3169 diem
2030 3143 2108 3180 quo

404 3201 488 3250 ipse
536 3200 653 3238 vidue
702 3212 770 3248 per
808 3198 1004 3248 judicium
1043 3198 1150 3236 curie
1189 3201 1324 3236 nostre
1372 3197 1564 3235 seisinam
1605 3208 1719 3233 suam
1759 3193 2079 3243 recuperaverint

402 3265 441 3301 et
470 3263 545 3312 ipsi
583 3261 847 3299 deforciantes
876 3260 1168 3298 nichilominus
1198 3260 1279 3297 sint
1308 3260 1349 3296 in
1380 3257 1654 3297 misericordia
1685 3259 1834 3301 nostra,
1867 3255 1970 3293 sicut
1997 3255 2108 3304 prius

404 3325 548 3362 solent.
625 3324 729 3361 Item
768 3323 873 3372 quod
919 3335 1059 3360 omnes
1107 3322 1340 3371 hujusmodi
1385 3321 1502 3359 vidue
1541 3320 1721 3357 (16661610
1773 3317 1930 3367 possint
1976 3317 2106 3366 legare

404 3385 521 3424 blada
560 3399 631 3423 sua
670 3386 708 3422 in
747 3388 852 3422 terra
886 3386 969 3422 tam
1007 3384 1054 3422 de
1088 3383 1249 3421 dotibus
1288 3383 1370 3420 suis
1421 3395 1542 3431 quam
1591 3381 1638 3418 de
1677 3379 1766 3417 aliis
1816 3378 1953 3416 liberis
1992 3378 2107 3416 terris

457 3473 561 3506 18690
1994 3466 2019 3496 Y
