2375 3587
131 333 277 381 1236.

121 401 183 441 [m.
209 397 283 437 4d.]

990 201 1044 239 ’ΖΟ
1086 194 1292 238 HENRY
1335 193 1420 233 111.
1984 184 2065 224 375

475 403 552 440 Pro
595 413 674 448 reqe
712 400 754 435 de
794 397 871 434 tela
910 390 1356 432 rasset1·.-iv1andatu1n
1395 389 1454 424 est
1488 383 1632 434 majori
1671 384 1710 420 et
1758 377 1917 417 ballivis
1960 375 2067 413 Leic’

369 463 546 514 rogando
584 461 690 512 quod
738 460 941 498 Germano
988 453 1147 493 scissori
1194 451 1299 500 regis
1337 448 1489 486 faciant
1538 445 1682 483 habere
1731 443 1780 480 ad
1827 452 1927 489 opus
1965 437 2069 486 regis

371 539 494 565 unam
536 524 660 562 telam
699 521 794 560 boni
832 518 1004 563 russeti:
1044 529 1113 566 per
1150 526 1271 565 quem
1310 510 1434 549 etiam
1483 507 1565 556 regi
1618 504 1848 554 significent
1896 499 2069 550 pretium

370 587 557 639 predicte,
601 585 690 630 tele‚
740 585 785 621 ut
823 581 924 620 illud
972 579 1027 620 eis
1075 576 1184 615 reddi
1232 573 1367 612 faciat.
1444 570 1560 607 Teste
1600 579 1689 613 rege
1737 564 1841 614 apud
1889 561 2069 609 Noting’,

372 651 468 701 xvij.
509 649 572 687 die
610 645 797 696 Augusti.

481 760 559 795 Pro
607 755 826 805 quibusdam
881 750 1078 788 ‹lisseisitis
1128 760 1194 795 per
1243 746 1292 782 (ἆ.
1356 735 1786 778 *Hares-vallium.—Rex
1838 732 1984 770 dilecto
2037 734 2075 768 et

373 820 478 860 fideli
527 831 598 858 5110
655 816 705 855 G.
754 811 1004 857 MarescaHQ
1063 807 1202 848 comiti
1260 803 1420 849 Penbr',
1469 801 1657 840 salutem.
1729 797 1838 834 Bene
1886 792 2073 835 recolitis,

375 887 421 922 ut
458 881 671 925 credimus,
705 877 811 928 quod
845 876 887 913 in
926 874 1007 912 fine
1046 882 1186 921 guerre
1220 871 1328 906 mote
1363 866 1468 903 inter
1508 875 1580 900 nos
1619 864 1659 898 et
1694 861 1738 897 R.
1775 855 2074 897 Marescallum,

375 944 579 996 quondam
619 940 808 980 comitem
848 935 1009 981 Penbr,'
1058 934 1223 971 fratrem
1272 931 1464 971 vestrum,
1504 925 1545 962 in
1595 924 1726 961 forma
1764 919 1873 969 pacis
1920 917 2079 966 provisa

377 1017 612 1046 concessum
668 1002 746 1040 fuit
801 999 907 1051 quod
963 997 1161 1047 quotquot
1218 989 1418 1030 desseisiti
1484 988 1620 1024 essent
1677 981 1885 1022 occasione
1942 990 2081 1027 guerre

377 1068 565 1119 predicte,
606 1069 690 1104 tam
740 1076 787 1101 ex
836 1064 948 1111 parte
998 1060 1137 1096 nostra
1185 1066 1307 1105 quam
1358 1054 1502 1093 vestra,
1545 1047 1735 1085 seisinam
1793 1046 1991 1081 terrarum
2044 1042 2082 1076 et

379 1130 609 1169 reddituum
645 1137 809 1165 suorum
857 1121 1174 1170 recuperassent,
1223 1119 1263 1154 et
1312 1114 1406 1164 quia
1453 1114 1597 1150 contra
1644 1108 1817 1145 formam
1859 1102 2080 1153 predictam

380 1190 613 1232 disseisistis
663 1186 889 1227 Gerardum
935 1183 983 1221 de
1032 1179 1293 1228 Prendegast,
1346 1175 1476 1213 Adam
1535 1172 1582 1209 de
1639 1168 1804 1216 Keting,
1863 1163 2084 1203 Robertum

381 1253 584 1294 Hurscall'
616 1257 656 1290 et
686 1249 918 1288 Johannem
948 1245 995 1283 de
1025 1242 1139 1280 Valle
1169 1242 1216 1279 de
1246 1236 1487 1289 quibusdam
1529 1232 1645 1272 terris
1674 1234 1713 1269 et
1744 1226 1966 1266 redditibus
2005 1225 2087 1262 suis

382 1319 424 1356 in
462 1315 609 1355 Wallia
647 1316 686 1352 et
724 1312 832 1361 ipsos
880 1308 1011 1347 adhuc
1060 1303 1268 1343 occasione
1315 1299 1493 1350 predicta
1532 1294 1680 1334 tenetis
1719 1291 1927 1333 exclusos3
1977 1287 2089 1325 vobis

383 1379 626 1419 mandamus
673 1374 779 1425 quod
826 1383 966 1411 01111105
1013 1366 1213 1418 predictos
1262 1361 1468 1402 occasione
1516 1356 1695 1407 predicta
1742 1352 1963 1391 disseisitos
2003 1350 2089 1388 sine

384 1441 622 1481 difficultate
660 1437 795 1487 aliqua
833 1434 880 1472 de
929 1431 1046 1471 terris
1095 1432 1134 1467 et
1186 1424 1407 1465 redditibus
1460 1421 1542 1460 suis
1589 1416 1759 1457 reseisiri
1808 1414 1932 1452 facias
1997 1425 2088 1451 cum

385 1502 574 1544 omnibus
621 1498 740 1537 rebus
788 1499 827 1534 et
876 1493 1033 1533 catallis
1095 1489 1178 1528 suis
1226 1500 1302 1537 que
1349 1486 1397 1523 de
1444 1481 1562 1521 terris
1618 1477 1807 1529 predictis
1871 1473 2087 1523 recepistis,

386 1564 671 1617 permittentes
709 1560 817 1608 ipsos
870 1556 955 1594 sine
999 1552 1293 1603 impedimento
1345 1550 1384 1584 et
1437 1541 1672 1594 gravamine
1726 1539 1768 1576 in
1819 1536 1967 1575 seisina
2020 1547 2092 1572 sua

387 1627 552 1678 pacifice
590 1632 850 1674 permanere3
892 1620 929 1655 et
977 1616 1034 1653 ita
1081 1626 1151 1651 vos
1199 1609 1381 1649 habeatis
1428 1607 1470 1643 in
1519 1605 1594 1642 hac
1634 1604 1746 1651 parte
1778 1613 1827 1637 ne
1866 1597 2005 1636 debeat
2044 1596 2093 1633 ad

388 1703 460 1729 nos
499 1687 592 1726 inde
629 1683 789 1735 querela
827 1681 972 1718 iterata
1018 1674 1239 1726 pervenire.
1331 1670 1440 1709 Scire
1487 1667 1610 1705 etiam
1657 1676 1727 1702 vos
1764 1662 1952 1700 volumus
1989 1658 2094 1709 quod

389 1752 612 1802 plurimum
647 1756 859 1784 movemur
893 1744 931 1780 et
970 1740 1168 1778 miramur
1200 1734 1306 1786 quod
1340 1734 1479 1771 contra
1517 1729 1691 1766 formam
1741 1723 1960 1774 predictam
2000 1720 2097 1758 talia

391 1809 666 1862 attemptastis
703 1811 742 1846 et
789 1804 896 1856 quod
944 1803 1074 1851 ipsam
1124 1811 1205 1837 non
1254 1793 1434 1834 servatis.
1511 1790 1759 1838 Quapropter
1814 1784 1927 1823 vobis
1983 1795 2095 1820 man—

392 1877 535 1915 damus
573 1871 680 1922 quod
727 1881 796 1919 per
842 1866 997 1904 litteras
1045 1864 1197 1901 vestras
1246 1857 1362 1896 nobis
1411 1851 1648 1903 significetis
1695 1849 1727 1888 si
1767 1847 1939 1885 formam
1989 1844 2098 1894 pacis

392 1937 615 1988 predictam
664 1931 874 1971 observare
922 1923 1144 1965 volueritis.
1222 1921 1339 1959 Teste
1389 1929 1479 1965 rege
1532 1913 1637 1963 apud
1694 1909 1905 1959 Notingh'‚
1974 1906 2098 1955 xxvij.

393 2001 457 2040 die
495 1995 682 2047 Augusti.

506 2083 740 2134 Stephanus
771 2079 819 2117 de
850 2077 1022 2127 Segrave
1051 2070 1273 2111 attornavit
1306 2066 1549 2116 magistrum
1580 2060 1802 2101 Radulfum
1840 2058 1888 2096 de
1926 2056 2099 2095 Lenton'

397 2152 538 2190 contra
575 2142 857 2187 Clementiam,
897 2137 1147 2178 comitissam
1179 2132 1319 2175 Cestr',
1351 2130 1398 2167 de
1427 2126 1566 2165 divisis
1595 2122 1791 2162 faciendis
1820 2121 1925 2158 inter
1953 2122 2103 2157 terram

399 2212 526 2263 ipsius
565 2204 763 2257 Stephani
801 2203 843 2241 in
885 2197 1098 2248 Smitheby
1136 2198 1175 2234 et
1213 2198 1363 2232 terram
1401 2189 1528 2240 ipsius
1557 2185 1761 2226 comitisse
1790 2183 1832 2221 in
1863 2180 2104 2232 Tykenhal’.

510 2318 902 2361 Linc'.-—Johannes
940 2312 988 2350 de
1026 2310 1168 2348 Essex'
1210 2303 1431 2345 attornavit
1459 2304 1534 2340 etc.
1576 2297 1798 2337 Radulfum
1837 2296 1884 2334 de
1923 2293 2104 2332 Brechel'

403 2392 442 2428 et
489 2386 707 2434 Hugonem
755 2380 802 2418 de
850 2374 972 2415 Prille
1020 2375 1161 2412 contra
1209 2367 1398 2407 Graciam
1447 2365 1494 2402 de
1534 2360 1694 2411 Saleby,
1739 2358 1845 2409 quod
1894 2356 2033 2395 reddat
2073 2355 2107 2393 ei

405 2449 550 2490 catalla
592 2448 666 2484 etc.

516 2558 729 2609 Hybernia.
807 2548 1105 2590 consultationis
1145 2541 1363 2593 tvaim—H.
1415 2538 1491 2577 Dei
1529 2535 1658 2586 gratia
1713 2546 1781 2571 rex
1839 2530 1981 2580 Anglie
2037 2532 2111 2567 etc.

407 2624 553 2663 dilecto
591 2624 630 2659 et
667 2616 775 2657 fideli
806 2627 878 2653 suo
908 2612 964 2650 M.
996 2609 1080 2647 filio
1115 2604 1291 2649 Geroldi‚
1327 2599 1551 2653 justiciario
1582 2609 1652 2635 5110
1683 2593 1891 2638 Hibernie,
1924 2591 2111 2629 salutem.

410 2685 562 2725 Milites
600 2683 648 2720 de
685 2676 867 2730 partibus
913 2671 1057 2712 vestris
1104 2666 1299 2707 Hibernie
1346 2675 1474 2712 nuper
1512 2661 1561 2699 ad
1608 2671 1681 2697 nos
1724 2655 1957 2695 accedentes
1996 2651 2113 2691 nobis

410 2746 674 2788 ostenderunt
721 2739 840 2791 quod,
889 2748 981 2775 cum
1030 2731 1233 2771 hereditas
1281 2725 1469 2765 devoluta
1516 2723 1568 2760 sit
1616 2720 1665 2758 ad
1704 2730 1856 2758 sorores
1904 2716 1945 2753 in
1993 2726 2115 2763 regno

412 2813 549 2849 nostro
579 2803 786 2848 Hibernis,
817 2796 1033 2850 justiciarii
1062 2792 1190 2833 nostri
1228 2791 1270 2828 in
1301 2788 1449 2827 eisdem
1479 2782 1660 2835 partibus
1698 2780 1935 2819 itinerantes
1974 2775 2116 2814 incerti

415 2874 497 2912 sint
534 2874 672 2909 utrum
719 2864 907 2915 postnate
945 2870 1098 2898 sorores
1146 2858 1283 2893 tenere
1321 2849 1493 2889 debeant
1522 2847 1570 2884 de
1598 2841 1869 2894 primogenita
1907 2851 2037 2878 sorore
2076 2841 2115 2874 et

415 2936 451 2975 ei
489 2934 618 2972 facere
654 2926 893 2975 homagium
932 2922 979 2960 de
1017 2916 1273 2970 portionibus
1311 2912 1395 2952 suis
1433 2910 1496 2948 vel
1533 2908 1580 2946 de
1619 2904 1782 2956 capitali
1811 2902 1974 2941 domino
2013 2904 2051 2938 et
2081 2899 2116 2937 ei

416 2999 546 3036 facere
582 2989 832 3039 homagium.
908 2984 964 3023 Et
1012 2982 1110 3032 quia
1156 2975 1324 3028 predicti
1372 2972 1522 3011 milites
1561 2983 1583 3007 a
1621 2967 1737 3006 1101115
1783 2966 1986 3015 petierunt
2024 2961 2117 2999 inde

417 3054 629 3098 certificari
665 3050 836 3103 qualiter
873 3047 915 3084 in
953 3056 1077 3093 regno
1115 3043 1254 3079 nostro
1293 3035 1436 3085 Anglie
1474 3033 1516 3070 in
1555 3044 1649 3070 casu
1683 3026 1885 3067 consimili
1923 3025 2119 3062 hactenus

419 3120 618 3159 usitatum
667 3113 733 3158 sit,
782 3110 832 3149 ad
878 3105 1118 3145 instantiam
1165 3099 1384 3140 eorundem
1431 3094 1545 3133 vobis
1592 3090 1869 3141 significamus
1925 3086 2030 3134 quod
2075 3085 2118 3121 in

420 3193 544 3231 regno
582 3179 720 3215 nostro
759 3170 904 3220 Anglie
944 3178 1100 3216 semper
1139 3163 1232 3202 talis
1270 3160 1348 3198 fuit
1386 3159 1450 3195 lex
1487 3161 1526 3194 et
1564 3151 1812 3192 consuetudo
1850 3149 1892 3186 in
1922 3148 1997 3185 hoc
2027 3158 2121 3184 casu

420 3243 540 3295 quod,
581 3240 614 3279 si
653 3237 741 3288 quis
780 3233 934 3273 teneret
972 3230 1020 3267 de
1066 3226 1182 3266 nobis
1230 3225 1272 3262 in
1315 3221 1445 3271 capite
1493 3221 1533 3257 et
1580 3214 1744 3254 haberet
1791 3211 1896 3250 filias
1943 3209 2121 3253 heredes,

422 3308 509 3358 ipso
560 3305 673 3353 patre
734 3296 924 3335 defuncto
969 3294 1239 3329 antecessores
1296 3282 1423 3322 nostri
1480 3282 1519 3318 et
1571 3290 1645 3316 nos
1701 3286 1857 3323 semper
1907 3270 2125 3309 habuimus

421 3365 613 3416 homagia
651 3362 697 3400 de
736 3356 926 3398 omnibus
975 3351 1135 3391 filiabus
1182 3352 1222 3387 et
1260 3345 1417 3395 singule
1464 3353 1601 3380 earum
1653 3339 1792 3376 tenent
1840 3335 1886 3372 de
1930 3332 2045 3371 nobis
2084 3332 2125 3369 in
