2375 3587
241 193 322 234 486

301 316 445 362 1237.

310 382 368 422 [m.
385 383 432 420 4.]

1175 196 1360 239 GLOSE
1406 195 1610 238 ROLLS.

644 393 696 427 De
735 399 926 430 attornato
967 395 1110 430 vomicis
1160 395 1202 429 de
1243 390 1740 429 erarizsssa——Willelmus
1778 389 1825 427 de
1864 388 2070 435 Ferrariis,
2110 402 2242 428 comes

534 451 691 497 Dereb’,
754 455 973 492 attornavit
1031 454 1250 492 Robertum
1292 454 1474 491 Radmon
1530 452 1617 493 loco
1669 464 1740 489 suo
1796 451 1845 488 ad
1897 452 2135 489 lucrandum
2181 453 2243 491 vel

533 514 779 562 perdendum
819 516 859 553 in
890 516 1047 566 loquela
1076 529 1151 565 que
1182 519 1241 554 est
1271 516 1311 552 in
1352 515 1548 553 comitatu
1578 513 1719 551 Dereb'
1742 513 1846 551 inter
1876 513 2009 562 ipsum
2038 514 2241 561 comitem,

533 580 751 625 petentem,
805 581 843 615 et
897 579 1096 616 Thomam
1150 578 1281 618 Pikot,
1335 576 1638 619 deforciantem,
1695 576 1742 613 de
1798 575 2156 614 consuetudinibus
2205 581 2244 615 et

533 638 709 677 serviciis
747 652 822 689 que
861 640 966 678 idem
1003 653 1137 679 comes
1175 640 1297 688 exigit
1338 639 1386 676 ab
1425 651 1471 676 eo
1505 638 1551 675 de
1589 637 1714 675 libero
1753 640 1983 676 tenemento
2030 651 2101 677 suo
2139 639 2244 688 quod

534 700 580 738 de
637 714 682 739 60
734 704 843 740 tenet
899 702 940 739 in
998 702 1205 751 burgagio.
1291 702 1408 739 Teste
1462 713 1552 749 rege
1604 701 1708 749 apud
1767 700 1974 750 Walingf'‚
2033 701 2129 750 xvij.
2182 701 2244 739 die

534 762 718 812 Augusti.

644 885 721 921 Pro
783 885 948 932 Radulfo
993 885 1072 923 silio
1125 883 1467 920 Nz·<·h‹›ccw.—Rex
1526 882 1703 920 Waltero
1761 883 1807 919 de
1867 882 2015 932 Burgo,
2057 883 2244 922 salutem.

536 945 777 983 Mandamus
842 945 954 983 vobis
1017 946 1122 994 quod
1184 945 1429 994 permittatis
1495 945 1686 982 dilectum
1755 948 1794 982 et
1851 944 2010 982 fidelem
2060 948 2244 984 nostrum

538 1007 756 1044 Radulfum
795 1007 926 1044 filiuni
966 1007 1151 1045 Nicholai
1191 1010 1339 1044 metere
1378 1006 1495 1044 blada
1533 1020 1605 1044 sua
1644 1007 1682 1043 in
1733 1007 1914 1044 manerio
1952 1007 1999 1045 de
2034 1007 2243 1054 Corsham,

535 1073 574 1107 et
629 1069 822 1107 abducere
878 1083 923 1107 ea
978 1082 1056 1118 quo
1122 1069 1293 1107 voluerit
1358 1069 1442 1106 sine
1499 1068 1790 1118 impedimento
1856 1071 1895 1107 et
1960 1069 2088 1108 facere
2153 1070 2246 1109 inde

536 1131 786 1169 voluntatem
827 1144 956 1169 suam.
1014 1133 1130 1169 Teste
1169 1134 1214 1168 ut
1248 1143 1381 1179 supra.

647 1253 699 1288 [Ἰν
738 1254 849 1289 cera-is
888 1252 1302 1290 «latis.-ixiandatu1n
1344 1254 1403 1289 est
1442 1252 1606 1289 Matheo
1646 1251 1729 1289 filio
1768 1251 1980 1290 Hereberti
2022 1253 2103 1304 (sic)
2140 1253 2246 1303 quod

536 1313 656 1351 faciat
694 1313 839 1351 habere
878 1313 941 1351 W.
980 1313 1201 1351 Exoniensi
1241 1314 1439 1362 episcopo,
1487 1313 1587 1350 duos
1625 1326 1760 1351 cervos
1799 1313 1840 1351 in
1872 1314 2020 1352 foresta
2058 1315 2162 1364 regis
2199 1315 2247 1353 de

536 1375 776 1413 Derteinor'.
834 1375 951 1413 Teste
986 1388 1075 1422 rege
1113 1376 1219 1424 apud
1259 1375 1472 1419 Oxoniam,
1514 1375 1623 1423 xviij.
1663 1375 1725 1412 (116
1765 1375 1950 1424 Augusti.

646 1497 700 1532 De
738 1498 858 1532 «lamis
897 1495 1314 1533 ‹l«t1's.—Man(latuni
1354 1499 1414 1533 est
1452 1495 1632 1533 -Johanni
1681 1496 1728 1532 de
1777 1495 1922 1533 Nevill'
1971 1497 2076 1545 quod
2125 1498 2248 1537 faciat

479 1567 484 1571 ⁴
539 1556 685 1594 habere
724 1557 903 1595 ‚Iohanni
944 1556 1111 1595 Talebot
1150 1557 1248 1594 duos
1288 1557 1428 1595 (lanios
1471 1557 1512 1594 in
1552 1557 1701 1595 foresta
1747 1557 1794 1594 de
1843 1556 2150 1607 Rokyngeham,
2199 1560 2247 1598 de

541 1619 646 1657 dono
685 1619 801 1668 regis.
878 1619 995 1657 Teste
1033 1622 1077 1657 ut
1117 1632 1249 1668 supra.

648 1742 723 1777 Pro
780 1743 909 1777 munite
960 1743 1001 1776 de·
1061 1742 1273 1785 Jfferrariis,
1333 1743 1375 1777 cle
1428 1740 1878 1778 warenna.-D0minus
1935 1754 2002 1779 rex
2050 1743 2248 1782 concessit

541 1802 746 1840 Willelmo
785 1802 832 1840 de
870 1802 1062 1840 Ferrariis
1102 1802 1207 1851 quod
1256 1802 1402 1840 habeat
1450 1802 1617 1840 liberam
1666 1816 1897 1840 warennam
1944 1803 1985 1840 in
2033 1804 2247 1844 dominicis

541 1865 654 1902 terris
693 1864 776 1902 suis
815 1864 855 1902 in
897 1863 1131 1915 Stebbyng’,
1167 1865 1223 1902 ita
1262 1865 1366 1914 quod
1406 1865 1543 1902 nullus
1580 1865 1730 1903 intrare
1769 1865 1895 1914 possit
1933 1865 1983 1903 ad
2021 1865 2246 1915 fugandum

540 1926 581 1963 in
621 1939 666 1963 ea
704 1925 788 1963 sine
828 1925 992 1964 licentia
1029 1929 1068 1963 et
1106 1926 1316 1963 voluntate
1356 1926 1494 1975 ipsius.
1554 1926 1609 1964 Et
1648 1927 1887 1964 mandatum
1927 1929 1987 1964 est
2021 1927 2248 1967 vicecomiti

541 1988 680 2026 Essex’
722 1988 827 2037 quod
868 2001 1099 2025 warennam
1139 1988 1252 2025 illam
1291 1988 1458 2026 clamari
1498 1988 1620 2026 faciat
1658 1992 1698 2026 et
1745 1988 1893 2026 ibidem
1932 1990 2071 2027 teneri.
2132 1990 2250 2030 Teste

541 2063 629 2099 rege
668 2050 773 2099 apud
814 2050 1029 2091 Oxoniam,
1072 2050 1182 2099 xviij.
1224 2050 1286 2087 die
1326 2050 1513 2098 Augusti.

649 2173 704 2207 De
737 2172 904 2207 custodia
936 2172 1083 2206 abbacie
1117 2172 1159 2206 <Ie
1193 2170 1491 2208 lem·tz'.*—Rex
1522 2170 1645 2219 priori
1679 2174 1718 2209 et
1751 2172 1968 2209 conventui
2002 2172 2049 2210 (16
2084 2173 2248 2219 Thorn',

542 2233 728 2271 salutem.
802 2232 1006 2270 Mittimus
1056 2231 1105 2269 ad
1153 2245 1222 2270 vos
1270 2232 1464 2270 dilectum
1512 2232 1703 2271 clericum
1752 2237 1938 2271 nostrum
1987 2234 2154 2272 Petrum
2202 2236 2250 2273 de

541 2295 702 2332 Bedint'
756 2295 805 2332 ad
856 2293 1063 2332 abbaciam
1118 2303 1293 2332 vestram
1351 2307 1442 2332 culn
1498 2294 1753 2343 pertinentiis
1809 2295 1892 2333 suis
1944 2297 2249 2335 custodiendam

540 2357 735 2407 quamdiu
774 2356 890 2395 nobis
939 2357 1148 2405 placuerit,
1198 2356 1311 2394 vobis
1359 2357 1602 2395 mandantes
1650 2357 1755 2407 quod
1804 2357 1937 2407 ipsum
1987 2358 2153 2397 Petrum
2200 2361 2249 2398 ad

541 2419 617 2457 hoc
656 2419 870 2467 recipiatis.
948 2419 1066 2456 Teste
1106 2422 1150 2456 ut
1191 2432 1322 2467 supra.

652 2540 727 2576 Pro
765 2541 925 2587 quodam
962 2553 1131 2576 converso
1171 2539 1687 2577 exliibemlo.—Mandatum
1735 2544 1795 2578 est
1842 2541 1963 2579 Joceo
2011 2541 2095 2580 filio
2140 2542 2250 2580 Petri

541 2604 580 2638 et
620 2600 814 2650 Magistro
853 2601 1045 2645 Waltero,
1087 2600 1319 2639 custodibus
1358 2601 1571 2650 hospitalis
1618 2615 1903 2640 conversorum
1963 2603 2105 2649 Lond’,
2146 2605 2251 2653 quod

543 2663 794 2701 Willelmum
823 2676 1074 2709 conversum,
1102 2664 1273 2701 latorem
1304 2664 1568 2713 presentium,
1599 2664 1817 2702 exhibeant
1850 2665 1891 2702 in
1923 2666 2043 2703 domo
2074 2667 2251 2714 predicta

544 2725 767 2763 secundum
806 2725 1047 2763 mandatnm
1090 2725 1192 2775 regis
1222 2725 1323 2763 alias
1353 2726 1408 2764 eis
1438 2726 1530 2764 inde
1562 2726 1787 2771 directum;
1828 2730 1866 2765 et
1892 2727 1998 2776 quod
2029 2728 2182 2767 faciant
2216 2729 2251 2767 ei

543 2787 653 2825 reddi
692 2788 871 2836 areragia
927 2800 999 2825 sua
1055 2800 1131 2837 que
1169 2788 1203 2826 ei
1243 2791 1373 2825 aretro
1413 2792 1508 2826 sunt
1547 2801 1569 2825 a
1620 2788 1779 2827 Pascha
1830 2789 2013 2838 proximo
2062 2791 2251 2839 preterito

544 2862 669 2899 usque
707 2849 839 2888 modo.
916 2849 1033 2887 Teste
1071 2863 1162 2899 rege
1197 2853 1242 2888 ut
1282 2863 1416 2900 supra.

657 2969 869 3005 l‘Vascom'a.
922 2970 998 3005 Pro
1024 2970 1198 3006 Ernalclo
1226 2970 1539 3011 Hanulfi.—Rex
1569 2969 1753 3008 Huberto
1783 2969 1908 3015 Husc,
1932 2971 2151 3010 senescallo
2180 2984 2252 3010 suo

546 3029 770 3073 Wasconie,
812 3030 998 3067 salutem.
1097 3030 1244 3069 Sciatis
1283 3032 1389 3081 quod
1429 3032 1482 3069 lx.
1524 3031 1660 3077 libras,
1701 3045 1800 3081 quas
1838 3032 2008 3070 dilectus
2047 3035 2085 3070 et
2123 3033 2254 3071 fidelis

545 3095 681 3130 noster
710 3092 764 3129 H.
786 3092 833 3129 de
858 3091 1108 3137 Trublevill',
1131 3093 1227 3130 dum
1256 3093 1334 3131 fuit
1361 3094 1607 3132 senescallus
1631 3097 1768 3132 noster
1788 3094 2010 3140 wasconie,
2031 3095 2254 3145 assignavit

544 3155 723 3192 Ernaldo
752 3154 916 3192 Ranulfi
941 3155 1216 3203 percipiendas
1247 3156 1295 3193 de
1326 3156 1688 3195 consuetudinibus
1715 3157 1951 3206 Burdegahs,
1983 3158 2253 3196 concessimus

545 3217 674 3255 eidem
722 3216 903 3254 Ernaldo
960 3216 1009 3254 ad
1067 3229 1107 3254 se
1164 3219 1476 3256 sustentandum
1534 3219 1576 3255 in
1635 3218 1801 3257 servicio
1858 3221 2010 3263 nostro,
2059 3220 2252 3268 quamdiu

546 3278 662 3317 nobis
710 3277 918 3327 placuerit.
1011 3278 1066 3315 Et
1121 3279 1206 3316 ideo
1254 3279 1366 3318 vobis
1413 3280 1657 3318 mandamus
1704 3280 1809 3329 quod
1857 3293 1923 3318 eas
1971 3280 2005 3318 ei
2064 3281 2103 3318 in
2159 3294 2254 3331 pace

547 3340 693 3379 habere
730 3339 991 3390 permittatis,
1031 3340 1134 3379 sicut
1173 3341 1400 3389 predictum
1439 3345 1513 3380 est.
1591 3342 1709 3381 Teste
1746 3345 1792 3380 ut
1830 3354 1964 3392 supra.
