2375 3587
208 196 261 238 38

266 326 406 372 1235.

268 391 411 433 [msc]

1133 194 1314 238 CLOsE
1359 191 1560 234 ROLLs.

610 396 666 431 De
705 408 793 431 nare
830 390 1375 431 alclilwranda.—Mandatmn
1415 389 1474 424 est
1512 385 1736 423 vicecomiti
1778 384 1954 423 Sumers‘
1999 386 2038 421 et
2077 383 2190 420 Dors'

503 456 606 504 quod
644 468 786 493 navem
825 454 1039 504 quandam,
1079 464 1199 502 quam
1231 449 1393 488 arestari
1442 448 1535 486 fecit
1573 447 1613 484 in
1653 449 1772 495 portu
1809 446 1856 483 de
1894 444 2106 489 Brunkes'‚
2147 444 2193 481 de

503 520 606 555 terra
657 516 814 555 comitis
862 515 1036 560 Pontivi,
1090 516 1287 552 carcatam
1337 510 1449 548 alleis
1501 512 1539 547 et
1588 521 1693 557 cepe,
1743 507 1948 546 occasione
2011 505 2192 543 mandati

502 579 605 627 quod
643 592 709 616 rex
747 590 873 626 nuper
911 576 1003 614 fecit
1037 576 1083 613 de
1116 573 1283 612 navibus
1314 573 1361 610 de
1392 573 1588 621 potestate
1619 570 1722 619 regis
1757 569 1925 607 Francie
1955 567 2194 612 arestandis,

502 640 709 678 deliberari
748 639 868 677 faciat
907 641 980 676 etc.
1053 637 1168 674 Teste
1207 647 1295 683 rege
1330 636 1374 671 ut
1413 645 1546 682 supra.

613 747 823 782 Wasconia.
888 746 960 781 l’ra
997 744 1178 780 11⁷1'llelnw
1212 742 1381 785 fissardi,
1416 743 1458 776 de
1492 747 1590 776 terra
1624 752 1690 787 que
1730 739 1805 778 fuit
1839 739 1946 774 Petri
1977 739 2018 773 (Ie
2054 738 2192 774 Sancto

503 809 676 844 Iu'rrarda
728 809 766 844 in
812 805 1111 852 Nosala—Rex
1163 802 1363 841 commisit
1420 800 1624 838 Willelmo
1682 799 1842 837 Ricardi
1900 801 2046 836 terram
2100 810 2191 836 cum

502 868 754 917 pertinentiis
801 880 875 915 que
928 867 1004 903 fuit
1056 865 1163 903 Petri
1212 865 1258 901 de
1314 864 1461 901 Sancto
1514 861 1689 899 Eri-ardo
1739 860 1780 897 in
1828 860 1995 909 Regula,
2049 860 2118 908 qui
2170 872 2192 897 a

503 930 662 968 servitio
701 929 802 977 regis
850 928 1008 966 recessit
1047 931 1085 964 et
1124 939 1163 963 se
1202 929 1310 963 tenet
1349 937 1439 962 cum
1490 936 1577 972 rege
1626 922 1792 960 Francie
1841 925 1884 959 ut
1933 921 2092 967 dicitur,
2142 922 2191 959 ad

503 1005 541 1029 so
598 991 905 1029 sustentandum
958 990 998 1026 in
1057 988 1216 1026 servitio
1268 986 1369 1036 regis
1427 985 1619 1035 quamdiu
1677 984 1759 1033 regi
1816 983 2024 1032 placuerit.
2136 983 2191 1020 Et

502 1053 737 1090 mandatum
786 1056 844 1089 est
891 1050 1065 1088 Heni-ico
1113 1050 1159 1087 de
1199 1048 1441 1093 Trublevill'‚
1483 1046 1700 1084 senescallo
1742 1044 1964 1091 Wasconie,
2003 1045 2108 1094 quod
2146 1045 2193 1082 de

502 1114 678 1163 predicta
734 1116 837 1150 terra
886 1125 976 1149 cum
1027 1110 1279 1160 pertinentiis
1336 1109 1463 1146 eidem
1523 1107 1727 1145 Willelmo
1780 1107 1943 1156 plenam
2001 1106 2190 1144 seisinam

502 1176 643 1213 habere
682 1175 814 1219 saciat,
856 1174 956 1211 sicut
1005 1173 1227 1222 predictum
1272 1174 1343 1208 est.
1430 1171 1545 1207 Teste
1595 1182 1683 1218 rege
1723 1169 1829 1218 apud
1870 1168 2188 1214 Cristescffirch’,

502 1237 569 1285 xij.
601 1237 662 1274 die
694 1235 887 1273 Januarii.
964 1235 1038 1271 Per
1077 1234 1374 1271 Karleolensem
1414 1231 1644 1280 episcopum
1680 1238 1718 1268 et
1759 1230 1807 1268 G.
1849 1230 1896 1268 de
1936 1229 2190 1268 Craucumb’.

608 1306 739 1344 Habet
778 1306 868 1342 inde
906 1305 1061 1343 litteras
1099 1306 1279 1353 patentes
1326 1302 1494 1340 directas
1541 1300 1729 1339 omnibus
1777 1303 1850 1338 etc.
1938 1300 2055 1338 Teste
2104 1313 2193 1349 rege

502 1373 545 1407 ut
584 1382 714 1417 supra.

607 1477 662 1512 De
709 1477 864 1523 quodam
917 1475 1059 1510 lmnrl'm’
1109 1474 1252 1509 ine-enta
1303 1479 1444 1507 ›110er
1485 1472 1520 1507 in
1575 1473 1675 1506 lwsvo
1724 1472 1766 1506 (Ie
1819 1470 2192 1507 erunmr’.—Rex

499 1537 721 1575 vicecomiti
754 1536 868 1574 Suht’
900 1535 1084 1572 salutem.
1144 1534 1359 1571 Venientes
1401 1545 1527 1580 nuper
1557 1545 1681 1581 usque
1711 1532 1941 1569 Brummor‘
1978 1531 2191 1569 didicimus

500 1612 569 1648 pro
598 1602 703 1636 certo
732 1598 835 1646 quod
864 1597 904 1634 in
935 1596 1050 1634 bosco
1077 1596 1123 1634 de
1155 1596 1382 1632 Brummor’
1414 1594 1613 1642 quendam
1642 1593 1848 1631 hominem
1878 1594 1924 1632 (10
1951 1594 2191 1631 Brummore

500 1661 662 1698 nomine
718 1660 932 1697 Ricardum
988 1659 1022 1695 le
1080 1657 1204 1696 Noble
1259 1656 1428 1705 contigit
1485 1656 1687 1705 quandam
1752 1669 1942 1705 quercum
2006 1659 2190 1694 ruentem

500 1722 739 1771 oppressisse
768 1721 815 1758 ad
855 1724 1036 1773 mortem²
1068 1720 1183 1769 cujus
1212 1732 1366 1767 corpus,
1399 1731 1489 1756 cum
1521 1718 1721 1755 nollemus
1751 1718 2012 1756 inhumatum
2042 1717 2189 1756 ibidem

499 1785 626 1833 jacere
663 1796 864 1832 quousque
903 1795 970 1831 per
1008 1785 1046 1820 te
1084 1786 1122 1819 et
1161 1784 1412 1819 coronatores
1447 1783 1604 1818 nostros
1643 1780 1797 1829 plenior
1836 1780 1948 1818 fieret
1980 1779 2189 1830 inquisitio

500 1847 545 1883 de
583 1846 759 1894 predicta
795 1847 921 1882 morte
969 1844 1187 1881 secundum
1233 1843 1359 1891 legem
1408 1846 1446 1880 et
1503 1842 1837 1880 consuetudinem
1887 1844 1988 1879 terre
2038 1846 2188 1889 nostre,

499 1907 744 1956 precepimus
793 1906 865 1943 hac
913 1905 1078 1943 veritate
1126 1905 1315 1954 inquisita
1360 1904 1512 1942 dictum
1563 1917 1705 1952 corpus
1758 1903 1929 1953 sepeliri.
2002 1905 2054 1942 Et
2099 1904 2187 1943 ideo

499 1969 570 2007 tibi
620 1968 857 2017 precipimus
906 1967 1009 2016 quod
1055 1967 1260 2004 occasione
1307 1966 1480 2015 predicte
1531 1966 1735 2014 sepulture
1781 1978 1853 2003 nec
1899 1965 2086 2004 homines
2138 1966 2186 2004 (10

500 2032 735 2068 Brummore
777 2042 847 2067 nec
894 2029 1009 2067 villas
1057 2029 1436 2078 circumadjacentes
1483 2041 1622 2076 graves
1670 2028 1730 2065 vel
1783 2027 2023 2066 occasiones.
2101 2028 2189 2067 Hoc

498 2092 618 2130 etiam
675 2091 790 2129 dictis
844 2090 1142 2129 coronator-ibus
1198 2090 1345 2128 nostris
1402 2089 1500 2128 scire
1552 2089 1687 2128 facias.
1774 2089 1890 2127 Teste
1946 2102 2035 2139 rege
2082 2090 2188 2139 apud

500 2154 741 2198 Brummoe’,
781 2152 862 2200 viij.
903 2152 963 2189 die
1004 2152 1201 2189 Januarii.

607 2271 683 2306 J'ra
730 2271 879 2306 Andr-sa
933 2269 1080 2305 munda
1129 2269 1267 2305 wilm»
1313 2269 1583 2315 arr-ltistpiqun'
1632 2267 2033 2305 ]›nbl1'›ze11.s·is.—Rex
2086 2267 2186 2306 Vice-

498 2331 634 2369 comiti
684 2330 867 2368 Stafford'
921 2329 1104 2367 salutem.
1186 2329 1296 2367 Scias
1344 2329 1449 2378 quod
1496 2329 1766 2367 concessimus
1806 2329 1962 2367 Andree
2012 2329 2187 2376 Blundo,

498 2393 670 2431 vadletto
708 2391 941 2429 venerabilis
988 2391 1112 2439 patris
1160 2391 1205 2428 L.
1247 2390 1509 2428 Dublinensis
1549 2390 1838 2440 archiepiscopi
1886 2391 1927 2428 111
1977 2391 2186 2438 Hibernia,

500 2454 629 2503 quodff‘
678 2466 757 2491 non
796 2453 1059 2501 distringatur
1105 2453 1154 2490 ad
1201 2466 1312 2490 arma
1350 2453 1543 2502 capienda
1589 2456 1627 2490 et
1666 2452 1782 2490 miles
1821 2453 1920 2491 fieri.
1997 2453 2054 2492 Et
2101 2454 2190 2492 ideo

501 2515 573 2553 tibi
613 2515 850 2564 precipimus
888 2515 991 2563 quod
1029 2514 1234 2552 occasione
1282 2515 1457 2564 precepti
1506 2515 1634 2553 nostri
1673 2515 1779 2563 quod
1828 2528 1955 2564 nuper
2003 2515 2186 2561 fecimus,

502 2578 605 2626 quod
644 2590 794 2621 omnes,
830 2576 897 2625 qui
937 2576 982 2613 de
1022 2575 1135 2613 nobis
1174 2579 1312 2614 tenent
1352 2577 1392 2613 in
1433 2577 1561 2625 capite
1602 2576 1765 2614 feodum
1805 2577 1926 2615 unius
1966 2577 2110 2616 militis
2149 2580 2188 2615 et

500 2639 603 2687 plus,
643 2651 753 2675 arma
792 2641 976 2686 caperent
1015 2641 1053 2674 et
1092 2650 1131 2675 se
1170 2637 1320 2675 milites
1360 2638 1444 2675 fieri
1493 2639 1682 2683 facerent,
1723 2638 1855 2687 ipsum
1896 2638 2098 2676 Andrean]
2139 2639 2188 2677 ad

502 2713 612 2737 arma
650 2699 838 2747 capienda
877 2702 915 2736 et
954 2711 992 2736 se
1031 2698 1115 2736 fieri
1154 2699 1326 2736 militem
1365 2713 1446 2737 non
1486 2700 1704 2748 distringas
1752 2700 1945 2749 quamdiu
1985 2700 2106 2738 fuerit
2145 2700 2187 2738 in

502 2761 662 2799 servitio
696 2760 861 2809 predicti
901 2760 1199 2809 archiepiscopi,
1241 2760 1343 2799 sicut
1382 2761 1607 2809 predictum
1644 2764 1717 2798 est.
1795 2761 1911 2799 Teste
1955 2775 2045 2811 rege
2084 2762 2190 2811 apud

503 2823 682 2862 Clarend’
691 2851 698 2859 .

609 2937 698 2973 Rem.
759 2937 812 2972 Jw
843 2937 933 2972 vinis
970 2937 1016 2971 wl
1048 2950 1136 2983 opus
1173 2937 1574 2983 ressisa—Mandatum
1605 2940 1664 2975 est
1696 2937 1875 2975 Johanni
1907 2937 1953 2975 de
1985 2937 2189 2976 Colemere

501 2998 604 3047 quod
660 2997 770 3034 nullo
827 2997 943 3033 modo
999 2997 1220 3039 omittatis}
1280 2998 1376 3046 quin
1422 2998 1567 3035 habeat
1637 2998 1678 3035 in
1714 2998 1859 3036 celario
1916 2998 2018 3047 regis
2080 2999 2186 3048 apud

504 3058 901 3097 Westmonasterium
951 3062 1113 3096 centum
1157 3059 1262 3096 dolia
1311 3059 1407 3104 vini,
1460 3062 1543 3096 tam
1593 3060 1639 3097 de
1689 3059 1796 3108 prisa
1839 3060 1941 3109 regis
1980 3074 2101 3109 quam
2140 3061 2187 3098 de

501 3123 647 3168 empto,
698 3119 803 3157 clara
849 3121 941 3155 ante
990 3119 1315 3157 Purificationem
1367 3121 1488 3158 Beate
1539 3120 1664 3158 Marie
1716 3121 1899 3169 proximo
1950 3121 2185 3168 instantem,

502 3186 629 3230 preter
667 3181 759 3218 vina
796 3181 898 3229 regis
937 3193 1011 3229 que
1049 3194 1156 3218 nunc
1191 3184 1284 3219 sunt
1322 3182 1362 3218 in
1399 3183 1537 3220 eodem
1577 3182 1734 3221 celario.
1799 3183 1915 3221 Teste
1953 3197 2042 3233 rege
2082 3184 2188 3233 apud

500 3242 839 3292 Lutegai·esl]al’‚{
884 3255 946 3279 xv.
979 3241 1040 3279 die
1076 3242 1272 3279 Januarii.

568 3340 581 3354 *
601 3336 754 3369 Omitted
772 3337 807 3366 in
826 3336 898 3367 ius.
1097 3340 1111 3375 †
1132 3337 1186 3368 sio
1203 3338 1237 3367 in
1257 3338 1325 3369 iis.
1521 3340 1533 3379 ‡
1553 3338 1771 3371 Substituted
1799 3339 1852 3370 for
1884 3346 1890 3354 ·
1910 3318 2130 3372 eigil-{iidem
