2375 3587
255 205 338 244 510

314 335 454 382 1236.

297 402 354 439 [m.
379 400 472 439 2211]

1193 209 1379 252 CLOSE
1425 210 1633 252 ROLLS.

551 401 633 439 suis
671 402 899 449 comitibus,
935 403 1166 449 baronibus,
1203 404 1403 443 militibus
1442 408 1481 443 et
1521 404 1656 443 liberis
1696 406 1930 445 hominibus
1969 407 2010 444 in
2052 406 2261 457 Hybernia

549 464 780 502 constitutis
811 465 860 503 ad
894 478 993 515 quos
1027 469 1230 515 presentes
1264 467 1396 505 littere
1428 468 1694 516 pervenerint,
1718 469 1904 507 salutem.
1963 469 2065 507 Cum
2098 472 2260 518 propter

549 526 811 575 maritagium
849 527 990 566 dilecte
1029 528 1174 566 sororis
1227 531 1364 566 nostre
1404 529 1574 567 Isabelle
1613 543 1734 579 quam
1774 531 2056 569 maritavimus
2095 531 2259 570 domino

550 588 803 637 Imperatori,
836 590 939 628 sicut
978 590 1075 628 satis
1124 590 1307 636 audistis,
1349 603 1430 629 non
1479 592 1611 629 solum
1652 592 1782 630 eidem
1830 593 2072 642 Imperatori
2120 596 2180 632 set
2219 597 2257 632 et

548 650 712 689 domino
760 651 867 700 Pape
904 656 942 689 et
981 652 1070 689 aliis
1110 655 1273 701 propter
1312 653 1470 691 diversa
1509 654 1621 702 regni
1662 655 1789 692 nostri
1830 655 1992 704 negotia
2030 655 2071 692 in
2111 668 2259 703 magna

548 715 756 750 teneamur
794 726 954 751 summa
992 714 1158 762 pecunie
1207 718 1245 752 et
1293 715 1400 753 ultra
1448 716 1615 753 modum
1664 716 1809 754 debitis
1858 730 2072 755 oneremur
2110 718 2254 763 adhuc,

547 775 639 813 licet
691 775 827 813 fideles
880 776 1005 813 nostri
1056 776 1102 813 de
1155 789 1279 825 regno
1329 780 1466 815 nostro
1521 778 1664 826 Aug-lie
1718 779 1768 816 ad
1822 780 1896 818 hoc
1947 779 2086 817 efficax
2140 779 2256 818 nobis

548 837 745 875 auxilium
784 837 1067 886 impenderint,
1107 838 1415 878 universitatem
1456 844 1631 878 vestram
1672 842 1894 889 rogandam
1934 841 2125 879 duximus
2164 855 2256 880 cum

548 900 693 938 affectu
730 900 922 949 quatinus
962 912 1054 937 cum
1094 913 1298 949 speremus
1336 902 1382 939 de
1422 902 1663 940 liberalitate
1698 906 1832 941 vestra
1872 904 1975 954 quod
2014 904 2055 940 in
2096 905 2256 953 urgenti

549 963 784 1000 necessitate
816 965 954 999 nostra
992 962 1245 1000 consimilem
1285 964 1457 1012 gratiam
1494 964 1608 1002 nobis
1643 965 1772 1003 facere
1806 965 1996 1012 debeatis,
2034 979 2105 1004 nec
2141 966 2256 1005 facile

548 1025 599 1062 sit
637 1024 752 1061 nobis
799 1024 884 1061 sine
933 1024 1198 1063 amminiculo
1244 1029 1376 1063 vestro
1425 1039 1447 1063 a
1496 1030 1579 1064 tam
1628 1027 1812 1075 gravium
1861 1041 1980 1065 onere
2028 1027 2254 1066 debitorum

548 1086 719 1131 liberari,
760 1087 874 1136 juxta
930 1086 1120 1124 fiduciam
1178 1100 1299 1136 quam
1339 1089 1386 1126 de
1425 1088 1538 1126 vobis
1574 1092 1826 1138 reportamus
1865 1090 1922 1128 ita
1960 1089 2180 1128 liberaliter
2217 1093 2256 1129 et

548 1148 760 1186 efficaciter
788 1160 860 1185 nos
889 1148 1026 1197 juvare
1056 1149 1188 1187 velitis
1220 1149 1269 1187 ad
1299 1149 1578 1188 liberationem
1609 1154 1790 1189 nostram
1820 1152 2042 1201 predictam
2073 1164 2166 1190 cum
2188 1165 2256 1201 per

545 1210 816 1261 justiciarium
855 1212 1040 1247 nostrum
1075 1210 1281 1260 Hybernie
1321 1211 1479 1250 fueritis
1518 1212 1610 1250 inde
1650 1225 1698 1250 ex
1738 1216 1849 1261 parte
1888 1216 2027 1252 nostra
2059 1214 2254 1263 requisiti,

546 1273 651 1323 quod
691 1285 770 1309 non
812 1272 942 1309 solum
982 1285 1029 1309 ex
1069 1273 1251 1322 impenso
1300 1273 1415 1311 nobis
1463 1274 1615 1312 auxilio
1662 1275 1825 1324 possitis
1874 1275 1924 1314 ab
1971 1276 2062 1314 aliis
2110 1277 2255 1314 merito

546 1335 819 1374 commendari
879 1339 937 1373 set
995 1335 1137 1373 exinde
1193 1335 1392 1374 debitores
1456 1350 1527 1374 nos
1595 1338 1855 1376 constituatis
1924 1338 1973 1376 ad
2041 1341 2253 1388 perpetuas

546 1398 768 1446 gratiarum
809 1397 1001 1436 actiones.

654 1494 736 1532 Rex
785 1493 973 1532 omnibus
1021 1493 1155 1543 probis
1203 1495 1438 1532 hominibus
1487 1495 1569 1532 suis
1616 1495 1662 1532 de
1720 1495 1965 1541 civitatibus,
2031 1495 2168 1545 burgis
2216 1500 2255 1536 et

545 1556 760 1595 dominicis
817 1557 899 1594 suis
956 1557 996 1593 in
1056 1556 1278 1607 Hybemia,
1321 1557 1507 1595 salutem.
1597 1557 1742 1596 Sciatis
1798 1558 1905 1607 quod
1956 1558 2141 1596 dedimus
2210 1560 2251 1597 in

546 1619 749 1657 mandatis
787 1619 932 1657 dilecto
970 1623 1008 1657 et
1048 1619 1156 1656 fideli
1204 1623 1343 1657 nostro
1391 1620 1445 1657 M.
1496 1620 1579 1657 filio
1628 1620 1806 1666 Geroldi,
1846 1621 2069 1671 justiciario
2117 1624 2255 1660 nostro

548 1681 765 1731 Hybernie,
805 1682 911 1730 quod
951 1694 1021 1730 pro
1060 1681 1226 1719 diversis
1273 1682 1419 1720 debitis
1468 1682 1617 1720 nostris
1664 1682 1809 1731 quibus
1851 1696 1992 1721 sumus
2030 1683 2253 1732 plurimum

547 1744 700 1782 onerati
748 1744 1021 1792 acquietandis
1073 1744 1287 1789 tallagium
1347 1758 1466 1794 super
1521 1758 1590 1782 vos
1647 1745 1813 1783 assideri
1871 1745 1992 1784 faciat
2048 1746 2097 1784 ad
2154 1759 2253 1795 opus

546 1809 746 1852 nostruin,
788 1807 891 1845 sicut
930 1806 1128 1851 civitates,
1168 1806 1327 1855 burgo&
1369 1811 1406 1845 et
1454 1807 1658 1845 dominica
1696 1811 1835 1845 nostra
1873 1808 1915 1845 in
1952 1821 2074 1857 regno
2113 1811 2253 1847 nostro

545 1869 693 1907 talliari
741 1869 922 1907 fecimus.
1008 1869 1063 1907 Et
1113 1869 1200 1907 ideo
1248 1869 1361 1908 vobis
1409 1870 1651 1908 mandamus
1699 1870 1804 1918 quod
1852 1871 1980 1908 eidem
2028 1871 2253 1920 justiciario

544 1935 683 1969 nostro
739 1932 787 1969 ad
840 1932 914 1969 hoc
972 1932 1227 1970 intendentes
1284 1933 1374 1970 sitis
1432 1936 1470 1970 et
1528 1933 1830 1982 respondentes.
1915 1933 1963 1971 In
2024 1934 2140 1984 cujus
2197 1934 2252 1972 rei

545 1994 824 2032 testimonium
864 1997 937 2032 etc.

655 2090 739 2128 Rex
777 2090 923 2128 dilecto
961 2093 999 2127 et
1038 2089 1146 2128 fideli
1185 2102 1256 2128 suo
1295 2090 1473 2128 Waltero
1520 2091 1567 2129 de
1611 2092 1752 2141 Lascy,
1802 2091 1989 2130 salutem.
2048 2091 2150 2130 Cum
2200 2092 2248 2130 ad

543 2166 706 2203 presens
772 2165 932 2190 necesse
998 2151 1221 2190 habeamus
1285 2153 1391 2202 quod
1471 2153 1511 2190 in
1574 2154 1735 2201 urgenti
1797 2153 2036 2192 necessitate
2114 2157 2252 2193 nostra

542 2229 663 2265 quam
701 2215 872 2254 dilectus
910 2218 948 2253 et
992 2215 1122 2253 fidelis
1166 2219 1303 2253 noster
1342 2216 1397 2253 M.
1438 2216 1546 2253 filius
1600 2216 1777 2262 Geroldi,
1818 2216 2065 2265 justiciarius
2117 2219 2252 2255 noster

543 2277 761 2328 Hybernie,
797 2276 908 2315 vobis
944 2277 1101 2326 plenius
1135 2278 1319 2316 ostendet
1349 2277 1464 2316 nobis
1497 2278 1760 2324 subveniatis,
1805 2278 2043 2317 fidelitatem
2074 2282 2249 2318 vestram

543 2354 731 2387 rogamus
768 2340 964 2378 attentius
1003 2340 1194 2389 quatinus
1233 2340 1274 2377 in
1314 2340 1508 2389 petitione
1563 2345 1712 2387 nostra,
1753 2341 1800 2378 de
1849 2353 1928 2390 qua
1973 2344 2058 2379 tam
2104 2342 2250 2380 litteris

542 2403 691 2441 nostris
730 2402 962 2452 patentibus
1001 2402 1114 2440 vobis
1152 2407 1190 2441 et
1227 2403 1317 2440 aliis
1355 2403 1543 2441 fidelibus
1577 2404 1726 2442 nostris
1779 2403 1872 2441 inde
1920 2404 2082 2442 directis
2127 2417 2248 2454 quam

542 2479 607 2504 ore
646 2466 771 2514 ipsius
808 2465 1021 2515 justiciarii
1061 2465 1188 2503 nostri
1229 2465 1440 2504 certificari
1480 2466 1674 2515 poteritis,
1707 2467 1763 2504 ita
1802 2478 1874 2504 nos
1913 2465 2084 2515 benigne
2118 2467 2250 2505 velitis

542 2528 728 2566 exaudire
767 2528 871 2577 quod
920 2540 966 2564 ex
1014 2540 1058 2565 eo
1106 2531 1298 2577 appareat
1345 2541 1467 2577 quam
1517 2528 1668 2566 sincere
1717 2541 1790 2566 nos
1838 2528 2060 2566 dilexeritis
2112 2531 2151 2566 et
2199 2529 2247 2567 ad

542 2593 752 2639 perpetuas
791 2588 903 2627 vobis
943 2592 1154 2627 teneamur
1190 2590 1413 2639 gratiarum
1453 2590 1648 2628 actiones.

648 2669 803 2707 Eodem
844 2668 964 2706 inodo
1002 2668 1191 2706 scribitur
1229 2669 1401 2718 singulis
1441 2668 1656 2706 baronibus
1694 2669 1741 2706 de
1779 2668 2001 2719 Hybernia.

649 2765 733 2802 Rex
797 2765 1020 2815 justiciario
1087 2778 1159 2803 suo
1216 2765 1434 2816 Hybernie,
1486 2765 1671 2803 salutem.
1739 2765 1961 2804 Laudabile
2009 2766 2246 2816 obsequium

542 2830 717 2865 vestrum
753 2827 911 2876 plenius
945 2827 1201 2866 attendentes
1246 2829 1351 2878 quod
1386 2828 1588 2866 evidentia
1623 2828 1718 2866 facti
1754 2828 2038 2877 multipliciter
2070 2829 2247 2867 declarat

541 2891 723 2939 copiosas
779 2890 870 2928 inde
928 2890 1039 2928 vobis
1105 2891 1352 2929 exsolvimus
1417 2891 1640 2940 gratiarum
1707 2891 1899 2938 actiones,
1957 2892 2062 2929 inter
2117 2895 2248 2930 cetera

541 2953 749 2991 fidelitatis
796 2956 925 2990 ’vestre
977 2952 1167 3002 obsequia
1212 2966 1281 2992 vos
1335 2953 1530 2992 habentes
1581 2954 1885 2992 commendatos
1937 2954 1984 2992 de
2035 2954 2246 3003 diligentia

539 3028 661 3065 quam
699 3017 825 3053 estate
864 3015 1055 3063 preterita
1093 3016 1175 3064 jam
1215 3015 1426 3054 laborastis
1466 3016 1570 3054 circa
1608 3017 1769 3065 negotia
1808 3018 1946 3054 nostra
1983 3016 2024 3053 in
2063 3016 2245 3066 partibus

541 3079 716 3117 Connac’
775 3077 1019 3126 expedienda
1084 3081 1122 3116 et
1188 3079 1235 3116 de
1301 3079 1492 3116 thesauro
1549 3082 1688 3117 nostro
1753 3091 1871 3128 quem
1937 3091 2065 3128 nuper
2129 3079 2245 3117 nobis

540 3139 838 3179 transmisistis.
938 3139 992 3177 Et
1040 3152 1131 3177 cum
1181 3141 1378 3180 relacione
1427 3140 1668 3179 venerabilis
1715 3140 1840 3190 patris
1887 3140 1935 3178 L.
1980 3140 2244 3179 Dublinensis

539 3201 841 3252 archiepiscopi,
898 3204 937 3239 et
993 3205 1214 3240 ceterorum
1272 3203 1349 3241 fide
1399 3203 1616 3252 dignorum
1690 3202 1805 3241 nobis
1861 3203 2083 3240 innotuerit
2138 3203 2244 3253 quod

539 3265 760 3315 plurimum
808 3263 989 3313 expediet
1032 3265 1321 3313 tranquillitati
1370 3267 1472 3303 terre
1520 3268 1655 3303 nostre
1702 3265 1878 3314 predicte
1925 3266 2099 3302 Connac'
2139 3265 2243 3314 quod

539 3330 670 3377 preter
708 3327 786 3365 tria
824 3329 954 3364 castra
993 3339 1068 3375 que
1108 3326 1257 3364 ibidem
1297 3328 1450 3365 firmari
1489 3328 1642 3366 fecistis
1694 3327 1824 3365 adhuc
1863 3327 1905 3364 in
1944 3330 2069 3364 estate
2108 3327 2245 3365 futura

539 3391 618 3428 duo
656 3389 804 3428 ibidem
844 3388 1082 3433 firmentur:
1131 3388 1317 3427 fidelitati
1357 3392 1485 3427 vestre
1524 3389 1801 3439 significamus
1834 3389 1939 3440 quod
1978 3388 2077 3426 bene
2115 3389 2245 3439 placet
