2375 3587
250 235 286 274 ιε)

280 235 331 274 ἐς

311 366 456 413 1236.

303 434 363 471 [111.
390 428 464 474 20.]

1179 234 1366 278 CLOSE
1410 231 1614 274 ROLLs.

553 431 676 470 libras
735 446 833 483 quas
892 434 1013 483 Hugo
1074 434 1120 471 de
1181 433 1348 482 Gurnay
1404 430 1519 468 debet
1576 429 1707 467 Aaron
1756 428 1839 465 filio
1897 426 2068 470 Abrahe,
2117 423 2248 461 Mosse

552 493 636 532 filio
683 495 809 542 Isaac,
857 496 984 534 David
1034 496 1080 533 de
1130 494 1298 538 Omnia,
1348 492 1566 531 Benedicto
1619 490 1785 539 Crespin
1833 492 1872 527 et
1922 487 2083 531 Jacobo,
2134 483 2248 522 fratri

552 556 651 605 ejus,
694 558 846 604 -Judeis,
908 557 1217 607 perdonavimus
1275 556 1403 593 eidem
1463 554 1628 602 Hugoni
1691 565 1816 601 usque
1865 552 1915 589 ad
1961 546 2249 600 qnaterviginti

552 621 591 655 et
638 619 814 670 quinque
862 632 1028 664 marcas,
1069 631 1144 668 que
1192 620 1285 655 sunt
1334 630 1417 655 sors
1467 616 1591 654 totius
1638 613 1805 664 predicti
1853 612 1988 652 debiti.
2065 611 2121 648 Et
2159 621 2248 647 con-

552 681 746 720 cessimus
776 682 906 720 eidem
937 681 1041 730 quod
1071 679 1269 729 predictas
1298 677 1587 729 quaterviginti
1626 681 1664 715 et
1703 676 1883 726 quinque
1922 687 2076 712 marcas
2114 671 2252 710 reddat

553 741 703 781 eisdem
751 745 890 782 -Judeis
939 743 1045 780 infra
1091 743 1191 780 duos
1241 754 1383 787 annos,
1424 740 1610 778 videlicet
1648 739 1697 777 ad
1745 738 1957 783 Pascham‚
1998 749 2104 775 anno
2141 731 2253 783 regni

556 805 683 842 nostri
736 820 800 843 xx.
857 805 1001 854 viginti
1056 817 1225 850 marcas,
1278 807 1317 842 et
1369 803 1418 840 ad
1476 803 1624 840 festum
1684 800 1822 840 Sancti
1879 799 2102 843 Michaelis,
2147 809 2254 835 anno

556 866 707 911 eodem,
738 868 882 916 viginti
930 870 969 905 et
1017 867 1116 905 duas
1165 878 1320 904 marcas
1367 868 1406 903 et
1453 863 1678 908 dimidiam,
1718 866 1756 900 et
1804 862 1853 900 ad
1900 862 2110 905 Paschmn,
2147 871 2254 896 anno

558 927 669 976 regni
720 930 844 967 nostri
893 929 1083 967 vicesimo
1132 929 1274 978 primo,
1310 926 1454 976 viginti
1511 938 1680 971 marcas,
1728 927 1766 962 et
1813 924 1862 961 ad
1908 924 2057 961 festum
2116 921 2255 961 Sancti

559 991 777 1037 Michaelis,
809 1005 915 1029 anno
963 991 1116 1037 eodem,
1157 990 1252 1041 xxij.
1302 1002 1457 1027 marcas
1505 991 1543 1026 et
1591 986 1814 1024 dimidiam.
1907 985 1962 1023 Et
2010 984 2096 1022 ideo
2144 983 2254 1022 vobis

558 1054 799 1091 mandamus
837 1054 941 1102 quod
980 1054 1027 1091 de
1066 1052 1253 1102 predictis
1293 1051 1475 1089 ducentis
1514 1053 1552 1088 et
1587 1048 1730 1098 viginti
1770 1047 1882 1086 libris
1921 1059 2045 1096 usque
2083 1047 2132 1084 ad
2170 1059 2254 1095 pre-

557 1116 686 1153 dictus
724 1115 1011 1165 quaterviginti
1050 1119 1088 1153 et
1127 1115 1303 1164 quinque
1342 1125 1496 1150 marcas
1545 1110 1767 1160 predictum
1816 1109 2032 1158 Hugonem
2074 1109 2255 1158 quietum

558 1192 641 1216 esse
692 1179 849 1217 faciatis
896 1181 935 1216 et
981 1178 1028 1216 de
1077 1178 1157 1215 illis
1205 1175 1491 1227 quaterviginti
1540 1178 1578 1213 et
1624 1173 1800 1223 quinque
1863 1171 2008 1210 marcis
2064 1172 2257 1210 terminos

558 1241 755 1290 predictos
793 1240 937 1279 habere
976 1239 1234 1290 permittatis.
1311 1239 1427 1277 Teste
1465 1241 1510 1277 ut
1548 1249 1680 1286 supra.

673 1381 746 1415 l'r«)
816 1380 1024 1427 Ilem'naldo
1091 1381 1133 1415 de
1202 1376 1583 1415 lxm-›mi-aw—Rex
1650 1373 1854 1412 commisit
1928 1373 2149 1422 Reginaldo
2213 1374 2259 1411 de

561 1440 789 1478 Bernava-ll'
841 1441 889 1478 ad
939 1453 979 1478 00
1042 1440 1351 1478 sustentandum
1420 1438 1461 1475 in
1528 1437 1689 1475 servitio
1758 1436 1874 1485 regis,
1930 1436 2120 1485 quamdin
2180 1435 2261 1484 regi

560 1502 769 1550 placuerit,
811 1506 955 1540 terram
995 1502 1042 1539 de
1082 1501 1228 1539 Obride
1266 1513 1387 1550 qnam
1438 1500 1558 1548 Hugo
1605 1499 1652 1536 de
1702 1498 1947 1542 Bernavall’‚
1988 1497 2110 1535 frater
2148 1510 2259 1542 suus,

560 1564 700 1602 habuit
740 1565 786 1602 de
825 1564 1095 1613 assignatione
1134 1563 1347 1607 Johannis,
1383 1562 1586 1612 quondam
1634 1560 1899 1598 Norwicensis
1937 1559 2123 1608 episcopi,
2165 1563 2261 1597 tunc

560 1626 771 1674 justiciarii
812 1626 1018 1664 Hiber-nie.
1103 1627 1156 1664 Et
1204 1625 1443 1663 mandatum
1491 1626 1550 1661 001
1598 1623 1653 1660 Μ.
1694 1622 1778 1660 filio
1822 1621 1998 1667 Geroldi‚
2038 1621 2260 1671 justiciario

563 1687 767 1733 Hibernie‚
807 1688 911 1737 quod
965 1688 1011 1725 de
1069 1687 1246 1737 predicta
1302 1689 1407 1724 terra
1463 1685 1537 1735 ipsi
1595 1684 1816 1734 Reginaldo
1873 1684 2032 1733 plenam
2072 1682 2259 1721 seisinam

563 1749 706 1788 habere
741 1750 874 1788 faciat.
952 1750 1068 1787 Teste
1107 1753 1152 1787 ut
1191 1762 1322 1797 supra.

677 1889 750 1924 [70
790 1888 923 1924 Roeffl'a
963 1901 1029 1935 que
1066 1888 1151 1934 fuit
1188 1899 1283 1923 uxor
1327 1885 1479 1922 Roberti
1514 1884 1600 1932 filii
1643 1882 1956 1920 Walteri.—Rex
2013 1882 2169 1920 dilectis
2225 1886 2263 1921 et

564 1948 748 1985 fidelibus
788 1948 868 1986 suis
908 1948 1077 1986 Ricardo
1115 1947 1162 1985 de
1200 1947 1237 1984 la
1276 1946 1374 1984 Lad'
1414 1948 1453 1983 et
1492 1945 1574 1981 Ade
1622 1944 1706 1981 filio
1745 1943 1951 1988 willelmi,
1991 1944 2263 1982 excaetoribus

564 2010 658 2055 suis,
697 2010 881 2048 salutem.
959 2010 1202 2047 Mandamus
1241 2008 1352 2046 vobis
1391 2006 1495 2056 quod
1534 2007 1580 2043 de
1615 2005 1804 2043 maneriis
1834 2005 1881 2042 de
1912 2005 2027 2055 Teye,
2058 2006 2105 2043 de
2135 2006 2263 2056 Dysce

563 2075 601 2109 et
641 2072 868 2118 Hemehal',
908 2085 983 2121 que
1018 2072 1180 2109 fuerunt
1220 2069 1382 2108 Roberti
1412 2067 1486 2105 filii
1516 2067 1682 2105 Walteri
1712 2070 1751 2105 et
1784 2067 1889 2104 unde
1925 2066 2029 2104 idem
2068 2066 2264 2106 Robertus

564 2134 716 2172 dotavit
774 2134 959 2172 Roesiam
1017 2145 1180 2172 uxorem
1247 2133 1346 2182 ejus,
1395 2132 1513 2180 prout
1560 2132 1670 2167 carta
1719 2129 1897 2179 ejusdem
1941 2128 2103 2167 Roberti
2142 2143 2263 2179 quam

564 2197 740 2244 predicta
779 2197 923 2235 Roesia
973 2210 1107 2235 corani
1156 2194 1272 2233 nobis
1310 2193 1478 2243 protulit
1527 2195 1707 2237 testatur,
1757 2191 1885 2229 eidem
1926 2191 2067 2229 Roesie
2104 2192 2264 2240 plenam

565 2258 753 2296 0010111011]
795 2258 937 2295 habere
976 2257 1147 2295 faciatis.
1225 2255 1451 2301 Diligenter
1498 2254 1621 2291 etiam
1670 2253 1884 2302 inquiratis
1924 2256 2059 2290 utrum
2103 2253 2264 2302 aliquod

565 2320 611 2357 de
661 2320 848 2369 predictis
901 2320 1091 2358 maneriis
1143 2319 1195 2356 sit
1247 2322 1366 2366 caput
1420 2315 1581 2353 baronie
1629 2327 1748 2364 quam
1800 2314 2001 2363 predictus
2067 2314 2264 2353 Robertus

565 2383 695 2421 tenuit
728 2383 774 2420 de
810 2382 924 2420 nobis
957 2382 995 2419 in
1029 2382 1170 2430 capite,
1207 2384 1245 2418 et
1279 2383 1417 2417 utrum
1450 2377 1519 2414 illa
1552 2378 1627 2414 tria
1655 2376 1834 2414 maneria
1868 2376 2059 2414 excedant
2088 2377 2262 2414 valorem

565 2445 679 2483 tertie
718 2445 843 2493 partis
882 2448 1091 2489 terrarum,
1132 2456 1207 2492 que
1245 2442 1408 2479 fuerunt
1447 2439 1572 2488 ipsius
1620 2437 1784 2476 Roberti
1831 2438 1877 2476 de
1925 2438 2147 2477 hereditate
2195 2453 2266 2477 sua

566 2507 738 2556 propria,
793 2510 831 2544 et
883 2502 945 2543 id*
972 2505 1088 2544 nobis
1140 2504 1213 2542 sub
1263 2502 1406 2552 sigillis
1456 2501 1600 2539 vestris
1649 2500 1734 2538 sine
1772 2500 1965 2538 dilatione
2016 2501 2264 2549 significetis.

566 2569 669 2616 Quia
717 2568 907 2606 nolumus
955 2581 1040 2613 nec,
1091 2567 1194 2605 sicut
1241 2566 1305 2616 jus
1363 2563 1604 2613 expostulat,
1653 2562 1772 2612 quod,
1828 2562 1861 2600 si
1923 2562 2083 2611 aliquod
2141 2563 2264 2600 trium

566 2631 839 2669 maneriorum
888 2629 1157 2679 predictorum
1220 2627 1271 2665 sit
1329 2628 1449 2675 caput
1508 2624 1681 2673 predicte
1739 2623 1915 2669 baronie,
1955 2624 2083 2662 eidem
2123 2625 2264 2662 Roesie

566 2696 770 2731 remaneat
820 2692 861 2729 in
911 2692 1058 2736 dotem,
1110 2693 1148 2728 et
1198 2692 1389 2738 preterea,
1441 2687 1474 2724 si
1524 2686 1594 2723 illa
1635 2685 1815 2722 maneria
1858 2686 2051 2724 excedant
2090 2686 2264 2724 valorem

567 2755 682 2793 tertie
722 2754 846 2804 partis
890 2757 1085 2791 terrarum
1129 2764 1204 2801 que
1246 2751 1410 2787 fuerunt
1462 2748 1587 2797 ipsius
1641 2746 1818 2792 30110111,
1860 2747 2048 2785 volumus
2085 2749 2189 2797 quod
2226 2749 2265 2786 id

567 2818 671 2867 quod
720 2815 914 2865 supererit
963 2815 1069 2852 ultra
1116 2811 1395 2850 rationabilem
1446 2811 1580 2848 dotem
1630 2809 1758 2847 eidem
1815 2809 1955 2847 300010
1994 2813 2192 2848 resecetur
2229 2814 2267 2848 et

568 2878 820 2929 portionibus
877 2877 1034 2915 heredis
1091 2874 1257 2925 predicti
1314 2872 1477 2911 Roberti
1549 2872 1732 2909 addatur.
1811 2871 1927 2909 Teste
1968 2875 2183 2921 utsupra.

677 3019 766 3054 Jtm.
849 3017 922 3052 Pro
989 3013 1222 3060 ressa—Rex
1282 3009 1410 3048 mittit
1475 3009 1524 3046 ad
1586 3008 1751 3046 ballivos
1829 3008 1947 3047 Suht'
2017 3008 2264 3047 Germanum

569 3080 809 3118 talliatorem
851 3090 968 3115 suum
1007 3076 1056 3112 ad
1095 3073 1254 3122 negotia
1292 3071 1394 3121 regis
1442 3083 1517 3120 que
1558 3083 1622 3107 rex
1660 3070 1693 3107 ei
1733 3070 1910 3119 injunxit
1944 3070 2139 3108 facienda.
2211 3072 2265 3109 Et

569 3141 808 3179 mandatum
838 3145 897 3176 est
925 3137 1114 3186 predictis
1143 3135 1302 3173 ballivis
1339 3133 1444 3183 quod
1475 3132 1523 3169 ad
1553 3145 1598 3169 ea
1626 3131 1838 3169 efficaciter
1875 3133 2133 3181 expedienda,
2164 3133 2266 3171 sicut

569 3205 624 3241 eis
658 3203 760 3240 dicet
799 3214 845 3238 ex
882 3203 993 3248 parte
1032 3198 1148 3247 regis,
1188 3197 1223 3234 ei
1261 3196 1342 3234 sint
1380 3194 1622 3232 auxiliantes
1669 3196 1707 3230 et
1754 3194 2025 3238 00110111011100,
2065 3195 2121 3232 110
2162 3196 2265 3244 quod

569 3279 636 3303 rex
674 3277 739 3302 eos
777 3263 869 3300 inde
915 3261 1056 3298 debeat
1094 3259 1239 3297 habere
1278 3256 1593 3296 commendatos.
1669 3256 1784 3293 Teste
1822 3267 1912 3304 rege
1950 3257 2055 3305 apud
2096 3256 2264 3296 Sander.

569 3327 684 3372 ford‘,
724 3339 761 3363 v.
801 3325 864 3363 die
898 3322 1095 3363 Januarii.
