2375 3587
202 195 287 238 &w

263 318 409 368 1237.

264 387 324 425 [m.
344 384 412 426 15]

1139 200 1326 244 CLOSE
1371 200 1578 244 ROLLS.

612 397 691 433 Pro
729 398 857 434 abbate
893 399 936 434 de
974 397 1455 435 Furnes’.—Mandatum
1508 398 1569 433 est
1622 395 1777 444 Rogero
1830 396 1877 434 de
1921 396 2067 435 Essex’
2105 396 2210 445 quod

504 457 551 496 de
589 460 694 496 terra
739 471 815 508 que
863 459 942 497 fuit
988 459 1199 497 Michaelis
1247 458 1282 495 le
1331 457 1541 506 Flemeng'
1582 470 1674 495 cum
1713 456 1904 495 omnibus
1952 458 2211 507 pertinentiis

504 520 587 558 suis
651 533 773 569 quam
839 521 1036 559 concessit
1103 519 1291 572 Roberto‚
1349 519 1556 568 quondam
1614 518 1751 557 abbati
1817 520 1864 557 de
1932 520 2115 565 Furnes',
2174 523 2212 557 et

503 582 712 620 monachis
743 582 935 631 ejusdem,
968 585 1007 620 et
1038 581 1201 620 ecclesie
1235 581 1420 625 Furnes’,
1450 581 1666 618 tenendam
1703 580 1749 618 de
1789 593 1880 630 rege
1920 585 1958 619 et
1999 581 2212 620 heredibus

502 643 605 693 regis
643 644 843 683 reddendo
883 644 975 682 inde
1027 643 1110 693 regi
1159 646 1198 680 et
1250 641 1465 679 heredibus
1517 642 1621 691 regis
1672 654 1740 690 per
1793 655 1948 680 annum
2001 657 2039 681 x.
2086 643 2209 681 libras

500 717 570 754 per
621 719 790 744 manum
844 719 958 744 suam
1011 705 1059 743 ad
1106 704 1361 744 Scaccarium
1412 703 1530 752 regis,
1572 706 1611 742 et
1656 716 1778 752 quam
1815 704 1858 741 in
1898 718 2066 743 manum
2106 705 2209 754 regis

498 767 603 816 cepit
651 781 720 817 per
770 771 1005 817 preceptum
1058 766 1162 815 regis
1217 778 1285 814 per
1335 768 1508 803 mortem
1560 765 1729 814 predicti
1781 765 1957 812 Roberffi,
1998 767 2206 816 quondum

499 828 655 868 abbatis
693 830 871 880 ejusdem
912 829 1000 873 loci,
1040 828 1155 866 fratri
1196 827 1415 872 Willelmo‚
1448 841 1556 866 nunc
1595 827 1731 865 abbati
1770 828 1951 877 ejusdem
1992 829 2082 874 loci,
2122 829 2208 867 sine

498 891 690 929 dilatione
728 892 889 940 plenam
929 890 1119 928 seisinam
1158 888 1304 927 habere
1343 888 1479 926 faciat.
1557 889 1675 927 Teste
1715 902 1804 938 rege
1847 891 1954 939 apud
1995 890 2207 936 Keneton’,

500 954 584 1004 viij.
625 953 687 991 die
728 953 891 1002 Aprilis.

612 1063 687 1098 Pro
738 1075 852 1098 ‘zm-me
899 1062 1063 1097 Henrici
1114 1062 1158 1096 de
1210 1061 1247 1097 Za
1302 1059 1810 1107 Pmnerays.——Mandatum
1871 1062 1931 1098 est
1983 1060 2209 1098 vicecomiti

500 1123 677 1161 Devonie
715 1123 832 1172 quod,
871 1121 1089 1171 assumptis
1137 1134 1272 1160 secum
1320 1124 1493 1170 quatuor
1541 1122 1588 1159 de
1637 1121 1940 1159 discretioribus
1986 1124 2024 1159 et
2072 1121 2207 1170 legali-

499 1185 634 1224 oribus
671 1184 870 1223 militibus
907 1187 946 1222 et
988 1183 1079 1221 aliis
1118 1183 1165 1221 de
1206 1183 1402 1222 comitatu
1443 1196 1529 1228 suo,
1571 1183 1611 1221 in
1648 1183 1810 1232 propria
1846 1196 2017 1232 persona
2051 1184 2210 1222 accedat

499 1248 548 1286 ad
587 1251 711 1286 terras
751 1251 788 1285 et
827 1249 1060 1284 tenementa
1098 1258 1173 1295 que
1215 1246 1380 1284 fuerunt
1419 1245 1587 1284 Henrici
1625 1246 1673 1283 de
1708 1246 1746 1283 la
1784 1245 2008 1296 Pumeraye
2042 1249 2081 1284 et
2115 1249 2209 1283 sunt

500 1310 542 1348 in
570 1309 751 1348 custodia
784 1309 886 1358 regis
918 1309 959 1346 in
995 1307 1118 1346 bailia
1152 1320 1236 1354 sua,
1273 1311 1313 1346 et
1344 1320 1413 1357 per
1444 1308 1575 1345 visum
1609 1307 1830 1345 eorundem
1865 1307 2061 1357 assignari
2089 1308 2210 1346 faciat

502 1372 724 1421 Margarete
762 1383 837 1419 que
876 1370 953 1407 fuit
993 1383 1092 1408 uxor
1126 1369 1252 1418 ipsius
1284 1369 1450 1407 Henrici
1483 1369 1544 1407 vel
1584 1371 1691 1407 certo
1730 1369 1880 1407 nuncio
1919 1382 2003 1415 suo,
2035 1369 2206 1407 rationa-

501 1434 621 1472 bilem
660 1434 793 1472 dotem
825 1446 939 1470 suam
971 1445 1047 1482 que
1079 1433 1210 1482 ipsam
1240 1432 1442 1481 contingit
1472 1432 1519 1469 de
1549 1431 1700 1469 eisdem
1732 1431 1850 1469 terris
1881 1434 1919 1469 ot
1950 1432 2207 1470 tenementis.

503 1497 618 1534 Teste
658 1509 746 1545 rege
784 1495 888 1544 apud
929 1495 1121 1545 Kenynt‘,
1162 1508 1199 1532 x.
1240 1494 1302 1532 die
1341 1494 1505 1543 Aprilis.

610 1575 763 1612 Eodem
798 1574 916 1611 modo
951 1573 1139 1611 scribitur
1172 1572 1400 1611 vicecomiti
1437 1571 1636 1610 Cornubie
1668 1572 1715 1609 de
1748 1572 1864 1609 terris
1897 1576 1935 1610 et
1967 1573 2209 1611 tenementis

501 1651 576 1688 que
615 1637 775 1675 fuerunt
815 1637 939 1685 ipsius
980 1635 1148 1673 Henrici
1189 1636 1230 1672 in
1270 1634 1393 1672 ballia
1432 1648 1516 1672 sua.
1577 1634 1695 1672 Teste
1734 1647 1824 1683 rege
1865 1638 1908 1672 ut
1947 1648 2081 1684 supra,

610 1747 665 1782 De
698 1746 847 1782 catallis
902 1759 968 1793 quc
1009 1747 1173 1792 fuerunt
1228 1745 1391 1781 Henm'ci
1438 1742 1918 1791 predicti.——Mandatum
1966 1746 2025 1780 est
2074 1743 2209 1781 comiti

503 1807 699 1847 Cornubie
737 1807 841 1856 quod
880 1806 1017 1844 onmia
1056 1806 1203 1844 catalla
1241 1819 1316 1855 que
1357 1806 1521 1843 fuerunt
1554 1805 1722 1843 Henrici
1757 1805 1804 1842 de
1843 1805 1881 1842 la
1920 1804 2120 1855 Pumeray
2168 1805 2209 1842 in

502 1870 697 1908 comitatu
751 1868 965 1914 cornubie,
1026 1872 1063 1906 et
1116 1881 1191 1917 que
1249 1870 1344 1906 sunt
1402 1868 1443 1905 in
1498 1880 1621 1905 manu
1680 1880 1752 1905 sua
1808 1867 2015 1905 occasione
2067 1867 2209 1905 mortis

503 1932 668 1982 predicti
707 1930 886 1975 Hernici,
927 1930 1038 1968 salvo
1077 1930 1270 1968 custodiri
1311 1930 1433 1968 faciat
1483 1941 1689 1978 quousque
1739 1941 1807 1967 rex
1853 1941 1944 1967 cum
1993 1941 2039 1966 eo
2088 1929 2207 1967 collo-

502 1995 641 2044 quuim
698 1993 896 2038 habuerit,
956 1993 1011 2030 ita
1062 1992 1167 2042 quod
1215 1992 1341 2030 nichil
1380 1992 1470 2030 inde
1528 1995 1776 2030 amoveatur.
1836 1991 1954 2029 Teste
2012 2004 2101 2040 rege
2163 1994 2208 2029 ut

501 2069 634 2105 supra.

612 2165 689 2201 Pr«,
716 2165 841 2211 priore
890 2165 933 2199 «lc
989 2162 1466 2199 Lentone.—Mandatum
1523 2164 1583 2198 est
1643 2160 1814 2198 Roberto
1871 2161 1918 2198 de
1974 2160 2055 2198 Ros
2103 2161 2207 2210 quod

501 2226 705 2264 residuum
744 2225 791 2263 de
831 2238 892 2262 xv.
933 2223 1156 2274 quercubus
1190 2224 1295 2273 quod
1335 2224 1445 2261 deest
1479 2223 1603 2272 priori
1656 2223 1702 2260 de
1748 2222 1938 2268 Lenton',
1992 2235 2091 2271 quas
2141 2236 2208 2261 rex

502 2288 537 2326 ei
578 2288 686 2325 dedit
724 2287 772 2325 ad
812 2287 1078 2324 infirmariam
1118 2299 1233 2323 suam
1274 2285 1500 2323 faciendam
1541 2285 1582 2322 in
1626 2286 1741 2322 bosco
1780 2285 1826 2321 (le
1866 2284 2082 2335 Wyllegh’,
2123 2298 2206 2334 per-

503 2350 641 2388 mittat
678 2350 810 2398 ipsum
851 2348 1023 2398 priorem
1075 2348 1161 2386 sine
1223 2347 1514 2397 impedimento
1580 2349 1829 2396 prosternere
1895 2350 1934 2384 et
1999 2345 2207 2385 abducere.

503 2412 620 2450 Teste
658 2423 746 2459 rege
784 2414 828 2448 ut
865 2423 998 2459 supra.

610 2515 688 2551 Pro
751 2527 844 2561 resse,
907 2515 948 2549 de
1008 2515 1173 2561 piscibus
1238 2510 1746 2560 capienda.--Mandatum
1812 2513 1872 2549 est
1929 2511 2107 2549 <Iohanni
2172 2512 2208 2550 le

503 2578 710 2626 Flemeng’
749 2576 854 2626 quod
892 2575 1081 2625 piscatori
1121 2575 1225 2625 regis
1263 2588 1382 2624 quem
1423 2575 1472 2612 ad
1510 2574 1644 2623 ipsun]
1693 2573 1823 2611 mittit
1870 2574 1919 2611 ad
1969 2575 2208 2624 capiendum

502 2654 571 2690 per
603 2639 735 2678 Visum
770 2651 888 2677 suum
919 2638 960 2675 in
990 2638 1142 2676 vivario
1172 2638 1276 2687 regis
1311 2637 1358 2675 de
1388 2637 1569 2685 Neuport
1609 2635 1661 2673 lx.
1695 2635 1882 2674 brennias
1922 2639 1960 2675 et
1999 2636 2051 2676 xl.
2083 2637 2208 2675 lucios

503 2703 551 2741 ad
582 2715 682 2752 opus
713 2701 816 2750 regis
844 2700 1058 2738 intendens
1091 2700 1142 2738 sit
1173 2700 1222 2737 ad
1254 2700 1329 2737 hoc
1358 2702 1397 2737 et
1431 2698 1648 2736 auxiliano.
1708 2697 1824 2735 Teste
1854 2710 1944 2747 rege
1973 2701 2018 2737 ut
2047 2712 2179 2748 supra.

612 2824 689 2860 Pro
732 2823 888 2858 Ii'oberto
936 2823 976 2857 de
1014 2820 1558 2868 Muscegsros'.—-Mandatum
1598 2821 1657 2856 est
1697 2818 1868 2855 Ricardo
1907 2818 1954 2855 de
1993 2818 2206 2857 VVrotham

503 2884 607 2935 quod
645 2883 788 2921 habere
827 2882 949 2920 faciat
989 2881 1163 2919 Roberto
1209 2882 1256 2919 de
1296 2882 1542 2929 Muscegros,
1582 2880 1628 2917 de
1667 2880 1772 2917 dono
1811 2880 1928 2928 regis,
1969 2893 2039 2929 per
2076 2881 2208 2918 visum

503 2946 683 2986 viridarii
738 2945 844 2994 regis
897 2944 938 2981 in
993 2944 1141 2982 foresta
1198 2946 1299 2993 regis
1352 2944 1399 2981 de
1452 2943 1652 2981 Selewode
1702 2942 1982 2979 maerennium
2035 2943 2083 2980 ad
2136 2944 2206 2993 xij.

504 3008 669 3058 copulas
717 3005 921 3045 faciendas
968 3006 1017 3043 ad
1064 3006 1361 3054 reparationem
1409 3005 1621 3042 domorum
1669 3017 1834 3042 suorum
1873 3004 1921 3041 de
1961 3004 2205 3043 Cherleton'.

506 3072 622 3109 Teste
660 3082 750 3118 rege
788 3071 832 3106 ut
871 3081 1005 3116 supra.

614 3176 669 3212 De
707 3173 827 3210 damis
865 3173 1212 3219 capiendis.—Rex
1251 3171 1407 3209 custodi
1438 3170 1546 3219 parci
1581 3170 1642 3208 sui
1672 3169 1719 3207 de
1754 3169 1988 3218 Havering’‚
2020 3169 2207 3208 salutem.

505 3237 710 3276 Mittimus
757 3234 806 3272 ad
849 3237 887 3271 te
927 3233 1158 3270 Hamonem
1197 3233 1328 3270 filium
1367 3232 1546 3282 Philippi
1585 3232 1633 3269 ad
1672 3231 1911 3280 capiendum
1951 3231 1992 3268 in
2032 3232 2209 3280 predicto

505 3312 623 3350 parco
671 3310 736 3335 xx,
785 3296 924 3333 damas
972 3297 1111 3333 contra
1158 3295 1317 3332 instans
1368 3294 1523 3332 Pascha
1570 3305 1677 3331 anno
1725 3294 1839 3341 regni
1886 3293 1989 3341 regis
2037 3294 2117 3342 xxj.
2163 3294 2211 3331 ad

506 3374 605 3411 opus
659 3363 858 3397 nostrum.
936 3356 991 3393 Et
1041 3356 1128 3393 ideo
1182 3355 1255 3392 tibi
1306 3356 1550 3407 precipimus
1604 3354 1708 3407 quod
1757 3354 1889 3403 ipsum
1942 3367 2008 3391 eas
2065 3354 2213 3393 ibidem
