2375 3587
223 343 365 389 1236.

214 408 276 449 [m.
294 410 362 448 10.]

1098 218 1152 257 20
1194 216 1399 257 HENRY
1441 216 1521 256 ΙΙΙ.
2080 214 2161 254 277

566 413 653 450 Har.
735 413 786 449 De
842 415 1045 461 quercubus
1097 415 1146 449 ad
1197 414 1434 449 'minorennium
1489 413 1681 447 domorum
1732 411 1849 447 castri
1906 409 2164 454 Hs'inconieg.ffi

456 473 694 511 Mandatum
733 477 792 511 est
831 474 1131 512 constabulario
1165 474 1385 512 Porecestr’
1427 472 1531 521 quod
1571 472 1613 509 in
1646 471 1794 509 foresta
1832 471 1879 508 de
1911 470 1949 507 la
1987 470 2082 507 Bere
2121 468 2162 505 in

455 533 605 572 balliva
637 548 709 572 sua
746 535 868 574 faciat
906 536 1051 574 habere
1086 535 1313 574 vicecomiti
1353 535 1471 574 Suht’
1516 533 1569 570 xl.
1603 546 1773 582 quercus
1812 532 1860 569 ad
1899 530 2163 569 maeremium

456 596 548 634 inde
587 597 813 635 faciendum
852 598 901 635 ad
941 598 1082 636 domos
1126 597 1228 646 regis
1277 597 1384 634 infra
1422 600 1600 634 castrum
1638 594 1856 631 Wintonie.
1917 593 2034 631 Teste
2074 604 2163 640 rege

456 662 501 696 ut
541 671 674 707 supra.

567 765 641 800 Pro
686 764 849 801 Hem-ico
885 766 927 800 de
965 763 1438 812 Helynn.—Mandatum
1471 763 1531 799 est
1566 759 1792 798 vicecomiti
1825 758 1942 796 Berk'
1979 758 2084 807 quod
2118 758 2165 795 de

456 828 561 862 terra
610 824 651 862 in
700 825 884 863 Falewel'
936 838 1057 875 quam
1102 825 1332 863 Willelmus
1380 823 1523 861 Blome
1573 825 1682 860 tenet
1734 824 1773 859 et
1824 821 1930 857 unde
1979 833 2047 857 rex
2092 832 2163 868 pro

455 887 665 925 voluntate
713 887 809 925 fecit
856 887 1051 925 disseisiri
1099 887 1328 925 Henricum
1375 886 1422 923 de
1462 885 1626 934 Helyun
1676 884 1804 921 eidem
1852 881 2032 919 Heni-ico
2080 881 2164 918 sine

455 948 648 987 dilatione
701 949 864 998 plenam
917 949 1108 987 seisinam
1163 948 1309 987 habere
1367 947 1502 992 faciat,
1556 946 1677 984 salvis
1731 945 1910 994 predicto
1959 943 2164 981 Willelmo

455 1009 584 1048 bladis
623 1014 660 1048 et
699 1011 856 1049 catallis
896 1011 980 1049 suis
1017 1024 1093 1060 que
1132 1010 1252 1048 habet
1292 1010 1338 1059 iu
1373 1009 1512 1047 eadem
1553 1011 1672 1046 terra.
1733 1007 1850 1044 Teste
1889 1009 1933 1043 ut
1972 1018 2103 1054 supra.

566 1116 642 1152 Pro
690 1129 783 1164 τερα,
833 1118 876 1152 de
919 1117 1055 1164 qrissio
1105 1128 1210 1163 opere
1258 1122 1290 1150 et
1338 1111 1737 1150 cera.—Mandauun
1794 1114 1855 1147 est
1910 1109 1955 1146 A.
2011 1108 2165 1153 ssacun,

453 1177 610 1214 custodi
657 1177 935 1215 nundin-arum
987 1177 1127 1216 Sancti
1176 1176 1343 1220 Botulfi,
1389 1175 1494 1225 quod
1543 1174 1583 1210 in
1634 1172 1828 1210 nundinis
1877 1170 2068 1220 predictis
2117 1170 2165 1207 ad

453 1251 553 1287 opus
604 1239 707 1288 regis
746 1239 868 1277 faciat
903 1239 1067 1277 retineri
1119 1238 1348 1288 quindecim
1398 1236 1591 1275 milliaria
1639 1235 1773 1284 grissii
1821 1234 1952 1283 operis
2000 1236 2038 1270 et
2086 1233 2165 1270 duo

454 1301 645 1339 milliaria
686 1314 771 1339 cere
809 1315 933 1351 usque
972 1302 1020 1339 ad
1060 1301 1282 1339 adventum
1324 1301 1386 1338 W.
1418 1299 1466 1337 de
1506 1297 1747 1336 Haverhull'
1798 1300 1836 1334 et
1886 1298 1944 1334 W.
1985 1294 2166 1333 scissoris

454 1364 558 1413 regis
596 1364 646 1401 ad
689 1364 895 1402 nundinas
934 1364 1146 1413 predictas.
1226 1364 1345 1401 Teste
1382 1375 1470 1411 rege
1511 1360 1616 1410 apud
1667 1358 1933 1403 Wintoniam,
1985 1371 2048 1395 xv.
2102 1357 2165 1394 die

456 1426 584 1464 Junii.

564 1523 620 1558 De
659 1523 755 1559 vinis
792 1523 1015 1571 recipiendis
1052 1528 1085 1557 et
1132 1522 1313 1569 ponendis
1363 1522 1402 1557 in
1444 1520 1583 1555 celarit)
1634 1519 1729 1565 Γνεῃίς
1780 1516 2164 1563 Suhampt'.—Man-

453 1583 594 1621 datum
633 1587 693 1621 est
729 1582 962 1622 custodibus
1000 1583 1187 1621 vinorum
1228 1582 1332 1631 regis
1374 1581 1587 1629 Suhampt'
1625 1579 1730 1628 quod
1769 1579 1906 1617 decem
1944 1579 1982 1615 et
2020 1589 2163 1615 novem

453 1645 560 1684 dolia
598 1646 681 1684 vini
720 1659 796 1696 que
835 1645 1044 1684 Barnabas
1084 1646 1131 1683 de
1168 1644 1382 1683 Barbeflet'
1414 1643 1471 1681 eis
1500 1640 1687 1680 liberabit
1720 1640 1768 1679 ab
1799 1640 1938 1679 eodem
1979 1640 2028 1677 ad
2065 1652 2165 1688 opus

454 1707 557 1757 regis
596 1708 761 1758 recipiat
803 1709 886 1760 (sic)
927 1711 965 1746 et
1004 1721 1049 1746 ea
1086 1707 1128 1744 in
1163 1707 1308 1746 celario
1347 1705 1451 1755 regis
1489 1704 1604 1743 Suht'
1638 1703 1733 1752 poni
1772 1702 1937 1747 faciant,
1969 1701 2078 1739 salvo
2117 1701 2167 1738 ad

453 1783 553 1819 opus
586 1771 690 1820 regis
726 1770 877 1808 ibidem
908 1770 1170 1809 custodienda
1208 1770 1333 1808 donec
1372 1781 1440 1806 rex
1478 1766 1589 1805 aliud
1628 1765 1720 1803 inde
1759 1763 1991 1814 preceperit.
2051 1763 2166 1801 Teste

454 1835 499 1871 ut
538 1846 671 1882 supra.

563 1912 666 1959 Quia
700 1911 843 1950 Belina
877 1925 956 1962 que
994 1912 1072 1951 fuit
1107 1925 1207 1950 uxor
1238 1909 1474 1954 Deuleben'‚
1511 1907 1629 1946 Judei
1660 1905 1883 1950 Wintonie‚
1915 1904 2039 1942 finem
2074 1903 2168 1942 fecit

454 1988 547 2013 cum
586 1987 676 2024 rege
719 1987 788 2024 per
833 1974 1027 2013 ducentas
1077 1987 1233 2012 marcas
1283 1986 1354 2022 pro
1400 1970 1598 2009 habendis
1648 1968 1804 2007 catallis
1850 1971 1888 2005 et
1928 1966 2056 2004 vadiis
2093 1979 2167 2016 que

455 2038 621 2075 fuerunt
651 2036 818 2086 predicti
848 2036 922 2075 viri
953 2037 1014 2074 sui
1053 2036 1116 2074 die
1150 2049 1228 2086 quo
1267 2034 1392 2078 obiit3
1449 2032 1690 2071 mandatum
1736 2034 1795 2068 est
1847 2028 2080 2079 justiciariis
2119 2028 2167 2065 ad

454 2100 680 2139 custodiam
719 2100 941 2143 Judeorum
971 2098 1331 2149 assignatis-quod
1371 2097 1418 2134 de
1452 2095 1610 2134 catallis
1649 2098 1688 2132 et
1726 2093 1854 2131 vadiis
1888 2105 1963 2141 que
1991 2091 2168 2140 predicta

455 2163 585 2201 Judea
623 2162 846 2200 secundum
887 2162 1014 2212 legem
1062 2164 1101 2200 et
1151 2160 1487 2200 consuetudinem
1526 2157 1640 2207 regni
1680 2155 1783 2205 regis
1823 2153 1989 2204 probare
2024 2153 2169 2202 poterit

455 2225 578 2263 fuisse
616 2224 783 2274 predicti
822 2224 896 2263 viri
947 2224 1009 2262 sui
1059 2224 1122 2262 die
1167 2223 1345 2273 predicto
1395 2221 1524 2259 eidem
1574 2219 1716 2257 Beline
1765 2217 1926 2267 plenam
1976 2215 2166 2253 seisinani

454 2286 599 2325 habere
637 2286 801 2325 faciant.
878 2287 995 2324 Teste
1034 2289 1079 2324 ut
1114 2299 1249 2335 supra.
1321 2284 1552 2334 [‹.'an‹=elled]
1589 2283 1688 2324 Quia
1729 2281 1842 2317 aliter
1882 2280 2057 2326 iuferius.

533 2391 620 2429 'De
657 2405 740 2428 cera
779 2393 974 2428 retinenda
1014 2393 1064 2427 ad
1103 2404 1194 2438 opus
1233 2386 1645 2437 reglis—Mandatum
1685 2386 1745 2421 est
1789 2381 1947 2420 ballivis
1987 2380 2166 2418 Eristoll'

455 2455 561 2505 quod
600 2454 801 2492 retineant
834 2453 883 2491 ad
932 2467 1033 2503 opus
1084 2452 1188 2502 regis
1241 2453 1443 2490 trecentas
1495 2447 1618 2486 libras
1668 2454 1766 2491 cere,
1827 2445 1884 2482 ita
1940 2443 2046 2493 quod
2099 2456 2167 2480 rex

455 2530 588 2556 ceram
636 2516 749 2554 illam
784 2518 1015 2565 promptam
1064 2514 1211 2553 habeat
1250 2526 1343 2553 cum
1382 2512 1431 2550 ad
1481 2513 1614 2559 partes
1664 2508 1755 2546 illas
1803 2506 1972 2544 venerit.
2050 2505 2167 2543 Teste
2212 2541 2221 2549 ‚

406 2629 409 2631 ‚
458 2583 504 2618 ut
542 2592 675 2629 supra.

565 2686 641 2721 Pro
678 2685 806 2721 abbate
844 2690 876 2720 et
924 2683 1113 2722 monachis
1152 2683 1195 2718 sle
1236 2682 1336 2717 Villa
1374 2675 1797 2716 Nova—*Mandatum
1837 2675 1897 2711 est
1937 2670 2165 2709 Alexandro

455 2748 606 2789 Bacun,
664 2744 820 2782 custodi
876 2743 1041 2782 honoris
1093 2741 1379 2785 Richemund',
1433 2742 1472 2777 et
1529 2737 1679 2775 ballivo
1732 2735 1837 2783 regis
1889 2733 2166 2770 nundinarum

457 2807 596 2847 Sancti
630 2806 782 2844 Botulfi
820 2806 925 2855 quod
964 2804 1109 2843 habere
1144 2803 1295 2842 faciant
1335 2800 1470 2840 abbati
1510 2803 1549 2838 et
1588 2797 1799 2836 monachis
1838 2796 1885 2833 de
1917 2794 2024 2833 Villa
2056 2794 2167 2831 Nova

417 2871 502 2908 ·’de
553 2869 690 2907 ordine
743 2868 1000 2906 Cisterciensi
1052 2867 1190 2905 decem
1243 2865 1366 2903 libras
1417 2876 1517 2913 quas
1571 2860 1743 2909 singulis
1796 2858 1913 2896 annis
1968 2856 2167 2906 percipere

456 2933 750 2970 consueverunt
805 2930 969 2968 nomine
1026 2929 1244 2967 elemosine
1301 2923 1343 2964 in
1410 2923 1605 2963 nundinis
1680 2920 1869 2971 predictis
1940 2919 1988 2956 de
2063 2917 2168 2955 dono

459 2992 714 3037 Constancie‚
748 2992 953 3041 quondam
986 2991 1189 3030 comitisse
1222 2988 1432 3027 Britannie
1469 2990 1647 3034 tempore
1679 2984 1716 3021 J.
1759 2982 1862 3031 regis
1900 2984 1938 3018 et
1989 2983 2167 3028 tempore

458 3056 581 3105 hujus
632 3054 748 3103 regis,
801 3057 1018 3103 antequam
1070 3054 1199 3091 honor
1251 3051 1454 3101 predictus
1507 3046 1757 3097 provenisset
1809 3044 1852 3081 in
1902 3053 2070 3080 manum
2119 3041 2166 3078 P.

460 3116 878 3156 comitis'Britannie.
956 3116 1072 3154 Teste
1112 3119 1156 3153 ut
1198 3127 1331 3163 supra.
1680 3110 1684 3112 ’

571 3223 647 3259 Pro
688 3221 841 3264 Belina,
880 3221 1005 3256 leea
1042 3215 1546 3257 immania-Mandatum
1586 3215 1645 3250 est
1681 3208 1915 3261 justiciariis
1953 3207 2002 3244 ad
2036 3209 2165 3244 custo-

457 3284 567 3323 diam
605 3283 826 3321 Judeorum
866 3281 1083 3331 assignatis
1121 3281 1227 3330 quod
1266 3279 1413 3318 catalla
1452 3280 1491 3315 et
1522 3275 1639 3314 vadia
1673 3280 1749 3322 qu'e
1785 3271 1938 3320 Belyna
1977 3281 2051 3318 que
2090 3268 2168 3305 fuit

443 3341 559 3384 v‘uxor
587 3344 821 3389 Deuleben’,
854 3343 973 3381 Judei
1009 3343 1230 3387 Wintonie,
1263 3341 1428 3391 probare
1464 3336 1611 3387 poterit
1646 3333 1866 3374 secundum
1901 3331 2029 3380 legem
2067 3333 2169 3367 terre

461 3411 596 3447 nostre
633 3421 705 3445 sua
740 3419 824 3444 esse
858 3406 987 3443 eidem
1026 3405 1167 3443 Beline
1202 3404 1346 3442 habere
1381 3402 1545 3439 faciant.
1623 3397 1740 3434 Teste
1776 3399 1818 3432 ut
1857 3406 1992 3442 supra.
