2375 3587
139 291 284 340 1236.

135 357 194 399 [m.
220 357 294 399 22]

1019 177 1070 217 21
1114 176 1321 218 HENRY
1362 177 1445 218 III.
2005 181 2086 221 385

486 372 566 408 Pro
602 373 767 410 Ii'icardo
808 374 1271 413 Siward.——Mandatum
1307 376 1367 413 est
1401 374 1618 413 baronibus
1653 376 1700 414 de
1736 375 1943 415 Scaccario
1982 375 2086 425 quod

379 432 621 471 demandam
698 447 819 484 quam
897 436 1051 474 faciunt
1119 437 1291 475 Ricardo
1361 435 1515 475 Siward
1585 449 1654 485 per
1726 437 2086 476 summonitionem

380 493 577 533 Scaccarii
627 500 781 545 ponant
839 497 879 534 in
927 500 1152 547 respectum
1206 510 1331 547 usque
1380 498 1422 535 in
1471 499 1694 536 crastinum
1745 499 1885 538 Sancti
1930 499 2085 537 Andree

377 555 573 605 Apostoli,
631 571 738 596 anno
794 560 906 608 regni
963 560 1045 610 xxj.
1133 560 1249 598 Teste
1307 572 1397 609 rege
1462 560 1569 609 apud
1627 561 1822 607 Windes⁷,
1879 561 1964 611 viij.
2023 561 2085 599 die

377 617 628 658 Novembris.

483 744 563 780 Pro
612 745 778 782 Ricardo
827 747 869 782 de
917 745 1343 794 Gray.—Mandatu1n
1401 748 1462 783 est
1519 745 1672 784 eisdem
1728 746 1848 795 quod,
1902 759 1949 784 ex
2005 760 2084 797 quo

376 803 572 843 Ricardus
610 806 657 844 de
697 807 819 857 Gray,
860 807 923 845 cui
976 808 1083 845 diem
1134 807 1385 857 prefixerunt
1431 808 1624 846 reddendi
1676 811 1911 857 compotum
1963 821 2082 846 suum

375 867 422 905 de
460 868 657 906 comitatu
695 869 999 916 Northumbrie‚
1041 884 1063 908 a
1111 870 1320 910 Scaccario
1368 871 1472 920 regis
1520 871 1682 909 recessit
1731 884 1811 909 non
1852 871 2084 910 licentiatus

373 932 412 967 et
451 933 638 980 compoto
675 944 747 969 suo
786 945 867 970 non
906 932 1073 978 reddito,
1114 933 1219 982 quod
1269 933 1491 971 secundum
1530 933 1866 972 consuetudinem
1905 934 2082 984 ejusdem

376 990 574 1030 Scaccarii
601 994 818 1043 procedant
847 994 896 1032 ad
924 994 1121 1045 judicium
1152 995 1199 1032 de
1229 995 1336 1033 facto
1366 1008 1438 1033 suo
1466 995 1767 1045 proferendum.
1845 995 1961 1034 Teste
1990 1008 2080 1045 rege

374 1056 418 1092 ut
457 1067 590 1105 supra.

480 1182 560 1218 Pro
609 1185 768 1230 Symmze
815 1183 1161 1230 l'ercqfoil.—Rex
1207 1183 1443 1233 justiciariis
1491 1183 1540 1221 ad
1588 1183 1813 1222 custodiam
1861 1183 2081 1222 Judeorum

372 1242 601 1292 assignatis,
643 1244 829 1282 salutem.
907 1244 1152 1283 Mandamus
1199 1245 1311 1283 vobis
1359 1246 1465 1294 quod
1514 1246 1677 1283 extendi
1725 1246 1882 1284 faciatis
1934 1248 2081 1283 terram

374 1304 565 1354 Symonis
604 1305 829 1344 Percefoill'
870 1306 912 1344 in
941 1307 1139 1345 comitatu
1179 1307 1290 1353 Bed',
1325 1310 1524 1356 quantum
1564 1308 1696 1346 valeat
1735 1320 1804 1357 per
1842 1320 1998 1345 annum
2038 1307 2079 1344 in

371 1366 585 1406 dominicis
615 1367 836 1406 redditibus
866 1371 905 1406 et
943 1368 1133 1406 omnibus
1172 1369 1262 1407 aliis
1301 1368 1474 1407 exitibus
1515 1372 1631 1416 terre,
1663 1373 1702 1407 et
1742 1370 1870 1408 eidem
1913 1369 2081 1420 Symoni

372 1430 592 1467 secundum
633 1434 838 1468 extentam
879 1431 992 1468 illam
1033 1431 1315 1469 rationabilem
1356 1431 1479 1469 finem
1519 1435 1558 1470 et
1597 1431 1856 1470 rationabiles
1888 1432 2081 1470 terminos

372 1491 515 1529 habere
555 1492 712 1530 faciatis
752 1493 799 1530 de
838 1492 973 1531 debito
1021 1494 1127 1542 quod
1175 1493 1290 1531 debet
1338 1493 1488 1531 Aaroni
1537 1493 1622 1531 filio
1670 1493 1889 1538 Abraham,
1931 1495 2079 1531 Aaroni

371 1552 532 1591 Blundo
571 1556 608 1591 et
648 1554 749 1604 Elye
788 1554 901 1591 fratri
951 1555 1050 1604 ejus,
1093 1555 1232 1592 Judeis
1280 1555 1425 1599 Lond’,
1468 1558 1506 1592 et
1556 1555 1699 1592 David'
1751 1555 1834 1593 filio
1875 1555 1994 1593 Vives
2042 1559 2080 1593 et

371 1614 483 1653 Isaac
523 1616 607 1654 filio
645 1616 789 1662 David,
830 1616 969 1654 Judeis
1007 1618 1054 1654 de
1095 1617 1350 1666 Norhampt‘.
1428 1616 1544 1655 Teste
1587 1630 1675 1666 rege
1714 1622 1758 1655 ut
1799 1630 1931 1666 supra.
2007 1618 2082 1655 Per

371 1677 434 1715 W.
465 1677 512 1715 de
551 1678 735 1728 Ralegh’.

485 1786 559 1821 Pro
602 1786 730 1833 probis
779 1786 988 1822 haminibus
1038 1783 1318 1822 szd'.-Rex
1366 1782 1582 1821 baronibus
1630 1783 1714 1821 suis
1762 1783 1809 1820 de
1860 1782 2078 1829 Sczoecario,

371 1845 556 1884 salutem.
631 1847 876 1884 Mandamus
914 1846 1028 1884 vobis
1066 1846 1172 1896 quod
1211 1846 1258 1883 de
1305 1844 1449 1883 debitis
1489 1858 1564 1894 que
1612 1858 1680 1894 per
1719 1845 2079 1883 summonitionem

373 1907 570 1946 Scaccarii
618 1909 748 1947 nostri
791 1908 951 1958 exigitis
991 1922 1012 1946 a
1050 1907 1184 1958 probis
1223 1906 1457 1946 hominibus
1496 1907 1646 1945 nostris
1685 1907 1731 1944 de
1770 1907 1900 1944 Lond’
1941 1919 2079 1956 pacem

371 1969 427 2008 eis
465 1970 611 2009 habere
648 1970 892 2021 permittatis
931 1983 1057 2021 usque
1095 1970 1144 2008 ad
1191 1969 1353 2008 octabas
1401 1968 1542 2007 Sancti
1590 1968 1780 2020 Hyllarii‚
1822 1981 1929 2007 anno
1966 1969 2080 2018 regni

371 2033 499 2072 nostri
537 2034 618 2084 xxj.
698 2034 815 2072 Teste
853 2046 943 2084 rege
982 2037 1025 2071 ut
1064 2046 1197 2083 supra.

482 2141 558 2177 Pro
617 2141 808 2177 ΑηᾹ-ρι-ῖίἰο
865 2138 1334 2176 Maln›·e.-—ii1a11dat11m
1383 2139 1442 2175 est
1500 2135 1718 2175 baronibus
1773 2136 1820 2175 de
1874 2136 2081 2176 Scaceario

371 2202 477 2252 quod
525 2202 771 2240 demandam
819 2201 932 2251 xxiij.
982 2213 1210 2238 marcarum
1260 2199 1313 2237 ix.
1364 2199 1585 2238 solidorum
1634 2201 1673 2236 et
1721 2199 1774 2237 ix.
1824 2199 2081 2237 denariorum

371 2278 492 2315 quam
543 2278 612 2314 per
665 2263 1026 2302 sunnnonitionem
1088 2262 1286 2301 Scaccarii
1344 2262 1477 2300 facitis
1535 2261 1742 2299 Anketillo
1798 2261 1954 2300 Malure
2010 2274 2081 2311 pro

372 2327 500 2365 bladis
547 2327 695 2375 emptis
743 2326 783 2363 in
833 2325 1014 2364 manerio
1062 2325 1108 2363 de
1156 2324 1312 2371 Erleh',
1362 2336 1501 2373 pacem
1553 2323 1588 2361 ei
1636 2323 1782 2362 habere
1839 2324 2079 2373 permittant

372 2402 497 2439 usque
534 2389 583 2427 ad
622 2387 784 2427 octabas
823 2387 1125 2426 Purificationis
1164 2386 1288 2425 Beate
1327 2386 1469 2432 Marie,
1505 2398 1612 2424 anno
1652 2385 1763 2435 regni
1804 2387 1885 2435 xxj.
1959 2386 2078 2425 Teste

372 2465 461 2502 rege
500 2455 545 2490 ut
584 2464 716 2501 supra.

481 2560 560 2596 Pro
612 2559 797 2596 U'z'llelmo
846 2558 889 2594 de
936 2555 1332 2593 Kena-Mandatum
1375 2556 1435 2592 est
1483 2553 1664 2592 Johanni
1703 2553 1750 2591 de
1788 2553 1933 2591 Nevill⁷
1973 2553 2079 2603 quod

371 2620 516 2659 habere
574 2621 695 2659 faciat
751 2618 959 2657 Willelmo
1015 2618 1062 2656 de
1118 2617 1205 2655 Ken
1262 2631 1298 2657 v.
1353 2616 1494 2654 damas
1552 2615 1594 2653 in
1646 2616 1794 2654 foresta
1860 2616 1963 2665 regis
2031 2616 2079 2654 de

371 2683 663 2733 Rokingeham,
703 2682 750 2720 de
788 2682 894 2720 dono
935 2680 1052 2730 regis.
1113 2679 1230 2718 Teste
1270 2692 1359 2728 rege
1398 2681 1442 2716 ut
1480 2691 1613 2728 supra.

480 2806 556 2841 Pro
588 2805 838 2841 Immlmensi
872 2801 1337 2850 episcopo.-—Mandatun
1374 2803 1433 2837 est
1466 2800 1637 2838 Ricardo
1671 2800 1719 2837 de
1758 2800 1795 2837 la
1830 2799 1938 2837 Lade
1972 2800 2077 2849 quod

368 2866 512 2904 habere
550 2865 672 2903 faciat
702 2865 750 2902 R.
782 2863 1052 2901 Dunolmensi
1091 2862 1290 2911 episcopo,
1322 2876 1356 2900 v.
1399 2862 1538 2899 damas
1569 2861 1610 2898 in
1645 2861 1765 2911 [haya
1794 2862 1841 2898 de
1872 2863 2071 2910 vancelled]

370 2928 591 2966 Blakedon'
643 2930 782 2964 contra
838 2925 997 2963 instans
1049 2924 1199 2963 festum
1258 2923 1415 2962 Natalis
1469 2923 1650 2969 Domini,
1705 2923 1751 2961 de
1804 2924 1908 2961 dono
1957 2923 2074 2971 regis.

373 2991 489 3029 Teste
527 2992 572 3027 ut
600 3002 732 3038 supra.

483 3096 559 3131 l'ro
617 3094 798 3130 H'illelmu
856 3094 899 3128 <Ie
955 3091 1353 3129 Ii'en.—-Maiidatuni
1410 3093 1470 3128 est
1522 3089 1749 3128 vicecomiti
1805 3088 1917 3126 Norf'
1970 3090 2075 3138 quod

373 3158 536 3208 plenam
589 3155 780 3193 seisinam
834 3154 979 3192 habere
1029 3153 1152 3192 faciat
1204 3153 1409 3192 Willelmo
1462 3153 1510 3190 de
1559 3153 1646 3190 Ken
1696 3152 1743 3189 de
1794 3154 1899 3189 terra
1955 3164 2075 3201 quam

373 3219 588 3268 Philippus
627 3218 673 3255 de
713 3216 925 3254 Albiniaco
964 3216 1095 3254 tenuit
1143 3216 1190 3253 de
1232 3228 1321 3264 rege
1369 3215 1585 3264 aliquando
1632 3213 1674 3251 in
1714 3213 1925 3263 Wylitun',
1966 3213 2076 3251 salvo

373 3281 547 3320 termino
595 3279 642 3316 R.
692 3277 852 3316 comitis
908 3276 1120 3322 Cornubie,
1171 3277 1220 3314 ad
1267 3289 1385 3326 quem
1441 3276 1642 3325 predictus
1699 3275 1915 3322 Philippus
1962 3274 2074 3312 illam

375 3343 529 3381 dimisit
568 3344 783 3390 antequam
826 3339 1028 3391 profectus
1068 3338 1146 3377 fuit
1185 3339 1226 3377 in
1266 3338 1428 3377 Terram
1471 3337 1676 3376 Sanctam.

432 3430 537 3463 18690
1923 3423 1942 3457 2
1967 3424 1993 3457 Β
