2375 3587
164 303 186 347 1
197 303 306 348 236.

167 370 228 407 [m.
254 367 327 408 20.]

1068 180 1120 219 21
1164 178 1372 219 HENRY
1412 178 1494 220 III.
2025 177 2108 217 393

518 366 597 403 Pro
650 366 777 412 priore
826 365 1044 411 Hospitalis
1103 365 1235 401 Sancti
1287 363 1479 399 ,Iohannis
1535 363 1743 397 ,lamsalvm
1805 363 1840 396 in
1902 361 2110 406 simma.—

408 426 649 476 Mandatum
689 430 748 464 est
786 425 1021 476 justiciariis
1062 426 1110 463 de
1148 425 1286 463 Banco
1332 423 1438 473 quod
1490 423 1691 471 loquelam
1730 435 1806 471 que
1862 421 2112 459 summonita

406 479 466 525 est
522 501 655 526 coram
709 488 764 525 eis
813 501 836 525 a
885 488 947 525 die
1002 487 1140 526 Sancti
1198 486 1365 524 Martini
1419 485 1460 522 in
1513 498 1576 523 xv.
1636 485 1719 521 dies
1777 484 1882 521 inter
1938 483 2109 531 priorem

408 550 634 599 Hospitalis
671 550 809 588 Sancti
849 550 1051 587 Johannis
1086 549 1324 587 Jerusalem’
1360 548 1401 584 in
1437 547 1584 595 Anglia
1622 551 1661 584 et
1701 547 1748 583 R.
1783 545 2110 583 Lincolnienseni

405 612 651 661 episcopum,
691 625 813 662 quare
852 612 957 650 idem
996 612 1206 660 episcopus
1244 623 1326 648 non
1365 608 1531 647 admisit
1574 608 1761 645 idoneam
1807 620 2018 655 personam
2063 606 2111 644 ad

405 675 747 723 presentationem
779 675 957 724 ejusdem
988 673 1131 723 prioris
1164 673 1213 711 ad
1247 671 1455 711 ecclesiam
1485 671 1533 708 de
1563 669 1866 708 Bukemunistr’
1892 683 1967 718 que
1998 673 2111 707 vacat

406 739 445 774 et
484 736 533 773 ad
573 749 688 774 suam
729 740 882 786 spectat
916 736 1190 781 donationem,
1226 738 1271 772 ut
1309 734 1419 780 dicit,
1459 735 1612 783 ponant
1651 732 1690 769 in
1728 735 1953 781 respectum
1988 745 2111 780 usque

406 798 455 835 ad
494 797 656 836 octabas
697 798 836 838 Sancti
871 798 1049 837 Hillarii.
1107 797 1223 835 Teste
1262 809 1351 845 rege
1389 798 1434 833 ut
1472 807 1605 844 supra.

516 903 594 939 Pro
625 903 801 940 ,Iohanne
839 904 882 938 de
923 900 1385 939 miclon-Mandatum
1426 902 1486 937 est
1525 897 1685 936 ballivis
1726 900 1864 946 portus
1904 897 1952 934 de
1990 897 2110 934 Dovr'

407 964 511 1012 quod
560 964 800 1013 permittant
849 963 1080 1001 Johannem
1128 963 1175 1000 de
1223 961 1371 1000 Baillol
1418 960 1681 999 transfretare
1723 973 1815 997 cum
1864 958 2110 1003 hominibus,

407 1025 532 1075 equis,
573 1029 612 1064 et
652 1026 839 1064 hernesio
875 1038 959 1072 suo,
1010 1028 1171 1074 accepta
1218 1023 1267 1062 ab
1306 1037 1351 1061 60
1398 1022 1533 1061 debita
1571 1026 1610 1060 et
1649 1022 1862 1060 securitate
1907 1024 2112 1059 consueta.

409 1087 526 1126 Teste
564 1101 654 1138 rege
692 1090 737 1126 ut
777 1101 911 1138 supra.

517 1194 728 1240 Hyberm'a.
800 1193 857 1229 De
904 1192 1046 1240 loquela
1094 1192 1193 1228 inter
1232 1191 1443 1227 Henricum
1483 1190 1526 1225 (Ie
1566 1189 1767 1225 Truberill’
1808 1195 1841 1224 et
1887 1188 2111 1224 ll'illelnmm

411 1256 528 1294 silium
570 1255 691 1291 Alani
729 1261 762 1290 et
800 1256 975 1301 Assuetcm
1018 1267 1171 1290 umorem
1219 1254 1295 1300 ejus
1336 1253 1512 1299 ponenda
1559 1252 1598 1288 ’ῖη
1648 1249 2006 1298 respt⁷c·tmn.—Rex
2056 1248 2111 1285 M.

409 1316 493 1354 filio
533 1316 696 1355 Geroldi
727 1315 951 1366 justiciario
985 1328 1056 1352 suo
1090 1313 1307 1364 Hybernie,
1343 1313 1528 1351 salutem.
1588 1312 1831 1349 Mandamus
1866 1310 1977 1349 vobis
2007 1310 2113 1360 quod

411 1379 579 1417 assisam
630 1378 772 1416 mortis
822 1376 1100 1423 antecessoris,
1155 1389 1231 1425 que
1283 1374 1535 1414 summonita
1585 1377 1644 1413 est
1694 1386 1828 1412 coram
1880 1373 2115 1423 justiciariis

410 1442 558 1479 nostris
605 1441 647 1478 in
691 1441 802 1479 curia
849 1444 987 1479 nostra
1034 1438 1201 1477 Dublin'
1251 1439 1357 1476 inter
1411 1437 1663 1476 Willelmum
1725 1436 1857 1474 filium
1905 1436 2024 1474 Alani
2074 1439 2113 1474 et

410 1503 607 1552 Agnetem
635 1516 800 1541 uxorem
836 1515 951 1541 suam
984 1504 1178 1551 petentes,
1206 1506 1245 1538 et
1280 1500 1503 1538 Henricum
1535 1499 1583 1537 de
1614 1498 1847 1536 Trublevill'
1894 1501 2113 1543 tenentem,

411 1566 459 1603 (16
514 1566 695 1603 manerio
758 1565 805 1603 de
869 1564 1132 1602 Ballimadun
1198 1576 1290 1601 cum
1357 1561 1627 1611 pertinentiis,
1686 1561 1782 1610 poni
1849 1560 2007 1598 faciatis
2072 1560 2113 1597 in

410 1631 638 1677 respectum
691 1640 815 1677 usque
865 1627 948 1664 ad·
949 1624 1130 1664 octabas
1179 1627 1325 1664 Sancte
1379 1623 1607 1668 Trinitatis,
1661 1636 1769 1661 anno
1821 1622 1934 1671 regni
1986 1622 2113 1659 nostri

410 1691 491 1741 xxj.
576 1690 694 1728 Teste
732 1702 821 1738 rege
859 1689 966 1738 apud
1004 1687 1202 1734 Windles,
1242 1687 1338 1737 xvij.
1379 1686 1441 1724 die
1480 1684 1735 1724 Novembris.

525 1788 598 1824 Pro
655 1788 803 1823 rustode
855 1793 982 1834 pontes
1039 1786 1081 1820 de
1140 1782 1585 1822 §ranem-Mandatum
1651 1783 1711 1819 est
1776 1780 2000 1830 Reginaldo
2069 1781 2115 1818 de

411 1849 709 1894 Blancmuster,
760 1847 916 1886 custodi
964 1847 1109 1885 foreste
1155 1846 1202 1884 de
1251 1845 1460 1891 Windles’,
1501 1844 1606 1894 quod
1654 1843 1695 1881 in
1744 1843 1892 1882 foresta
1938 1842 2117 1892 predicta

410 1911 532 1950 faciat
570 1910 714 1949 habere
752 1909 909 1949 custodi
948 1908 1084 1959 pontis
1122 1908 1170 1947 (16
1211 1908 1357 1947 Stanes
1394 1907 1495 1945 duas
1532 1918 1701 1956 quercus
1739 1905 1788 1943 ad
1822 1905 2115 1955 reparationem

411 1974 592 2025 ejusdem
631 1973 781 2023 pontis,
821 1972 868 2010 de
907 1972 1013 2011 dono
1051 1971 1170 2021 regis.
1247 1971 1364 2009 Teste
1402 1982 1492 2019 rege
1531 1971 1575 2007 ut
1615 1981 1751 2018 supra.

520 2080 578 2116 De
629 2079 727 2115 vinis
777 2079 873 2126 ‘reyis
921 2078 1118 2114 vendendis
1170 2077 1273 2124 apud
1323 2072 1783 2121 Heref'.——Mandatum
1840 2075 1901 2110 est
1957 2071 2117 2110 ballivis

414 2140 623 2180 Hereford’
675 2140 781 2190 quod
833 2139 907 2189 iiij.
961 2138 1068 2177 dolia
1116 2137 1200 2176 vini
1252 2149 1329 2187 que
1381 2138 1477 2174 sunt
1534 2135 1575 2173 in
1633 2134 1816 2173 custodia
1871 2133 2119 2173 vicecomitis

414 2203 625 2242 Herefoid'
665 2206 705 2241 et
741 2214 818 2251 que
855 2201 962 2239 idem
1002 2201 1223 2239 vicecomes
1261 2199 1317 2238 eis
1356 2197 1543 2237 liberabit
1590 2196 1640 2235 ab
1687 2197 1775 2246 ipso
1823 2196 2030 2246 recipiant,
2080 2199 2119 2234 et

413 2278 483 2315 per
533 2265 666 2304 visum
716 2267 755 2302 et
805 2262 1086 2302 testimonium
1138 2261 1319 2312 ejusdem
1376 2258 1625 2299 vicecomitis
1682 2271 1727 2297 ea
1782 2258 1959 2297 vendant
2015 2258 2120 2297 sicut

413 2327 559 2365 melius
592 2328 783 2376 poterunt
821 2325 871 2363 ad
909 2324 1168 2364 commodum
1206 2323 1323 2373 regis,
1356 2322 1466 2361 salvo
1496 2324 1745 2360 reservantes
1776 2320 1960 2359 denarios
1993 2320 2119 2359 donec

413 2402 481 2428 rex
528 2388 637 2428 aliud
684 2388 777 2426 inde
824 2386 1056 2437 preceperit.
1134 2385 1252 2424 Teste
1290 2383 1335 2423 ut
1375 2396 1508 2434 supra.
1586 2384 1819 2432 [Cancelled]
1859 2384 1952 2432 quia
1989 2389 2039 2419 est
2076 2384 2120 2420 in

412 2453 532 2490 rotulo
559 2453 705 2501 finium
738 2464 838 2488 anno
875 2451 956 2498 axvj.

524 2557 602 2593 Pro
640 2557 847 2593 vicecomite
878 2552 1449 2591 Norlmimbria—Mandatum
1478 2554 1539 2589 est
1578 2549 1794 2588 baronibus
1827 2549 1874 2587 de
1915 2548 2122 2588 Scaccario

418 2619 523 2668 quod
561 2621 791 2667 compotum
831 2615 1080 2655 vicecomitis
1118 2613 1405 2660 Norhumbrie,
1437 2613 1469 2651 si
1508 2612 1595 2651 fieri
1629 2612 1769 2662 possit,
1806 2611 1891 2649 sine
1929 2610 2120 2648 dilatione

418 2682 599 2728 audiant,
650 2684 708 2726 ut,
759 2679 846 2729 ipso
902 2678 1052 2725 audito,
1106 2678 1154 2716 ad
1211 2681 1344 2727 partes
1394 2689 1485 2715 suas
1542 2688 1612 2725 pro
1659 2673 1900 2724 quibusdam
1949 2673 2122 2722 negotiis

418 2744 521 2794 regis
563 2756 638 2794 que
680 2741 926 2791 presentiam
976 2753 1091 2779 suam
1138 2739 1348 2789 requirunt
1396 2739 1437 2776 in
1485 2737 1634 2776 eisdem
1682 2735 1809 2774 redire
1854 2735 1984 2774 valeat
2026 2747 2119 2773 cum

419 2805 694 2844 festinatione.
772 2803 963 2854 Alioquin
1012 2802 1227 2852 assignetis
1276 2801 1311 2839 ei
1349 2801 1455 2839 diem
1503 2799 1544 2837 in
1593 2798 1839 2850 quindenam
1883 2797 2035 2836 Pasche
2073 2797 2122 2835 ad

419 2870 650 2918 compotum
690 2867 824 2916 ipsum
866 2865 1128 2904 reddendum.
1207 2864 1324 2902 Teste
1362 2866 1407 2901 ut
1445 2875 1579 2912 supra.

529 2975 606 3011 Pro
654 2974 824 3010 Habet-to
872 2971 1304 3009 JA‹›ese.-—Ma11datu1n
1344 2973 1404 3007 est
1442 2968 1613 3007 Ricardo
1651 2967 1698 3005 de
1738 2964 1993 3004 Munficheth
2026 2966 2120 3014 [sub-

418 3038 570 3076 stituted
609 3038 670 3078 for
707 3034 889 3073 Johanni
932 3034 979 3072 de
1020 3033 1189 3083 Plesset]
1231 3032 1337 3082 quod
1387 3030 1533 3069 habere
1579 3029 1701 3068 faciat
1751 3028 1895 3066 dilecto
1931 3030 1970 3065 et
2014 3026 2123 3064 fideli

420 3113 492 3139 suo
538 3097 723 3137 Huberto
776 3097 912 3135 Husee
959 3096 1059 3135 duos
1107 3096 1247 3134 damos
1303 3097 1342 3132 et
1388 3097 1479 3132 octo
1526 3093 1665 3130 damas
1712 3091 1753 3128 in
1793 3090 1941 3128 foresta
1987 3092 2125 3127 nostra

421 3165 467 3201 de
515 3159 756 3199 Melkessam
807 3160 1041 3207 [substituted
1090 3160 1156 3207 for
1207 3156 1329 3195 bailia
1379 3156 1526 3205 vestra]
1577 3154 1624 3192 ad
1681 3164 1845 3202 parcum
1901 3163 2020 3188 suum
2076 3150 2124 3188 de

421 3222 699 3273 Badmyntun'
734 3220 1059 3265 instaurandum,
1090 3219 1138 3257 de
1167 3219 1273 3257 dono
1311 3230 1396 3256 suo.
1469 3216 1586 3254 Teste
1616 3227 1705 3264 rege
1733 3213 1839 3262 apud
1870 3212 2123 3260 Windlesor’,

421 3287 517 3337 xvij.
549 3285 611 3323 die
641 3281 892 3328 Novembris,
922 3293 1028 3319 anno
1062 3280 1174 3330 regni
1208 3280 1337 3319 nostri
1371 3279 1452 3330 xxj.
1510 3277 1746 3316 Liberatum
1777 3287 1847 3324 per
1877 3273 2124 3313 Almaricum

421 3350 468 3388 de
508 3348 658 3387 Sancto
697 3344 896 3383 Amando.

376 3430 391 3464 2
424 3434 440 3463 1-1
