2375 3587
186 336 328 383 1237.

187 406 244 442 [m.
262 403 307 441 L]

1051 207 1102 245 21
1147 205 1352 244 HENBY
1394 202 1476 244 HI.
2038 205 2118 243 505

528 403 579 438 De
630 409 847 439 testamento
896 403 1168 450 archiepiscopi
1214 399 1834 449 Armacane‘.—Archiepiscopus
1873 398 2125 436 Armacanus

415 469 600 502 mortuus
656 468 739 508 est;
806 468 845 502 et
901 464 1139 501 mandatum
1197 466 1256 500 est
1312 462 1535 512 justiciario
1592 461 1786 499 Hiber-nie
1841 461 1959 511 quod,
2009 461 2041 498 si
2092 460 2126 497 ei

415 530 598 563 constare
666 526 792 575 possit
857 527 963 575 quod
1029 529 1322 563 testamentum
1389 524 1625 569 condiderit,
1685 524 1771 561 sine
1837 523 2128 573 impedimento

416 588 626 636 permittat
656 591 886 626 executores
921 601 1013 626 suos
1044 587 1210 625 liberam
1243 586 1389 624 habere
1418 585 1817 623 administrationem
1851 586 1898 623 de
1937 584 2128 623 omnibus

417 650 573 687 catallis
621 663 696 699 que
744 650 907 687 fuerunt
950 649 1239 698 archiepiscopi
1280 647 1449 697 predicti
1489 648 1538 685 ad
1577 647 1854 685 executionem
1895 646 2129 685 testamenti

419 712 480 749 sui
526 712 777 755 faciendam3
825 715 863 750 et
902 712 935 749 si
973 712 1069 762 quid
1108 712 1155 749 de
1194 710 1384 760 predictis
1423 709 1581 748 catallis
1621 712 1804 747 amotum
1853 709 1987 753 fuerit,
2029 708 2126 745 illud

418 774 475 811 eis
514 774 624 811 reddi
662 774 797 812 faciat.
858 774 974 811 Teste
1014 776 1058 810 ut
1098 786 1231 822 supra.

531 879 608 914 Pro
660 879 743 921 filia
799 879 1007 925 Ηιγγῖηαίιῐῐ
1058 880 1100 913 de
1152 876 1458 925 Nomou—Rex
1511 874 1735 913 vicecomiti
1775 874 1892 919 Buk’,
1943 875 2128 912 salutem.

421 939 663 977 Monstravit
719 939 835 977 nobis
884 939 1134 988 Reginaldus
1186 939 1233 976 de
1285 938 1439 988 Moyun
1491 937 1598 986 quod
1651 950 1743 975 cum
1797 937 2027 975 Willelmus
2083 937 2130 974 de

421 1001 586 1039 Clinton
635 1002 817 1039 maritari
866 1001 1026 1039 fecisset
1074 1001 1326 1040 Willelmum
1378 1000 1509 1037 filium
1560 1012 1678 1037 suum
1719 999 1845 1037 Alicie
1885 999 1966 1037 filie
2004 999 2131 1048 ipsius

420 1063 647 1113 Reginaldi,
706 1067 744 1101 et
801 1063 905 1101 idem
964 1063 1193 1101 Willelmus
1259 1063 1306 1100 de
1364 1075 1532 1100 assensu
1591 1064 1630 1099 et
1686 1061 1897 1099 voluntate
1963 1061 2131 1110 predicti

422 1126 631 1171 Willelmi,
689 1126 814 1175 patris
873 1126 947 1172 sui,
1006 1126 1185 1164 dotasset
1241 1125 1372 1174 ipsam
1431 1124 1603 1162 Aliciam
1672 1136 1837 1161 uxorem
1906 1136 2019 1161 suam
2085 1124 2132 1161 de

420 1188 690 1238 quadraginta
754 1188 911 1226 libratis
968 1191 1070 1226 terre
1128 1201 1219 1226 cum
1278 1186 1534 1236 pertinentiis
1590 1187 1632 1223 in
1699 1186 1857 1231 Eston’,
1917 1185 1972 1223 ita
2028 1186 2133 1235 quod

423 1251 599 1300 predicta
652 1254 757 1289 terra
808 1256 899 1300 post
953 1254 1207 1289 contractum
1258 1250 1374 1287 illuni
1429 1249 1625 1287 remansit
1677 1249 1717 1285 in
1772 1249 1954 1287 custodia
2006 1249 2133 1298 ipsius

423 1313 648 1362 Reginaldi,
701 1317 758 1357 tu,
814 1320 973 1351 mortuo
1021 1313 1198 1362 predicto
1248 1312 1454 1350 Willelmo
1506 1311 1553 1348 de
1606 1311 1784 1349 Clinton'
1839 1314 1877 1348 et
1927 1311 2010 1348 filio
2063 1324 2134 1349 suo

423 1376 613 1424 predicto,
654 1375 794 1424 cepisti
834 1375 875 1412 in
916 1388 1083 1413 manum
1132 1378 1315 1412 nostram
1355 1373 1553 1423 predictas
1592 1373 1646 1412 xl.
1685 1371 1850 1410 libratas
1888 1376 2003 1410 terre.
2080 1372 2136 1410 Et

424 1438 512 1476 ideo
560 1437 632 1475 tibi
680 1437 925 1487 precipimus
972 1438 1090 1486 quod,
1131 1437 1163 1475 si
1213 1437 1270 1474 ita
1317 1440 1377 1474 est
1424 1435 1530 1484 (1110(1
1578 1435 1781 1484 predictus
1820 1435 2050 1473 Willelmus
2089 1435 2136 1472 de

424 1513 590 1537 05500511
643 1503 681 1538 et
733 1500 945 1538 voluntate
997 1499 1164 1548 predicti
1219 1498 1427 1542 willelmi,
1480 1497 1606 1546 patris
1655 1497 1729 1543 sui,
1778 1498 1956 1535 dotasset
2006 1498 2136 1546 ipsam

426 1561 596 1600 Aliciam
636 1574 801 1599 uxorem
851 1574 964 1599 511010
1005 1561 1052 1598 de
1092 1560 1281 1610 predictis
1320 1560 1374 1597 xl.
1416 1559 1573 1597 libratis
1614 1562 1729 1604 terre,
1771 1558 1874 1597 sicut
1913 1559 2136 1607 predictum

426 1628 498 1670 est,
553 1624 682 1662 eidem
739 1623 864 1661 Alicie
921 1623 968 1661 de
1026 1626 1130 1661 terra
1192 1623 1262 1660 illa
1324 1622 1487 1671 plenam
1547 1621 1739 1659 seisinam
1799 1620 1944 1659 habere
2001 1621 2137 1660 facias.

427 1687 544 1724 Teste
582 1690 627 1724 ut
665 1699 798 1735 snpra.

538 1785 614 1820 I'rn
655 1785 840 1820 abbatissa
879 1785 920 1819 «le
962 1781 1282 1820 (ladonam—Rex
1317 1781 1380 1818 die
1410 1779 1626 1818 Dominica
1656 1779 1838 1828 proxima
1868 1784 1960 1817 ante
1991 1780 2139 1818 festum

432 1845 572 1884 Sancti
611 1844 822 1883 Michaelis
872 1844 1055 1893 proximo
1105 1843 1342 1893 preteritum
1396 1842 1501 1891 cepit
1553 1841 1789 1879 fidelitatem
1841 1841 2041 1880 abbatisse
2092 1843 2140 1880 de

432 1908 609 1946 Cadomo
648 1907 754 1956 apud
795 1906 1026 1945 Eboracum
1067 1906 1114 1943 de
1154 1906 1270 1944 terris
1309 1908 1348 1943 et
1389 1904 1634 1942 tenementis
1675 1903 1756 1941 suis
1808 1904 1847 1941 in
1900 1905 2060 1954 Anglia‚
2101 1908 2140 1943 et

430 1970 477 2007 de
514 1969 612 2018 ipsis
651 1969 766 2007 terris
805 1973 842 2006 et
874 1968 1116 2006 tenementis
1146 1969 1180 2006 ei
1211 1967 1402 2006 seisinam
1434 1966 1519 2004 fieri
1550 1965 1738 2014 precepit.
1815 1966 1870 2004 Et
1900 1967 2139 2004 mandatum

428 2035 489 2070 est
528 2031 753 2070 vicecomiti
793 2032 934 2069 Essex'
965 2030 1070 2080 (1110(1
1110 2030 1300 2080 (11110(1111(1
1340 2032 1429 2079 post
1460 2028 1562 2066 diem
1593 2028 1709 2066 illum
1741 2029 1846 2078 cepit
1876 2029 1923 2067 de
1957 2030 2073 2067 terris
2102 2033 2140 2067 et

430 2095 672 2132 tenementis
703 2094 892 2143 predictis
922 2098 961 2131 et
990 2092 1225 2131 hominibus
1264 2093 1444 2142 ipsarum
1485 2094 1683 2128 terrarum
1723 2095 1761 2129 et
1799 2095 2138 2135 tenementorum,

431 2160 514 2195 tam
554 2157 601 2194 de
635 2157 763 2194 firmis
802 2169 924 2205 (1110111
964 2155 1067 2200 01115,
1109 2155 1143 2193 01
1183 2155 1346 2204 plenam
1387 2153 1579 2192 seisinam
1618 2153 1763 2191 habere
1803 2153 1937 2192 faciat.
2024 2154 2140 2192 Teste

430 2223 475 2258 ut
513 2233 645 2269 snpra.

542 2317 748 2353 Hibernia.
836 2316 914 2352 l'ru
958 2315 1144 2351 Il'illelmo
1183 2315 1225 2350 de
1264 2312 1764 2350 Marimis.—Monstravit
1798 2312 1881 2361 regi
1913 2312 2142 2351 Willelmus

434 2379 480 2416 de
520 2379 693 2416 Marisco
729 2377 834 2427 quod
874 2377 1077 2415 -Jordanus
1117 2376 1164 2414 de
1217 2376 1403 2421 Mai-isco,
1458 2379 1571 2424 pater
1622 2388 1730 2421 suus,
1788 2375 2014 2413 disseisitus
2067 2376 2144 2413 fuit

434 2442 481 2480 de
520 2446 626 2479 terro
665 2454 736 2479 sua
789 2441 835 2478 de
887 2439 1127 2478 Corkedofn'
1178 2438 1385 2476 occasione
1434 2451 1575 2487 guerre
1621 2441 1729 2475 mote
1778 2437 1883 2475 inter
1934 2451 2066 2487 regem
2106 2442 2145 2476 et

436 2504 654 2543 Ricardum
695 2502 991 2540 Marescallum.
1079 2502 1134 2539 Et
1173 2501 1415 2538 mandatum
1455 2504 1515 2538 est
1553 2500 1777 2550 justiciario
1817 2499 2010 2538 Hibernie
2038 2501 2143 2550 quod

436 2567 467 2604 si
507 2567 612 2604 idem
667 2565 871 2603 Jordanus
924 2564 1150 2602 disseisitus
1204 2563 1282 2601 fuit
1334 2563 1381 2601 de
1431 2563 1611 2612 predicta
1662 2566 1766 2600 terra
1815 2576 1887 2600 sua
1936 2563 2143 2601 occasione

435 2629 626 2678 predicta,
667 2631 765 2665 tunc
808 2627 885 2676 ipsi
926 2626 1144 2671 Willelmo,
1185 2625 1269 2663 filio
1307 2638 1393 2669 suo,
1435 2628 1645 2674 tamquam
1685 2637 1756 2662 suo
1805 2625 1942 2663 heredi
1981 2625 2142 2674 plenam

436 2690 629 2729 seisinam
668 2689 815 2728 habere
854 2689 990 2727 faciat.
1078 2688 1195 2725 Teste
1234 2692 1278 2725 ut
1319 2700 1451 2736 supra.

544 2789 600 2824 De
639 2788 759 2823 damis
799 2785 1213 2822 datia—Mandatum
1252 2787 1312 2822 est
1360 2783 1532 2821 Ricardo
1581 2783 1627 2820 de
1676 2782 1900 2820 Wrotham’
1950 2783 2055 2832 quod
2102 2783 2143 2820 in

436 2850 585 2888 foresta
622 2849 725 2898 regis
764 2848 811 2886 de
858 2847 1093 2885 Errechich'
1143 2846 1266 2884 faciat
1313 2845 1458 2884 habere
1507 2844 1727 2883 Hereberto
1774 2845 1858 2883 filio
1907 2845 2059 2883 Mathei
2108 2859 2143 2883 v.

437 2913 576 2950 damas
614 2914 652 2949 et
692 2914 771 2948 tres
810 2911 962 2956 damos,
1003 2910 1050 2947 de
1089 2909 1195 2947 dono
1234 2908 1353 2958 regis.
1430 2908 1547 2945 Teste
1588 2910 1632 2945 ut
1672 2920 1804 2956 supra.

548 3009 604 3044 De
660 3008 944 3044 liberationibus
992 3005 1251 3043 ‹luze·s.—Rex
1300 3004 1581 3042 liberationem
1631 3003 1802 3041 duarum
1861 3004 2146 3041 denaratarum

439 3083 560 3119 quam
591 3069 799 3107 Johaiiiies
828 3069 1010 3106 Blundus
1042 3067 1185 3105 habuit
1217 3067 1264 3104 de
1296 3066 1516 3104 elemosina
1551 3066 1654 3115 regis
1693 3066 1914 3103 constituta
1952 3065 2148 3103 concessit

440 3131 620 3171 Johanni
659 3132 706 3168 de
746 3132 866 3169 Meer.
942 3131 996 3168 Et
1035 3130 1275 3168 mandatum
1315 3132 1375 3167 est
1424 3127 1639 3166 baronibus
1687 3128 1734 3165 de
1786 3128 1993 3166 §caccario
2040 3128 2145 3176 quod

440 3194 719 3233 liberationem
758 3193 871 3230 illam
916 3193 951 3230 ei
990 3191 1135 3229 habere
1175 3191 1339 3229 faciant.
1416 3191 1532 3228 Teste
1572 3196 1615 3228 ut
1655 3203 1786 3239 supra.

550 3273 704 3311 Eodem
743 3272 862 3310 modo
902 3270 1093 3309 scribitur
1140 3270 1358 3309 baronibus
1406 3283 1476 3319 pro
1524 3270 1760 3307 Normanno
1808 3268 2051 3305 Neureman'
2101 3269 2148 3306 de

442 3336 521 3374 alia
558 3334 793 3373 liberatione
833 3334 953 3371 unius
991 3333 1181 3371 denarate
1227 3345 1348 3382 quam
1399 3332 1542 3371 Simon
1582 3330 1750 3368 Fulbert
1789 3329 1944 3368 habuit.
2028 3330 2146 3369 Teste

442 3403 485 3437 ut
523 3411 657 3447 snpra.
1608 3388 1613 3392 ⁵

417 3482 426 3493 Ἴ
462 3482 476 3506 ¹2
