2375 3587
178 305 323 355 1235.

173 372 232 412 [m.
261 371 333 411 23]

1049 177 1104 218 20
1146 176 1350 218 HENRY
1392 177 1472 218 ΙΙΙ.
2037 177 2119 218 213

523 374 601 410 Pro
668 374 836 410 Ricardo
903 376 945 410 sle
1014 374 1371 412 Ikett‘m·tlt.’.—Rex
1438 373 1663 412 vicecomiti
1731 373 1841 413 Norf’
1910 375 1949 411 et
2014 371 2114 411 Suff’

412 434 597 473 salutem.
695 434 807 474 Scias
862 436 968 485 quod
1026 435 1222 474 Ricardus
1279 435 1326 473 de
1383 435 1601 473 Ikewurth'
1660 436 1707 473 de
1762 434 1926 474 licentia
1982 436 2116 472 nostra

413 495 606 534 satisfecit
677 496 831 535 Thome
905 497 952 535 de
1031 497 1237 547 Sprotton'
1310 510 1430 547 super
1501 497 1780 536 vulneratione
1853 500 1891 535 et
1964 494 2117 535 roberia

413 569 534 606 quam
591 557 627 596 ei
684 558 778 597 fecit
834 561 974 597 contra
1029 572 1169 609 pacem
1227 562 1422 601 nostram,
1480 558 1530 596 ob
1589 571 1710 608 quam
1767 571 1930 596 causam
1982 557 2115 606 ipsum

413 618 631 657 Ricardum
671 632 693 658 a
731 622 770 658 te
808 620 895 670 capi
934 624 972 658 et
1011 621 1052 659 in
1090 621 1254 670 prisona
1292 623 1432 659 nostra
1470 620 1581 659 salvo
1619 619 1812 658 custodiri
1854 619 2114 669 precepimus.

413 682 467 719 Et
504 680 593 719 ideo
632 680 705 719 tibi
744 682 989 732 precipimus
1027 683 1148 732 quod,
1187 695 1269 721 non
1309 681 1494 720 obstante
1529 681 1608 720 alio
1648 684 1833 730 precepto
1868 684 2006 719 nostro
2044 679 2117 718 tibi

413 741 507 781 inde
545 743 664 789 facto,
705 743 834 782 eidem
873 744 1045 783 Ricardo
1084 757 1223 794 pacem
1258 744 1351 782 inde
1390 744 1536 782 habere
1576 743 1801 793 permittas.
1872 743 1990 781 Teste
2028 755 2116 792 rege

414 805 521 854 apud
560 805 981 853 Westmonasterium,
1020 807 1079 857 iij.
1116 807 1179 845 die
1218 805 1466 845 Decembris.

526 894 600 930 Pro
654 894 832 931 <Iohanne
888 895 1016 931 comite
1073 894 1188 931 (j'estr’
1242 901 1274 931 et
1335 893 1619 931 Hznzt'.—Rex
1682 892 1880 931 concessit
1937 889 2117 930 Johanni

414 954 553 992 comiti
595 954 720 993 Cestr'
760 958 799 994 et
838 955 970 995 Hunt’
1012 956 1117 1005 quod
1155 956 1205 994 ad
1244 968 1407 1005 presens
1445 955 1592 994 habeat
1631 954 1857 993 custodiam
1910 956 1950 992 et
1998 952 2117 991 mari-

415 1016 571 1066 tagium
610 1017 685 1055 filii
724 1020 763 1056 et
802 1018 960 1057 heredis
997 1018 1193 1057 Willelmi
1241 1018 1288 1056 de
1335 1018 1525 1063 Hocton’,
1574 1017 1779 1068 quondam
1826 1016 1902 1055 viri
1950 1015 2120 1054 Isabelle

415 1078 463 1117 de
501 1079 692 1126 Hocton’,
733 1081 802 1129 qui
841 1081 888 1118 de
927 1080 1013 1130 ipso
1051 1080 1198 1119 comite
1236 1080 1382 1125 tenuit,
1423 1080 1534 1119 salvo
1567 1079 1655 1130 jure
1688 1079 1806 1129 regis.
1865 1079 1921 1117 Et
1955 1077 2119 1116 manda-

415 1143 504 1179 tum
542 1144 603 1180 est
641 1142 811 1181 Isabelle
853 1142 1028 1192 predicte
1065 1143 1171 1193 quod
1209 1143 1435 1192 predictum
1473 1141 1605 1180 filium
1645 1145 1684 1180 et
1722 1141 1905 1179 heredem
1943 1140 2121 1190 predicto

415 1203 554 1242 comiti
593 1203 736 1243 habere
776 1204 911 1243 faciat.
971 1205 1088 1243 Teste
1126 1207 1172 1244 ut
1210 1217 1343 1254 supra.

515 1292 607 1329 Rex.
658 1292 738 1329 Pro
764 1293 893 1330 comite
912 1291 1393 1330 mearam—Mandatum
1419 1294 1478 1330 est
1504 1290 1803 1330 constabulario
1830 1289 1877 1328 de
1898 1288 2121 1328 Windesor’

416 1353 522 1402 quod
579 1353 620 1391 in
670 1353 820 1393 foresta
871 1354 975 1404 regis
1033 1355 1080 1393 de
1133 1354 1319 1405 Odyham
1371 1353 1515 1392 habere
1567 1353 1689 1392 faciat
1746 1352 1931 1398 Ricardo,
1984 1351 2124 1390 comiti

417 1414 595 1454 Pictavie
633 1419 672 1455 et
711 1416 923 1464 Cornubie,
956 1416 1132 1467 quinque
1172 1416 1312 1462 bissas,
1345 1416 1393 1454 de
1427 1416 1532 1455 dono
1571 1415 1688 1465 regis.
1748 1415 1865 1453 Teste
1904 1416 1949 1452 ut
1987 1426 2122 1463 supra.

525 1513 618 1549 Res.
669 1512 727 1548 De
759 1513 859 1560 haya
898 1514 940 1549 de
980 1513 1170 1549 Besknmz’
1206 1510 1728 1560 ayistanda.—Mandatum
1763 1512 1823 1548 est
1862 1508 2039 1548 Henrico
2076 1508 2125 1547 de

416 1572 571 1611 Lamel’
601 1574 707 1623 quod
746 1573 893 1624 hayam
932 1574 980 1611 de
1018 1573 1224 1612 Beskwod'
1265 1586 1341 1623 que
1388 1576 1448 1612 est
1495 1573 1537 1611 in
1584 1572 1767 1611 custodia
1806 1585 1878 1610 sua
1916 1584 2008 1610 cum
2047 1583 2126 1621 qua

417 1635 564 1685 poterit
595 1635 856 1674 festinatione
889 1636 1011 1675 faciat
1045 1636 1224 1686 agistari.
1283 1636 1400 1675 Teste
1434 1648 1524 1686 rege
1562 1635 1667 1685 apud
1700 1633 2122 1679 Westmonasterium,

416 1712 454 1737 v.
495 1698 556 1737 die
595 1698 841 1739 Decembris.

528 1787 606 1823 Pro
670 1786 847 1824 <Iohanne
910 1787 1131 1825 Canem-ario
1187 1788 1229 1823 (Ie
1294 1784 1628 1824 London'.—Rex
1689 1783 1887 1823 concessit
1947 1782 2126 1822 Johanni

420 1848 647 1888 Camerario
695 1848 741 1886 de
788 1849 970 1887 London’
1008 1849 1114 1898 quod
1160 1848 1207 1887 de
1256 1848 1425 1898 triginta
1463 1847 1576 1886 libris
1622 1860 1721 1897 quas
1768 1845 1885 1884 debet
1924 1846 2042 1884 Joceo
2081 1846 2128 1883 de

420 1913 657 1959 Milcstrate‚
692 1913 824 1951 Messe
858 1912 905 1949 de
941 1911 1165 1950 Milcstrate
1204 1914 1243 1949 et
1273 1911 1392 1950 Vives
1426 1910 1512 1949 filio
1549 1923 1634 1956 suo,
1669 1910 1771 1960 Elye
1805 1909 1889 1947 filio
1920 1908 2128 1947 Benedicti

419 1978 458 2013 et
505 1976 638 2015 Aaron
688 1974 863 2020 mundo,
904 1973 1046 2012 Judeis
1090 1973 1285 2020 London'‚
1326 1973 1466 2011 reddat
1512 1972 1568 2011 eis
1616 1971 1789 2021 singulis
1838 1970 1956 2009 annis
2003 1983 2127 2008 unam

419 2051 612 2085 marcam,
648 2039 774 2077 donec
806 2036 985 2086 predicte
1017 2035 1186 2086 triginta
1220 2035 1319 2074 libre
1353 2036 1413 2074 eis'
1445 2034 1742 2085 persolvantur.
1801 2033 1857 2071 Et
1887 2033 2127 2071 mandatum

419 2102 480 2139 est
526 2099 761 2150 justiciariis
809 2098 858 2137 ad
905 2097 1130 2137 custodiam
1178 2097 1400 2136 Judeorum
1449 2095 1665 2147 assignatis
1703 2095 1809 2145 quod
1852 2094 1910 2133 ita
1957 2094 2042 2133 fieri
2091 2097 2129 2132 et

419 2162 632 2201 inrotulari
671 2162 835 2201 faciant.
923 2160 1040 2199 Teste
1078 2163 1123 2199 ut
1162 2172 1296 2210 supra.

528 2260 606 2296 Pro
651 2259 705 2296 W.
781 2258 1018 2295 Karziolensi
1059 2254 1541 2304 ep2·seopo.-ix1andatum
1580 2257 1640 2292 est
1678 2251 1856 2290 Henrico
1890 2251 1937 2289 de
1975 2251 2129 2290 Lamel'

418 2321 524 2371 quod
570 2320 781 2370 permittat
828 2319 891 2358 W.
949 2317 1244 2356 Karliolensem
1291 2316 1524 2367 episcopum
1576 2314 1722 2353 habere
1761 2314 1955 2353 ducentos
1993 2326 2132 2363 porcos

419 2383 461 2421 in
499 2383 604 2432 haya
637 2382 740 2431 regis
778 2382 826 2420 de
864 2380 1087 2419 Bekiswod’
1128 2380 1177 2417 ad
1215 2391 1442 2429 pessonam,
1483 2390 1564 2417 non
1608 2376 1794 2416 obstante
1837 2388 1882 2415 eo
1922 2376 2027 2426 quod
2066 2389 2132 2414 rex

420 2445 567 2495 hayam
605 2443 781 2494 precepit
820 2443 949 2493 porcis
988 2442 1173 2491 agistare.
1261 2441 1377 2479 Teste
1416 2443 1461 2479 ut
1500 2452 1633 2489 supra.

529 2541 609 2578 Pro
638 2540 815 2578 johanne
853 2540 895 2576 de
923 2537 1259 2576 &chanan—Rex
1297 2535 1534 2585 perdonavit
1564 2534 1744 2573 dohanni
1774 2534 1821 2572 de
1850 2533 2022 2572 Erlham
2055 2534 2133 2571 tres

421 2615 576 2641 marcas
607 2614 706 2651 quas
744 2600 913 2639 barones
951 2600 999 2638 de
1039 2598 1249 2638 Scaccario
1287 2597 1337 2636 ab
1375 2610 1421 2636 eo
1459 2597 1628 2646 exigunt
1664 2609 1734 2645 per
1772 2594 2132 2634 summonitionem

423 2664 621 2704 Scaccarii
670 2663 774 2714 regis
823 2663 871 2701 de
922 2654 1057 2701 debito
1124 2660 1313 2711 Hugonis
1366 2661 1414 2698 de
1469 2659 1615 2698 Auvill’
1669 2657 1859 2697 avunculi
1917 2657 1992 2696 sui.
2078 2656 2132 2694 Et

421 2727 661 2766 mandatum
718 2728 778 2764 est
833 2724 1050 2763 baronibus
1107 2722 1298 2773 predictis
1354 2722 1461 2772 quod
1517 2720 1743 2771 predictum
1798 2719 2029 2758 <Iohannem
2086 2718 2132 2756 de

420 2789 609 2840 predictis
648 2788 777 2827 tribus
814 2786 961 2826 marcis
998 2787 1181 2837 quietum
1219 2798 1303 2824 esse
1343 2784 1508 2823 faciant.
1595 2783 1712 2822 Teste
1751 2794 1842 2832 rege
1879 2785 1924 2820 ut
1962 2793 2095 2831 supra.

530 2887 586 2923 De
624 2886 744 2923 damis
783 2882 1199 2921 datis.-Mandatum
1246 2884 1307 2919 est
1352 2880 1526 2919 Ricardo
1573 2879 1621 2918 de
1660 2877 1906 2916 Muntfichet
1947 2876 2053 2927 quod
2091 2876 2133 2913 in

423 2946 574 2987 foresta
611 2946 715 2996 regis
748 2946 796 2984 de
828 2944 1064 2994 Havering'‚
1100 2946 1213 2982 extra
1243 2955 1410 2992 parcum
1449 2941 1567 2991 regis,
1600 2941 1722 2980 faciat
1753 2939 1901 2978 habere
1928 2938 2133 2977 Willelmo

424 3010 471 3048 de
509 3009 646 3058 Raleg'
685 3008 785 3046 duas
824 3007 975 3052 damas,
1016 3006 1064 3044 de
1102 3006 1207 3044 dono
1245 3004 1363 3055 regis.
1423 3003 1540 3042 Teste
1578 3006 1624 3041 ut
1663 3015 1797 3052 supra.
1870 3058 1874 3062 .

532 3106 585 3142 De
621 3101 1044 3153 perdonatione.——Rex
1091 3099 1331 3150 perdonavit
1378 3098 1559 3137 Johanni
1597 3099 1644 3136 de
1684 3098 1802 3148 Tywe
1839 3094 2135 3146 quinquaginta

423 3166 570 3206 solidos
607 3166 676 3216 qui
715 3164 764 3203 ab
802 3177 848 3203 eo
886 3164 1104 3213 exiguntur
1136 3175 1206 3212 per
1239 3161 1602 3200 summonitionem
1645 3158 1842 3199 Scaccarii
1881 3158 1929 3195 de
1968 3156 2134 3206 prestito

422 3230 458 3268 ei
505 3229 612 3268 facto
658 3228 765 3278 apud
812 3227 1001 3266 Castrum
1048 3225 1274 3264 Matillidis.
1346 3224 1403 3263 Et
1440 3223 1682 3262 mandatum
1730 3223 1790 3260 est
1832 3219 2051 3259 baronibus
2088 3219 2134 3256 de

423 3291 633 3332 Scaccario
670 3289 776 3340 quod
814 3289 861 3328 de
899 3288 1090 3339 predictis
1128 3288 1154 3326 l.
1196 3286 1335 3326 solidis
1382 3286 1516 3336 ipsum
1557 3284 1788 3324 Johannem
1826 3281 2009 3332 quietum
2050 3293 2133 3319 esse

422 3354 588 3393 faciant.
664 3352 783 3392 Teste
821 3364 912 3400 rege
951 3350 1056 3400 apud
1096 3347 1521 3393 Westmonastefium,
1560 3360 1597 3385 v,
1638 3345 1701 3384 die
1740 3343 1986 3384 Decembris.
