2375 3587
173 341 316 388 1235.

184 410 232 448 [m
261 408 306 447 5]

1044 212 1097 253 19
1139 210 1346 251 HENRY
1386 210 1468 250 ΠΙ.
2030 206 2110 247 131

515 410 572 446 De
605 416 754 446 ‹ea-tenta
794 408 1292 455 facienda.—lllaiidatuiii
1332 409 1391 445 est
1436 406 1660 445 vicecomiti
1700 405 1854 444 Oxonie
1903 404 2009 454 quod
2046 416 2115 453 per

409 473 707 509 sacramentum
772 470 989 520 proborum
1054 472 1093 508 et
1149 469 1341 518 legalium
1399 468 1614 506 hominum
1678 468 1725 505 de
1782 467 1977 505 comitatu
2044 478 2115 503 suo

407 533 568 570 extendi
607 532 728 571 faciat
768 535 915 570 terram
961 532 1114 569 Thome
1163 531 1211 568 de
1252 529 1522 568 Warblinton'
1572 529 1613 566 in
1665 528 1884 573 Bereford’,
1931 539 2007 577 que
2056 530 2116 564 est

410 594 573 632 vadium
626 594 757 632 David
810 594 927 633 Judei
979 593 1144 638 Oxonie,
1198 591 1329 630 Joscei
1375 592 1411 629 le
1452 592 1616 636 Prestr’,
1671 590 1789 627 Judei
1829 589 2030 634 London',
2077 590 2116 625 et

409 657 582 694 Bonami
631 659 670 694 et
715 656 871 706 Cressy,
927 656 1148 693 Judeorum
1213 653 1444 699 Gantrmrie,
1509 652 1708 697 videlicet,
1763 654 1961 701 quantum
2014 652 2119 687 terra

409 718 479 756 illa
529 719 661 757 valeat
710 731 779 768 per
830 731 985 756 annum
1038 717 1079 754 in
1133 715 1349 754 dominicis
1413 714 1647 760 redditibus,
1695 713 1896 762 homagiis
1943 714 1981 750 et
2030 711 2119 749 aliis

410 779 584 818 exitibus
622 783 750 826 terre;
800 783 840 818 et
878 782 1085 818 extentam
1125 778 1238 816 illam
1287 777 1437 815 factam
1487 776 1561 815 sub
1612 775 1745 825 sigillo
1784 787 1855 812 suo
1899 776 1938 812 et
1977 773 2120 822 sigillis

410 855 548 881 eorum
599 856 669 892 per
715 856 814 892 quos
866 842 973 880 facta
1030 841 1164 886 fuerit,
1226 840 1363 878 mittat
1421 839 1658 890 justiciariis
1711 837 1863 875 domini
1917 836 2019 885 regis
2072 835 2120 873 ad

412 905 636 943 custodiam
664 905 886 943 Judeorum
916 903 1146 952 assignatis,
1175 901 1320 952 quibus
1353 914 1420 939 rex
1456 900 1667 939 mandavit
1698 899 1803 948 quod
1838 897 2120 936 rationabilem

412 967 536 1005 finem
575 970 613 1005 et
664 966 922 1006 rationabiles
974 965 1169 1004 terminos
1226 964 1371 1002 habere
1425 964 1578 1002 faciant
1636 962 1814 1012 predicto
1868 961 2021 998 Thome
2075 960 2122 996 de

414 1029 549 1067 debito
579 1029 620 1067 in
654 1042 732 1079 quo
765 1029 953 1079 predictis
985 1027 1124 1065 -Judeis
1163 1029 1337 1072 tenetur,
1366 1026 1421 1064 eis
1451 1025 1653 1063 reddendo
1690 1024 1911 1062 secundum
1946 1023 2121 1060 valorem

416 1091 591 1141 predicte
629 1094 732 1130 terre
770 1094 809 1129 et
848 1090 1121 1140 quantitatem
1161 1089 1285 1127 debiti
1325 1088 1560 1138 supradicti.
1621 1087 1738 1125 Teste
1776 1089 1821 1124 ut
1860 1097 1992 1134 supra.

523 1171 678 1210 Eodem
735 1171 853 1209 modo
909 1170 1149 1208 mandatum
1206 1171 1267 1207 est
1323 1167 1551 1206 vicecomiti
1621 1166 1835 1214 Suhampt'
1906 1165 1953 1203 de
2020 1166 2125 1201 terra

415 1235 594 1284 ejusdem
634 1234 800 1280 Thome,
836 1234 882 1271 de
924 1232 1134 1283 Syrefeld’‚
1168 1244 1244 1281 que
1282 1233 1341 1268 est
1380 1230 1544 1269 vadium
1583 1228 1854 1278 predictorum
1887 1227 2122 1265 Judeorum.

419 1297 536 1336 Teste
574 1299 619 1335 ut
657 1309 790 1346 supra.

526 1376 582 1414 Et
629 1375 855 1414 vicecomiti
905 1374 1066 1414 Sussex’
1115 1373 1162 1410 de
1208 1376 1314 1410 terra
1362 1371 1488 1421 ipsius
1538 1371 1694 1408 Thome
1734 1369 1775 1406 in
1840 1367 2125 1413 Warblinton’,

420 1451 495 1488 que
533 1440 593 1476 est
631 1437 794 1476 vadium
834 1436 1105 1486 predictorum
1146 1433 1382 1472 Judeorum.
1443 1433 1559 1471 Teste
1599 1434 1643 1469 ut
1683 1444 1816 1480 supra.

528 1518 584 1555 Et
622 1516 864 1554 mandatum
903 1517 962 1552 est
1000 1512 1235 1564 justiciariis
1275 1512 1324 1549 ad
1364 1511 1590 1550 custodiam
1641 1510 1863 1548 Judeorum
1913 1507 2128 1557 assignatis

419 1580 539 1631 quod,
570 1592 617 1617 ex
647 1591 725 1628 quo
755 1580 961 1616 extentam
992 1576 1142 1614 factam
1177 1575 1223 1612 de
1254 1574 1369 1612 terris
1399 1574 1575 1623 predicte
1606 1573 1760 1610 Tliome
1790 1571 2024 1621 receperint,
2054 1582 2130 1619 que

420 1645 515 1681 sunt
553 1641 670 1680 vadia
706 1640 977 1690 predictorum
1018 1638 1254 1682 ρ1111100111111,
1294 1635 1578 1674 rationabilem
1621 1635 1745 1672 finem
1789 1637 1828 1672 et
1871 1632 2130 1671 rationabiles

421 1704 615 1743 terminos
649 1702 795 1740 habere
834 1701 985 1739 faciant
1024 1699 1203 1749 predicto
1243 1699 1396 1736 Thome
1443 1698 1490 1735 de
1542 1696 1676 1735 debito
1723 1696 1764 1733 in
1815 1708 1892 1745 quo
1942 1694 2130 1744 predictis

423 1767 562 1805 Judeis
602 1768 774 1811 tenetur,
817 1764 873 1802 eis
911 1763 1112 1801 reddendo
1151 1762 1373 1800 secundum
1412 1761 1589 1799 valorem
1629 1759 1900 1808 predictarum
1935 1761 2131 1796 terrarum

422 1832 461 1868 et
499 1828 770 1878 quantitatem
809 1825 933 1864 debiti
970 1824 1196 1863 memorati.
1255 1824 1373 1861 Teste
1412 1826 1456 1861 ut
1495 1835 1627 1871 supra.

531 1944 587 1980 De
624 1943 825 1991 quercubus
858 1938 1272 1977 datz's.-lNIaiiclatuni
1303 1940 1362 1975 est
1393 1936 1527 1975 Avicie
1568 1935 1665 1974 Groc
1695 1935 1802 1985 quod
1834 1934 1956 1972 faciat
1986 1932 2132 1971 habere

426 2005 472 2043 A.
508 2003 712 2043 comitisse
751 2001 894 2041 Penbr’
934 2000 1079 2050 viginti
1118 2012 1288 2049 quercus
1327 1999 1369 2036 in
1404 1998 1553 2036 foresta
1585 1998 1631 2035 de
1672 1997 1806 2035 Chett’
1843 1996 1891 2034 ad
1927 1995 2131 2045 quandam

426 2068 560 2106 aulam
600 2066 825 2105 faciendam
876 2064 983 2114 apud
1022 2061 1271 2108 Wexcumb’,
1312 2062 1359 2099 de
1398 2061 1503 2099 dono
1549 2060 1667 2110 regis.
1742 2060 1859 2097 Teste
1899 2072 1989 2108 rege
2026 2057 2132 2107 apud

428 2130 653 2175 Waltham,
694 2128 790 2179 xxij.
832 2128 894 2166 die
933 2126 1120 2176 Augusti.

535 2208 777 2247 Mandatum
829 2208 889 2245 est
932 2204 1117 2244 Galfrido
1155 2203 1343 2242 Esturmi
1392 2202 1499 2253 quod
1550 2201 1673 2240 faciat
1720 2200 1866 2238 habere
1920 2199 2049 2237 eidem
2085 2199 2132 2236 A.

427 2270 630 2309 comitisse
668 2268 814 2307 Penbr‘
844 2266 1114 2317 quadraginta
1143 2278 1313 2315 quercus
1351 2264 1393 2302 in
1424 2264 1572 2302 foresta
1605 2263 1652 2300 de
1689 2263 1889 2301 Savernac
1919 2261 1968 2298 ad
1997 2261 2132 2298 01110111

429 2332 650 2382 predictam
690 2330 930 2375 faciendam,
971 2329 1019 2366 dc
1057 2328 1163 2366 dono
1202 2326 1321 2376 regis.
1397 2326 1514 2364 Teste
1553 2327 1598 2363 ut
1637 2337 1771 2374 supra.

539 2446 630 2482 Rae.
707 2444 787 2480 Pro
828 2442 997 2479 Ricardo
1037 2440 1117 2481 silio
1176 2439 1356 2476 U't'llelmi
1400 2440 1443 2474 de
1495 2436 1870 2485 Harerz'ngs’.—Rex
1908 2434 2135 2473 vicecomiti

431 2507 570 2546 Essex‘
606 2505 792 2543 salutem.
880 2502 991 2541 Scias
1030 2501 1135 2551 quod
1175 2500 1359 2538 dedimus
1411 2512 1480 2549 per
1532 2501 1687 2537 cartam
1735 2500 1919 2535 nostram
1966 2496 2135 2535 Ricardo

430 2569 515 2607 filio
557 2566 749 2606 Willelmi
785 2565 832 2603 de
862 2563 1081 2613 Havering⁷
1112 2576 1183 2612 pro
1213 2562 1403 2611 homagio
1442 2564 1480 2599 et
1516 2560 1678 2599 servitio
1714 2573 1785 2598 suo
1815 2559 1961 2597 sexties
1990 2557 2135 2607 viginti

431 2644 543 2670 acras
571 2633 674 2668 terre
703 2641 796 2667 cum
826 2626 1084 2676 pertinentiis
1122 2625 1164 2663 in
1195 2624 1430 2674 Haveflng’,
1467 2636 1567 2674 quas
1601 2622 1830 2661 Willehnus
1861 2622 1896 2659 le
1926 2621 2133 2669 Flemeng’

431 2694 564 2733 tenuit
601 2705 671 2742 per
708 2690 917 2729 servitium
956 2688 1188 2727 inveniendi
1235 2687 1431 2725 littei-iam
1470 2686 1512 2723 in
1552 2698 1710 2724 camera
1748 2685 1795 2722 (10
1834 2683 2054 2732 Havering'
2094 2682 2135 2719 in

431 2755 610 2806 quolibet
648 2753 823 2792 adventu
856 2751 1181 2801 predecessorum
1221 2752 1453 2788 nostrorum
1492 2761 1631 2797 regum
1668 2747 1824 2796 Anghe,
1861 2749 1900 2784 et
1930 2745 2138 2793 sexaginta

433 2830 544 2857 acras
595 2820 698 2855 terre
749 2828 842 2853 cum
894 2812 1152 2863 pertinentiis
1204 2812 1246 2849 in
1296 2812 1435 2849 eadem
1488 2810 1597 2855 villa,
1646 2822 1743 2859 quas
1790 2807 2038 2857 Reginaldus
2090 2807 2137 2844 de

434 2879 612 2919 Assartis
650 2877 781 2916 tenuit
819 2889 887 2926 per
918 2875 1130 2913 servitium
1160 2873 1372 2912 tresdecim
1413 2872 1634 2910 solidorum
1673 2874 1711 2909 et
1745 2873 1835 2908 octo
1865 2869 2135 2912 denariorum,

434 2942 639 2980 habendas
678 2943 716 2978 et
755 2938 949 2977 tenendas
998 2937 1127 2975 eidem
1167 2936 1339 2974 Ricardo
1390 2938 1428 2973 et
1474 2933 1687 2972 heredibus
1727 2933 1809 2970 suis
1861 2932 1908 2969 de
1947 2930 2061 2968 nobis
2099 2932 2139 2967 et

435 3003 648 3043 heredibus
685 3000 837 3039 nostris
866 3012 935 3049 per
965 2998 1176 3037 servitium
1205 2996 1439 3035 inveniendi
1469 2995 1664 3033 litteriani
1704 2995 1745 3031 in
1776 2993 1954 3042 predicta
1983 3003 2139 3030 camera

436 3066 483 3104 de
521 3063 742 3112 Havering’
782 3061 824 3099 in
853 3059 1032 3110 quolibet
1062 3059 1238 3097 adventu
1277 3061 1417 3096 nostro
1445 3061 1484 3095 et
1523 3056 1718 3094 heredum
1749 3058 1979 3093 nostrorum
2014 3065 2138 3101 usque

436 3126 655 3174 Havering'
696 3137 768 3174 pro
806 3122 997 3172 predictis
1038 3121 1186 3160 sexties
1224 3120 1371 3169 viginti
1411 3120 1512 3158 acris
1552 3122 1667 3163 terre,
1708 3120 1748 3155 et
1786 3115 1985 3154 reddendo
2023 3113 2138 3151 nobis

436 3192 475 3227 et
512 3187 723 3226 heredibus
761 3185 911 3224 nostris
949 3197 1020 3233 pro
1058 3183 1248 3233 predictis
1287 3182 1498 3231 sexaginta
1536 3181 1638 3219 acris
1677 3182 1779 3217 terre
1818 3177 1988 3226 singulis
2020 3175 2139 3214 annis

438 3250 650 3290 tresdecim
695 3248 843 3287 solidos
886 3248 926 3285 et
981 3246 1065 3295 viij.
1114 3245 1311 3291 denarios,
1350 3244 1550 3289 videlicet,
1609 3254 1734 3280 unani
1780 3239 2039 3277 medietatem
2090 3237 2139 3274 ad

441 3311 696 3352 Scaccarium
749 3309 890 3350 Sancti
943 3307 1155 3346 Michaelis
1206 3310 1246 3345 et
1298 3306 1421 3345 aliam
1470 3305 1728 3343 medietatem
1779 3301 1827 3338 ad
1882 3298 2138 3339 Scaccarium

437 3375 589 3413 Pasche
641 3385 713 3422 pro
764 3371 875 3410 omni
920 3369 1094 3415 servitio,
1136 3369 1239 3407 sicut
1291 3367 1449 3417 plenius
1493 3365 1724 3404 continetur
1768 3362 1809 3399 in
1854 3367 1963 3399 carta
2001 3363 2139 3398 nostra
