2375 3587
219 159 272 199 98

280 287 426 337 1235.

276 355 335 394 [m.
365 354 405 385 10

1145 166 1330 209 CLOSE
1374 167 1579 209 ROLLS.

520 363 780 413 applicabunt
835 366 877 404 in
942 366 1135 416 portubus
1187 367 1305 406 ballie
1362 369 1442 413 tue,
1500 367 1623 406 donec
1684 366 1885 405 Henricus
1941 365 1987 403 de
2038 363 2212 402 Banvill’

522 427 731 465 retinuerit
796 428 888 466 inde
952 430 1002 466 ad
1067 442 1166 478 opus
1230 432 1414 467 nostrum
1479 432 1575 479 quot
1640 431 1680 466 et
1730 428 1866 478 quales
1921 427 2065 465 viderit
2129 438 2212 464 esse

518 488 760 528 retinendos.
820 490 936 528 Teste
975 503 1064 540 rege
1101 491 1207 540 apud
1244 491 1659 535 Westmonasterfflm,
1694 491 1747 541 vj.
1795 490 1858 527 die
1895 489 2023 527 Junii.

624 559 778 597 Eodem
816 561 934 599 modo
973 560 1158 600 scribitur
1194 560 1419 600 vicecomiti
1475 560 1588 599 Linc'
1629 561 1675 599 de
1725 559 1865 599 avibus
1914 558 2132 597 retinendis
2170 558 2210 595 in

519 620 656 659 baillia
689 635 772 660 sua.

632 726 707 761 l'ro
780 726 954 774 Philippa
1033 728 1075 762 de
1143 726 1499 764 Albinia‹=‹›.—Rex
1592 725 1828 774 perdonavit
1899 723 2085 773 Philippo
2167 723 2215 760 de

518 785 728 825 Albiniaco
784 788 1049 836 quadraginta
1107 788 1254 826 solidos
1311 801 1410 838 quos
1472 787 1642 826 barones
1699 788 1745 825 de
1804 786 2010 826 Scaccario
2065 785 2114 824 ab
2169 797 2214 823 eo

518 848 684 897 exigunt
744 861 813 897 per
874 850 1233 888 summonitionem
1297 850 1493 889 Scaccarii
1552 850 1656 899 regis
1720 862 1789 898 per
1853 847 2212 887 summonitionem

521 910 755 956 Scacca1²ii²²³³³‚
787 923 857 960 pro
891 911 1071 960 scutagio
1100 912 1202 960 regis
1235 915 1325 961 post
1358 912 1531 961 primam
1567 911 1939 950 transfretationem
1972 922 2100 948 suam.
2159 909 2215 947 Et

518 972 757 1010 mandatum
796 975 854 1010 est
893 972 1108 1010 baronibus
1146 974 1193 1011 de
1230 973 1436 1013 Scaccario
1473 974 1577 1023 quod
1625 973 1849 1023 predictum
1892 972 2129 1021 Philippum
2167 971 2214 1008 de

518 1033 705 1082 predictis
743 1035 1010 1083 quadraginta
1048 1035 1185 1073 solidis
1221 1035 1401 1084 quietum
1439 1048 1522 1073 esse
1560 1035 1726 1074 faciant.
1784 1035 1901 1073 Teste
1938 1036 1983 1072 ut
2018 1045 2150 1082 supra.

628 1139 704 1174 l’ro
746 1140 884 1175 Thomu
924 1141 967 1176 de
1015 1139 1594 1187 Hemmzeglratwa—Mandatum
1633 1141 1692 1176 est
1739 1138 1909 1177 Ricardo
1946 1137 1993 1175 de
2029 1137 2067 1175 la
2116 1136 2214 1175 Lad’

520 1199 624 1247 quod
663 1199 807 1237 habere
846 1200 966 1238 faciat
1003 1201 1155 1239 Thome
1193 1201 1239 1238 de
1270 1201 1577 1250 Hemmegrave,
1607 1200 1832 1239 vicecomiti
1870 1199 1982 1237 Norf‘
2020 1202 2059 1238 et
2100 1199 2213 1246 Suff',

520 1262 618 1299 duos
657 1262 795 1300 damos
834 1262 874 1298 in
909 1274 1027 1311 parco
1065 1263 1111 1300 de
1154 1263 1367 1300 Huneden’
1416 1263 1463 1300 de
1501 1263 1605 1300 dono
1643 1262 1760 1311 regis.
1820 1261 1937 1300 Teste
1984 1274 2073 1311 rege
2112 1261 2217 1311 apud

521 1323 935 1370 Westmonasterium,
975 1324 1027 1374 vj.
1067 1324 1129 1362 die
1169 1324 1296 1362 Junii.
1372 1325 1448 1362 Per
1485 1324 1534 1362 G.
1574 1324 1621 1362 de
1656 1323 1912 1363 Craucumb'.

627 1427 683 1462 De
737 1433 857 1463 castro
916 1427 1399 1475 Orfffaeml’.——Mandatum
1453 1430 1512 1465 est
1568 1425 1865 1465 constabulario
1911 1426 1958 1463 de
2007 1425 2217 1464 Colecestr’

519 1487 623 1536 quod
673 1487 794 1526 faciat
846 1487 990 1526 habere
1033 1489 1257 1527 vicecomiti
1308 1489 1420 1526 Norf’
1471 1492 1510 1527 et
1558 1488 1662 1527 Suff’
1713 1487 1922 1526 duodecim
1956 1499 2124 1537 quercus
2176 1487 2216 1524 in

520 1548 637 1587 bosco
690 1551 793 1598 regis
838 1550 884 1588 de
940 1551 1195 1599 Kingeswud'
1246 1552 1295 1589 ad
1350 1551 1643 1600 reparationem
1693 1550 1813 1588 castri
1868 1549 1971 1599 regis
2022 1548 2216 1587 Oreford'.

521 1611 637 1649 Teste
675 1614 718 1649 ut
758 1625 889 1661 supra.

628 1717 706 1752 Pro
733 1718 926 1764 fratribus
955 1718 1152 1765 hospitalis
1185 1717 1535 1766 Osspri'ny’.—Rex
1564 1716 1761 1755 concessit
1789 1714 1980 1753 fratribus
2009 1713 2221 1764 hospitalis

519 1776 566 1813 de
604 1776 810 1825 Osspring’
861 1777 909 1814 ad
957 1778 1293 1817 sustentationem
1334 1791 1462 1825 suam,
1503 1777 1696 1828 quamdiu
1744 1776 1826 1826 regi
1872 1776 2081 1826 placuerit,
2129 1776 2219 1814 illas

519 1841 680 1877 centum
720 1839 910 1878 solidatas
947 1843 1048 1878 terre
1086 1853 1177 1878 cum
1217 1841 1471 1890 pertinentiis
1512 1840 1553 1877 in
1593 1839 1813 1885 Waltham‚
1852 1852 1949 1889 quas
1997 1852 2063 1876 rex
2109 1838 2220 1888 prius

520 1900 716 1938 concessit
762 1901 939 1939 -Johanni
987 1903 1034 1940 de
1086 1903 1224 1940 Dinar'
1271 1904 1320 1941 ad
1369 1916 1408 1941 se
1465 1902 1777 1941 sustentandum
1834 1902 1875 1939 in
1931 1900 2093 1939 servitio
2149 1913 2220 1939 suo

519 1964 711 2013 quamdiu
748 1965 829 2013 regi
868 1964 1074 2013 placuerit.
1134 1965 1189 2003 Et
1227 1965 1464 2004 mandatum
1504 1968 1563 2002 est
1601 1964 1825 2002 vicecomiti
1865 1963 1979 2001 Linc'
2020 1962 2125 2012 quod
2172 1962 2220 2000 de

520 2026 708 2074 predictis
756 2029 917 2065 centum
963 2027 1144 2064 solidatis
1197 2030 1298 2065 terre
1346 2039 1438 2065 cum
1491 2025 1745 2076 pertinentiis
1790 2024 1979 2074 predictis
2030 2023 2219 2062 fratribus

521 2088 680 2136 plenam
715 2088 904 2126 seisinam
944 2088 1088 2127 habere
1128 2089 1260 2135 faciat,
1284 2090 1386 2127 010111
1425 2089 1649 2138 predictum
1697 2090 1771 2126 est.
1830 2087 1947 2125 Teste
1985 2099 2075 2135 rege
2115 2086 2221 2135 apud

524 2150 715 2196 Whrdes',
751 2151 834 2201 viij.
877 2151 939 2189 die
977 2151 1104 2190 Junii.
1162 2152 1238 2189 Per
1275 2152 1322 2190 R.
1346 2151 1476 2188 filium
1516 2150 1713 2188 Nicholai.

630 2256 707 2291 Pro
739 2256 912 2303 maslz'stro
951 2264 984 2293 et
1021 2257 1203 2299 fratribus
1236 2257 1383 2293 Milieie
1419 2257 1452 2292 T
1451 2256 1562 2303 empli
1594 2256 1635 2292 in
1665 2253 1967 2302 Aualitu—Rex
1997 2251 2220 2291 vicecomiti

523 2315 630 2354 Leic’
680 2317 863 2354 salutem.
939 2317 1156 2355 Ostensum
1203 2321 1263 2355 est
1311 2317 1425 2355 nobis
1472 2330 1519 2354 ex
1566 2319 1677 2365 parte
1726 2314 1910 2363 magistri
1958 2322 1996 2352 et
2048 2314 2219 2352 fratrum

524 2378 673 2415 Milicie
730 2379 886 2428 Templi
942 2379 983 2416 in
1040 2379 1187 2429 Anglia
1249 2380 1353 2429 quod
1423 2378 1607 2417 homines
1673 2377 1720 2415 (10
1790 2376 1903 2415 Roel'
1961 2375 2068 2425 ipsos
2137 2387 2220 2413 non

524 2440 766 2488 permittunt
805 2444 1001 2478 essartum
1040 2441 1140 2479 illud
1184 2442 1374 2487 excolere,
1416 2454 1487 2490 pro
1534 2453 1611 2489 quo
1653 2438 1821 2488 predicti
1866 2438 2051 2476 homines
2103 2436 2219 2475 nobis

524 2501 739 2549 aliquando
778 2502 937 2540 reddere
969 2506 1262 2541 consueverunt
1293 2503 1389 2553 xxij.
1425 2502 1571 2540 solidos
1600 2514 1670 2551 per
1699 2503 1851 2539 cartam
1886 2502 2066 2538 nostram
2099 2511 2220 2548 quam

524 2562 638 2600 nobis
676 2564 945 2609 reddiderunt,
978 2567 1016 2602 et
1052 2565 1099 2602 de
1137 2577 1214 2613 quo
1253 2565 1401 2603 eisdem
1440 2564 1634 2613 magistro
1671 2565 1710 2600 et
1748 2561 1939 2599 fratribus
1978 2563 2117 2610 postea
2154 2572 2223 2609 per

524 2627 561 2661 te
600 2625 759 2673 plenam
793 2625 982 2663 seisinam
1017 2626 1101 2663 fieri
1135 2627 1397 2675 precepimus.
1467 2626 1523 2663 Et
1554 2625 1641 2663 ideo
1671 2623 1745 2662 tibi
1776 2623 2019 2672 precipimus
2050 2622 2221 2660 firmiter

524 2686 783 2734 injungentes
821 2687 925 2736 quod
970 2688 1012 2724 in
1060 2688 1219 2736 propria
1263 2701 1433 2737 persona
1479 2690 1549 2725 tua
1593 2686 1759 2725 accedas
1803 2685 1852 2722 ad
1897 2684 2124 2722 manerium
2173 2683 2220 2721 de

523 2747 648 2793 Roel’,
688 2751 726 2785 et
763 2748 810 2785 de
853 2752 1003 2786 essarto
1049 2749 1225 2797 predicto
1269 2762 1362 2786 cum
1407 2747 1662 2798 pertinentiis
1705 2746 1893 2796 predictis
1940 2744 2134 2794 magistro
2180 2748 2219 2783 et

524 2807 715 2846 fratribus
761 2810 923 2858 plenam
972 2810 1161 2848 seisinam
1209 2810 1354 2848 habere
1400 2810 1569 2855 faciatis,
1618 2813 1657 2847 et
1706 2812 1790 2846 tam
1838 2807 1880 2845 in
1941 2807 2088 2844 seisina
2148 2819 2220 2844 sua

524 2871 701 2919 ejusdem
741 2872 881 2908 essarti
919 2885 1037 2921 quam
1087 2875 1282 2910 terrarum
1328 2876 1366 2910 et
1409 2872 1639 2910 reddituum
1679 2870 1858 2920 ejusdem
1898 2868 2081 2914 manerii,
2121 2880 2219 2917 quos

523 2931 673 2969 habent
710 2932 756 2969 de
795 2933 898 2971 dono
937 2936 1086 2979 nostro,
1128 2937 1405 2979 manuteneas,
1446 2936 1630 2982 protegas
1669 2935 1707 2970 et
1741 2931 1932 2969 defendas
1980 2930 2087 2979 ipsos
2128 2929 2220 2966 inde

526 3006 548 3030 a
586 2994 698 3032 nullo
736 2994 869 3031 vexari
908 2994 1156 3043 permittat.²³³³=
1231 2997 1346 3033 Teste
1384 2998 1429 3033 ut
1468 3008 1601 3044 supra.

634 3099 690 3134 De
736 3106 836 3135 terra
883 3099 1030 3135 Matlwi
1063 3100 1152 3145 filii
1199 3099 1560 3136 Wulward'.—Rex
1607 3096 1833 3135 vicecomiti
1879 3095 1988 3134 Surr‘
2032 3094 2216 3133 salutem.

526 3158 678 3196 Datum
718 3161 777 3196 est
824 3157 938 3196 nobis
977 3158 1148 3208 intelligi
1186 3160 1290 3208 quod
1329 3159 1516 3197 Matheus
1554 3159 1662 3196 filius
1701 3157 1915 3196 Wulward’
1954 3156 2002 3194 de
2040 3155 2219 3194 Micham

527 3220 573 3257 de
616 3223 734 3265 terra,
781 3232 901 3269 quam
946 3220 992 3258 de
1044 3219 1159 3258 nobis
1204 3223 1313 3259 tenet
1364 3221 1406 3258 in
1455 3220 1585 3269 capite
1632 3231 1700 3268 per
1737 3217 1984 3268 serjantiam,
2016 3217 2218 3268 quandam

1221 3326 1235 3341 *
1254 3325 1307 3357 sio
1331 3324 1365 3355 in
1396 3324 1469 3358 MS.
