2375 3587
284 168 365 209 386

350 290 492 338 1236.

335 357 396 398 [m.
426 356 499 396 22]

333 2367 395 2405 [m.
420 2365 490 2406 21.]

1210 175 1395 218 OLOSE
1439 175 1646 219 ROLLs.

695 370 773 406 Pro
826 372 1010 409 Willelmo
1057 374 1100 409 de
1149 373 1357 410 Isara—Et
1405 372 1646 410 mandatum
1694 374 1754 411 est
1800 371 2027 411 vicecomiti
2079 369 2286 409 Hertford’

585 430 690 478 quod
728 432 888 480 plenam
929 434 1117 471 seisinam
1157 433 1302 471 habere
1337 433 1459 472 faciat
1511 434 1640 471 eidem
1679 433 1884 472 Willelmo
1931 434 1979 471 de
2017 436 2122 471 terra
2163 443 2284 481 quam

588 491 712 530 Fulco
769 494 816 532 de
873 495 1140 546 Mungomery
1196 495 1327 533 tenuit
1384 496 1431 534 de
1488 508 1577 545 rege
1633 495 1675 533 in
1732 496 1921 546 Codreye,
1980 495 2101 533 salvis
2156 493 2285 532 eidem

589 552 759 592 Fulconi
819 557 976 594 catallis
1033 557 1116 595 suis
1173 560 1212 595 et
1265 556 1394 594 bladis
1451 570 1526 606 que
1582 556 1703 596 habet
1757 558 1799 595 in
1851 557 2029 607 predicta
2082 559 2188 594 terra
2236 555 2284 592 de

587 618 814 665 autumpno
852 619 1036 667 proximo
1075 618 1276 667 preterito.
1336 619 1453 656 Teste
1489 631 1579 668 rege
1615 622 1658 656 ut
1698 631 1830 668 supra.

696 713 769 748 l'ro
824 714 1007 750 ll'illdmo
1057 716 1098 750 «le
1151 713 1360 750 Rem-Et
1410 713 1649 751 mandatum
1701 716 1760 751 est
1816 712 2041 752 vicecomiti
2099 710 2283 750 Cantebr'

584 773 687 819 quod
734 774 781 811 de
825 777 928 811 terra
967 788 1087 823 quam
1127 775 1232 812 idem
1272 774 1396 812 Fulco
1435 775 1566 813 tenuit
1603 775 1650 812 de
1690 787 1779 824 rege
1818 775 1859 812 in
1900 774 2082 812 Mordon’
2123 773 2283 822 plenam

585 833 775 872 seisinam
814 835 959 874 habere
998 837 1120 875 faciat
1159 837 1287 874 eidem
1328 836 1544 882 willelmo,
1585 837 1706 874 salvis
1744 837 1872 875 eidem
1912 836 2082 874 Fulconi
2129 833 2286 873 catallis

584 898 623 932 et
670 895 798 935 bladis
847 898 929 935 suis
976 911 1051 948 que
1099 898 1219 937 habet
1269 899 1308 935 in
1358 898 1537 947 predicta
1584 901 1688 936 terra
1735 899 1782 937 de
1830 901 2056 947 autumpno
2103 896 2285 946 proximo

585 958 787 1005 preterito.
864 960 981 998 Teste
1020 973 1110 1010 rege
1150 964 1194 999 ut
1233 973 1366 1010 supra.

696 1056 848 1093 H'iltffs'.
907 1057 963 1093 De
999 1059 1138 1103 sinibus
1176 1065 1208 1094 et
1247 1056 1901 1094 ammerciamentia—Mandatum
1949 1058 2009 1094 est
2053 1054 2285 1094 vicecomiti

584 1114 738 1153 Wiltes'
779 1118 883 1167 quod
922 1118 1013 1157 illos
1052 1119 1098 1157 de
1137 1118 1334 1157 comitatu
1374 1131 1446 1156 suo
1481 1119 1549 1168 qui
1587 1118 1859 1157 liberaverunt
1894 1118 1995 1156 fines
2033 1120 2072 1156 et
2111 1129 2281 1155 ammer-

583 1177 784 1216 ciamenta
835 1192 907 1217 sua
959 1180 1005 1218 (le
1056 1181 1201 1218 ultimo
1251 1180 1391 1217 itinere
1443 1180 1759 1230 justiciariorum
1809 1180 1850 1217 in
1897 1179 2093 1218 comitatu
2132 1192 2204 1217 suo
2243 1178 2282 1218 J.

582 1238 847 1278 Bathoniensi
887 1241 1084 1291 episcopo,
1116 1255 1185 1291 per
1215 1241 1442 1279 libertatem
1475 1254 1595 1290 quam
1635 1242 1669 1279 ei
1709 1241 1906 1280 concessit
1936 1254 2003 1279 rex
2032 1254 2101 1290 per
2129 1243 2283 1279 cartam

583 1313 709 1345 suam,
756 1314 835 1340 non
879 1303 1096 1353 distringat
1144 1317 1214 1352 pro
1267 1303 1454 1352 predictis
1507 1303 1656 1342 finibus
1701 1307 1739 1341 et
1789 1302 2159 1341 ammerciamentis
2209 1301 2283 1340 sibi

581 1362 817 1408 reddendis3
862 1368 900 1403 et
951 1366 982 1403 si
1032 1366 1127 1415 quid
1167 1365 1260 1403 inde
1298 1366 1459 1414 ceperit,
1501 1365 1539 1402 id
1570 1365 1604 1403 ei
1645 1365 1730 1403 sine
1768 1365 1961 1403 dilatione
2000 1365 2110 1402 reddi
2149 1364 2283 1403 faciat.

584 1424 699 1462 Teste
738 1438 827 1474 rege
867 1430 910 1465 ut
949 1440 1080 1476 supra.

696 1531 770 1565 [Ἧι
837 1532 1004 1568 Hem-ivo
1052 1533 1092 1567 de
1150 1530 1732 1579 Allunesslwden'.—Mandatum
1808 1533 1869 1568 est
1939 1529 2156 1568 baronibus
2238 1530 2286 1568 de

587 1589 791 1629 Scaccario
857 1593 975 1641 quod,
1042 1593 1235 1643 inspectis
1309 1593 1451 1631 rotulis
1512 1593 1616 1642 regis
1675 1593 1721 1630 de
1784 1592 2006 1636 ScaccariQ
2069 1592 2286 1642 diligenter

583 1651 760 1701 inquirat
793 1656 874 1705 (sic)
906 1659 1102 1705 quantum
1134 1668 1156 1693 a
1187 1660 1290 1694 retro
1323 1656 1443 1694 fuerit
1474 1655 1650 1693 Henrico
1680 1656 1727 1693 de
1757 1655 2051 1704 Munegheden'
2074 1655 2121 1693 de
2150 1667 2285 1693 annuo

582 1715 697 1753 feodo
742 1730 813 1754 suo
856 1731 918 1757 xx.
959 1731 1185 1755 marcarum
1225 1718 1330 1767 quod
1361 1717 1530 1767 percipit
1560 1717 1608 1754 ad
1642 1716 1897 1756 Scaccarium
1937 1717 1984 1754 de
2023 1717 2128 1755 dono
2166 1716 2283 1766 regis,

581 1780 619 1815 et
651 1779 871 1816 secundum
903 1779 1208 1828 inquisitionem
1243 1779 1333 1817 inde
1364 1780 1513 1818 factam
1543 1779 1671 1817 eidem
1707 1779 1884 1818 Henrico
1913 1778 2057 1817 allocet
2086 1778 2285 1828 arreragia

582 1852 653 1877 sua
691 1841 738 1877 de
777 1854 912 1879 annuo
949 1842 1063 1879 feodo
1102 1855 1174 1879 suo
1213 1842 1392 1891 predicto
1428 1842 1468 1878 in
1509 1840 1654 1879 debitis
1697 1853 1773 1890 que
1802 1840 1884 1890 regi
1915 1840 2031 1879 debet
2062 1843 2101 1879 et
2129 1853 2205 1891 que
2234 1840 2283 1879 ab

582 1914 627 1939 eo
665 1902 883 1951 exiguntur
913 1916 981 1951 per
1011 1904 1372 1942 summonitionem
1405 1903 1601 1943 Scaccarii
1632 1903 1749 1952 regis.
1809 1903 1926 1941 Teste
1957 1916 2046 1952 rege
2075 1906 2121 1941 ut
2150 1916 2283 1952 supra.

697 2010 753 2046 Μ’
786 2011 980 2058 μιῖςῖνιίίω
1017 2012 1209 2047 Ζίύωηηιίω
1244 2012 1426 2047 comitisse
1459 2009 1913 2048 Ir'enbr'.—-—Mandatum
1961 2012 2020 2048 est
2059 2009 2189 2049 Alano
2236 2011 2283 2048 de

584 2070 825 2109 Geudeford’
894 2073 1000 2121 quod
1057 2072 1221 2121 nigrum
1278 2072 1521 2121 palefridum
1577 2084 1695 2122 quem
1753 2085 1820 2110 rex
1877 2071 2020 2110 habuit
2076 2072 2123 2110 de
2178 2072 2284 2111 dono

581 2132 734 2170 domini
782 2136 842 2172 W.
893 2133 1160 2172 Eboracensis
1209 2134 1511 2183 archiepiscopi,
1551 2133 1619 2183 qui
1667 2137 1727 2172 est
1773 2134 1815 2171 in
1854 2134 2036 2171 custodia
2074 2147 2158 2181 sua,
2197 2134 2283 2173 sine

582 2194 774 2232 dilatione
804 2195 943 2234 liberet
974 2196 1222 2245 presentium
1253 2196 1369 2235 latori
1405 2197 1453 2234 ad
1488 2208 1587 2245 opus
1622 2196 1766 2235 dilecte
1801 2195 1947 2234 sororis
1981 2209 2049 2234 sue
2084 2196 2285 2235 comitisse

582 2256 739 2303 Peubr',
780 2257 827 2295 de
864 2258 969 2296 dono
1008 2259 1125 2307 regis.

688 2363 745 2398 De
784 2363 942 2399 clamore
981 2365 1162 2410 faciendo
1213 2365 1315 2411 ‹12¹1er
1371 2363 1478 2399 Sulst‘
1533 2364 1575 2400 de
1626 2364 1725 2399 vinis
1774 2361 2280 2401 ‘ven‹lendis—Mandatum

581 2426 639 2460 est
691 2424 834 2473 majori
886 2428 924 2461 et
976 2424 1136 2462 ballivis
1189 2425 1306 2463 Subt'
1348 2425 1454 2474 quod
1502 2437 1571 2473 per
1618 2427 1747 2462 totam
1781 2424 1921 2461 villam
1961 2437 2076 2463 suam
2115 2425 2281 2463 clamari

579 2488 616 2521 et
674 2486 843 2524 firmiter
899 2486 1099 2535 prohiberi
1156 2500 1201 2524 ex
1259 2491 1369 2535 parte
1426 2487 1529 2535 regis
1586 2486 1738 2523 faciant
1794 2487 1898 2535 quod
1971 2487 2107 2524 nullus
2164 2500 2281 2536 super

579 2546 875 2585 forisfacturam
915 2549 1017 2596 regis
1056 2548 1202 2585 vendat
1252 2548 1491 2585 sextercium
1531 2548 1614 2585 vini
1654 2546 1765 2585 rubei
1804 2547 1934 2586 carius
1972 2560 2093 2597 quam
2132 2562 2202 2598 pro
2240 2563 2278 2587 x.

578 2608 751 2646 denariis
780 2623 851 2648 nec
883 2610 1121 2648 sextercium
1151 2609 1235 2647 vini
1265 2610 1344 2647 albi
1386 2609 1533 2647 Gallici
1563 2609 1693 2646 carius
1722 2621 1842 2658 quam
1873 2622 1944 2658 pro
1973 2609 2058 2660 viij.
2090 2610 2278 2658 denariis,

578 2674 616 2707 et
654 2671 759 2709 hanc
797 2672 964 2709 assisam
1006 2673 1062 2709 ita
1100 2672 1226 2709 teneri
1265 2672 1415 2709 faciant
1453 2684 1503 2708 ne
1541 2684 1612 2719 pro
1651 2671 1967 2720 transgressione
2006 2685 2077 2710 sua
2115 2686 2183 2711 rex
2230 2673 2279 2711 ad

580 2744 644 2769 eos
683 2745 821 2781 capere
859 2733 1013 2771 debeat
1073 2734 1189 2771 Teste
1228 2746 1318 2782 rege
1358 2736 1401 2771 ut
1441 2746 1573 2782 supra.
1636 2734 1884 2783 [Cancelled.]

690 2820 843 2857 Eodem
874 2821 992 2857 niodo
1031 2819 1219 2858 scribitur
1256 2820 1415 2858 ballivis
1454 2819 1635 2857 Bristolli
1674 2822 1712 2857 et
1751 2819 1909 2858 ballivis
1949 2820 2103 2867 Glouc’‚
2133 2822 2277 2872 majori

577 2883 615 2917 et
654 2881 957 2918 vicecomitibus
996 2882 1123 2919 Lond'
1165 2885 1224 2919 set
1263 2881 1337 2919 sub
1375 2882 1453 2919 alia
1492 2881 1635 2927 forma,
1676 2884 1715 2919 et
1752 2881 1979 2920 vicecomiti
2021 2882 2198 2921 Sumers'
2238 2887 2277 2922 et

577 2942 707 2987 Dors’,
767 2943 990 2980 vicecomiti
1048 2943 1238 2989 Devunie,
1297 2943 1521 2981 vicecomiti
1579 2943 1743 2988 Halmio,
1806 2944 1949 2993 majori
2019 2948 2058 2982 et
2117 2944 2276 2984 ballivis

579 3003 795 3049 wintonie,
819 3005 962 3054 majori
992 3009 1029 3042 et
1059 3005 1217 3043 ballivis
1248 3005 1416 3051 Exonie,
1440 3004 1598 3043 ballivis
1628 3005 1833 3042 Novarum
1858 3006 1939 3056 (sie)
1965 3006 2086 3052 Sarr',
2119 3006 2276 3045 ballivis

578 3066 783 3112 Wiltonie‚
831 3067 1129 3106 constabulario
1185 3068 1431 3117 Mei-leberg’.
1513 3069 1743 3117 [Cam-elled]
1793 3070 1883 3116 quia
1932 3070 1974 3105 ‘in
2022 3076 2120 3117 teo-90
2166 3072 2277 3107 istius

574 3130 729 3176 ejusdem
770 3130 899 3166 rotuli.

683 3236 739 3272 De
779 3236 946 3279 Hadulfo
985 3238 1027 3272 de
1067 3237 1303 3273 Pesehaztl'oe
1327 3237 1423 3274 >Rex
1460 3235 1687 3275 vicecomiti
1725 3235 1852 3281 Norf'‚
1901 3235 2086 3274 salutem.
2159 3237 2273 3285 Quia,

574 3297 676 3334 sicut
715 3309 842 3344 nuper
880 3296 995 3334 nobis
1035 3297 1284 3345 significasti,
1326 3310 1407 3335 non
1446 3297 1614 3346 potuisti
1662 3297 1819 3334 salvum
1866 3296 2109 3335 conductum
2148 3298 2275 3337 facere

573 3358 747 3397 Radulfo
785 3358 832 3398 de
870 3357 1078 3397 Pesehaul‘
1117 3358 1186 3411 qui
1234 3361 1292 3397 est
1339 3359 1380 3396 in
1429 3358 1591 3411 prisona
1628 3360 1765 3396 nostra
1804 3357 1909 3410 apud
1956 3357 2184 3398 Norwicum
2223 3360 2271 3401 ad
