2375 3587
241 169 294 210 96

302 294 446 341 1235.

293 362 352 402 [m.
382 359 449 400 11.]

289 793 347 833 [m.
375 792 447 832 10.]

1170 173 1357 217 GLOSE
1400 173 1605 216 ROLLS.

650 369 889 409 Mandatum
928 373 987 409 est
1025 370 1195 409 Ricardo
1234 371 1281 409 de
1319 371 1357 408 la
1395 370 1504 408 Lade
1541 370 1646 419 quod
1684 368 1829 407 habere
1866 368 1988 407 faciat
2029 366 2231 407 comitisse

538 431 585 469 de
619 431 762 470 Penbr’
800 433 956 482 copiam
977 433 1188 471 domorum
1220 433 1266 470 de
1301 431 1535 469 Theokebir'
1567 431 1760 481 quamdiu
1792 430 1939 468 ibidem
1971 429 2232 479 perendinare

538 493 721 539 voluerit,
758 494 994 543 permittens
1028 494 1157 543 ipsam
1196 497 1234 532 et
1268 506 1360 532 suos
1398 493 1466 542 qui
1515 495 1609 530 sunt
1652 492 1699 530 de
1747 491 1902 530 familia
1948 504 2021 529 sua
2065 489 2231 528 herbam

537 567 674 603 capere
719 556 767 593 ad
812 569 933 606 equos
979 569 1071 594 suos
1124 559 1235 594 extra
1273 558 1388 604 prata
1426 557 1464 592 et
1503 556 1668 592 buscam
1708 554 1756 591 ad
1790 553 1925 591 focum
1964 565 2083 591 suum
2121 554 2233 590 extra

537 629 701 665 parcum
758 618 805 656 de
864 617 1111 663 Theokebir'‚
1160 617 1353 667 quamdiu
1400 616 1545 654 ibidem
1591 628 1748 653 moram
1795 614 1946 653 fecerit.
2022 614 2139 652 Teste
2185 615 2231 651 ut

538 690 670 727 supra.

646 801 723 836 Pro
763 802 948 838 abbatissa
986 803 1028 837 «Ie
1074 799 1508 846 Manavibvs—Quia,
1557 812 1624 837 rex
1676 798 1830 837 audivit
1879 798 1985 847 quod
2029 796 2233 835 abbatissa

537 861 583 899 (10
623 862 896 900 Mustervilers
935 862 1065 901 adhuc
1112 865 1313 911 superstes
1361 865 1434 906 est,
1475 862 1590 911 cujus
1636 860 1837 899 redditum
1877 859 2074 897 Ricardus
2112 859 2159 897 de
2192 858 2232 896 la

535 923 642 961 Lade
698 924 802 972 cepit
853 924 894 961 in
946 937 1113 962 manum
1166 924 1268 973 regis
1320 923 1361 960 in
1414 923 1727 961 Bradewaddon’
1779 934 1823 960 eo
1872 922 1977 971 quod
2025 920 2232 959 dicebatur

536 985 663 1033 ipsam
721 999 803 1023 esse
860 989 1088 1031 mortuam;
1145 986 1384 1024 mandatum
1436 988 1496 1024 est
1545 985 1674 1023 eidem
1724 983 1895 1023 Ricardo
1942 983 2047 1033 quod
2102 982 2230 1020 eidem

533 1046 729 1085 abbatisse
768 1049 814 1085 (10
852 1049 1029 1097 predicto
1065 1049 1219 1086 redditu
1264 1048 1425 1098 plenam
1474 1047 1663 1086 seisinam
1713 1046 1857 1085 habere
1906 1045 2041 1084 faciat.
2114 1045 2230 1083 Teste

534 1122 623 1158 rege
661 1110 766 1159 apud
805 1111 1032 1156 Merewell',
1073 1111 1179 1149 xxix.
1218 1110 1281 1148 die
1320 1110 1428 1148 Maii.

642 1223 697 1258 De
755 1224 942 1259 roboribus
998 1222 1411 1260 ‹Iatz‘s.—-Ma11clatum
1463 1225 1522 1260 est
1571 1220 1750 1259 Johanni
1802 1221 1849 1258 de
1898 1219 2073 1257 Monem'
2123 1218 2229 1268 quod

533 1282 676 1321 habere
706 1283 827 1321 faciat
857 1283 1047 1321 fratribus
1086 1283 1310 1322 minoribus
1346 1283 1393 1321 de
1425 1283 1543 1322 Suht’
1576 1296 1639 1321 xv.
1672 1281 1813 1320 robora
1851 1281 1900 1319 ad
1935 1281 2071 1319 focum
2110 1292 2228 1318 suum

532 1345 573 1381 in
621 1345 732 1382 Nova
778 1345 942 1383 For-esta
997 1345 1113 1394 regis,
1169 1345 1215 1383 de
1270 1345 1374 1383 dono
1430 1345 1547 1394 regis,
1606 1344 1673 1383 ubi
1731 1343 2028 1393 competentius
2084 1341 2226 1380 cariari

534 1407 688 1455 possint
728 1407 776 1444 ad
815 1420 974 1456 aquam.
1052 1408 1168 1446 Teste
1206 1410 1251 1446 ut
1290 1420 1421 1457 supra.

644 1520 721 1556 I'ro
770 1521 935 1557 Henrico
983 1522 1024 1556 de
1076 1519 1608 1557 Trublecilff.—Mandatum
1661 1521 1720 1556 est
1764 1516 1987 1569 justiciario
2037 1515 2230 1553 Hibernie

534 1581 638 1629 quod
678 1581 845 1619 assisam
884 1582 931 1619 de
978 1584 1106 1619 morte
1153 1581 1427 1627 antecessoris,
1467 1594 1588 1630 quam
1637 1580 1847 1618 Johannes
1885 1579 1921 1617 le
1969 1578 2232 1617 Cordewaner

534 1644 704 1681 aramiat
742 1657 878 1681 versus
912 1644 1136 1682 Henricum
1175 1644 1222 1681 de
1269 1643 1499 1681 Trublevill'
1539 1643 1585 1680 de
1624 1646 1730 1681 terra
1767 1643 1814 1680 de
1853 1641 2067 1686 Balimad‘,
2108 1641 2231 1689 ponat

535 1705 576 1742 in
616 1709 840 1755 respectum
875 1719 998 1755 usque
1036 1706 1077 1743 in
1117 1705 1277 1744 octabas
1312 1705 1448 1744 Sancti
1487 1705 1709 1752 Michaelis,
1746 1716 1852 1742 anno
1890 1703 1970 1741 xix.
2041 1702 2156 1740 Teste
2186 1703 2231 1740 ut

533 1779 667 1816 supra.

643 1881 721 1916 Pro
759 1882 924 1928 episcopo
956 1880 1371 1928 szelmeozsi.——Quia
1400 1892 1468 1918 rex
1505 1879 1658 1929 accepit
1686 1891 1755 1928 per
1792 1877 2096 1928 inquisitionem
2125 1876 2230 1926 quod

534 1941 761 1979 Gilebertus
794 1943 841 1980 de
879 1943 996 1980 Aton‘
1037 1942 1163 1981 nichil
1197 1942 1328 1980 tenuit
1366 1942 1413 1980 de
1452 1955 1541 1990 rege
1579 1941 1621 1979 in
1660 1940 1790 1990 capite
1826 1939 1905 1978 nisi
1933 1939 1976 1977 in
2008 1939 2227 1988 socagium,

532 2007 692 2053 propter
722 2004 826 2053 quod
866 2004 972 2042 filius
1021 2008 1058 2042 et
1096 2005 1209 2042 heres
1258 2005 1384 2054 ipsius
1423 2003 1618 2042 Gileberti
1665 2002 1806 2041 debeat
1844 2015 1928 2040 esse
1966 2001 2008 2038 in
2049 2001 2230 2040 custodia

532 2066 649 2114 regis,
689 2069 727 2104 et
765 2066 868 2116 quod
907 2067 1011 2104 idem
1062 2066 1290 2105 Gilebertus
1342 2066 1472 2105 tenuit
1509 2066 1556 2104 de
1592 2066 1779 2115 episcopo
1826 2063 2125 2102 Dunholmensi
2161 2076 2230 2112 per

533 2128 739 2165 servitium
786 2128 972 2174 milita-re,
1021 2129 1174 2167 ratione
1222 2129 1336 2179 cujus
1384 2128 1566 2168 custodia
1607 2127 1774 2177 predicti
1817 2126 1973 2165 heredis
2011 2126 2060 2163 ad
2096 2125 2229 2174 ipsum

532 2190 762 2239 episcopum
808 2191 1003 2239 pertinet3
1051 2191 1289 2229 mandatum
1335 2194 1395 2229 est
1440 2190 1665 2229 vicecomiti
1721 2188 1894 2227 Eboraci
1939 2184 2044 2238 quod
2100 2187 2229 2225 eidem

532 2251 717 2300 episcopo
762 2252 985 2300 predictum
1025 2252 1211 2290 heredem
1254 2252 1399 2291 habere
1427 2252 1562 2297 faciat,
1603 2264 1647 2289 eo
1683 2264 1765 2289 non
1803 2249 1989 2289 obstante
2020 2249 2125 2299 quod
2162 2261 2230 2286 rex

535 2314 633 2351 alias
687 2314 861 2363 precepit
911 2314 1015 2364 quod
1063 2314 1250 2352 heredem
1304 2315 1419 2352 illum
1468 2313 1613 2352 habere
1667 2313 1813 2352 faceret
1873 2312 1993 2350 matri
2049 2310 2228 2361 ejusdem

534 2376 703 2414 heredis.
778 2377 894 2416 Teste
922 2390 1012 2426 rege
1042 2377 1147 2427 apud
1179 2377 1395 2423 Chauton’‚
1434 2377 1461 2428 j.
1503 2376 1565 2415 die
1606 2375 1733 2414 Junii.

640 2488 696 2524 De
736 2501 765 2525 v.
806 2489 918 2525 doliis
958 2490 1037 2526 vini
1076 2490 1168 2537 reglis
1207 2490 1249 2525 de
1285 2495 1512 2537 ssarvzsestn'ra
1558 2489 1666 2524 navis
1712 2489 1754 2524 in
1800 2500 1874 2535 qua
1909 2486 1945 2523 I.
1985 2498 2089 2522 soror
2136 2486 2231 2533 reglis

532 2549 1103 2597 transfretavit.—Mandatum
1152 2553 1212 2588 est
1260 2550 1412 2588 Thome
1459 2549 1650 2588 Absalom
1696 2548 1744 2586 de
1792 2547 2002 2587 Sandwico
2040 2547 2146 2597 quod
2193 2559 2230 2586 v.

534 2611 640 2649 dolia
667 2611 751 2650 vini
780 2612 826 2650 de
862 2612 1091 2661 garnistura
1127 2612 1256 2658 navis,
1288 2612 1330 2650 in
1366 2625 1445 2662 qua
1473 2610 1645 2650 Isabella
1674 2623 1783 2649 soror
1821 2609 1925 2659 regis
1954 2609 2231 2648 transfretavit

535 2676 574 2711 et
612 2686 688 2723 que
724 2674 880 2712 reduxit
918 2674 966 2712 de
1017 2674 1199 2712 Aunvers
1255 2687 1380 2724 usque
1434 2673 1706 2718 Sandwicum,
1747 2671 1887 2709 liberet
1935 2670 2232 2710 constabulario

536 2735 657 2773 Dovr'
695 2736 880 2785 ponenda
916 2736 958 2774 in
995 2739 1125 2775 castro
1162 2736 1298 2783 Dovr’,
1337 2736 1401 2775 cui
1438 2748 1507 2774 rex
1541 2735 1718 2785 precepit
1755 2734 1860 2784 quod
1894 2746 1941 2772 ea
1988 2733 2155 2783 recipiat
2192 2735 2231 2771 et

535 2798 631 2836 illuc
669 2798 809 2836 cariari
848 2798 982 2837 faciat.
1065 2798 1182 2837 Teste
1219 2811 1309 2849 rege
1345 2798 1448 2848 apud
1485 2797 1657 2844 Geldef'‚
1694 2797 1722 2847 j.
1758 2796 1821 2835 die
1860 2795 1987 2834 Junii.

642 2915 699 2951 De
743 2916 871 2962 μαῖοῑα
915 2914 1334 2953 War'.—Mandatum
1380 2916 1440 2953 est
1487 2912 1785 2952 constabulario
1831 2912 1878 2950 de
1931 2911 2078 2949 Kenill’
2127 2910 2233 2959 quod

536 2976 578 3013 in
612 2975 730 3014 bosco
767 2976 814 3014 de
853 2976 1002 3014 Kenill'
1041 2976 1163 3015 faciat
1200 2976 1346 3015 habere
1381 2976 1607 3014 vicecomiti
1646 2975 1753 3013 War'
1793 2974 1918 3024 gistas
1955 2976 1994 3011 et
2022 2971 2232 3021 planchias

538 3038 586 3076 ad
623 3037 796 3087 gaiolam
836 3039 942 3077 War’
975 3038 1203 3088 gistandam
1233 3042 1271 3078 et
1300 3038 1627 3088 planchiandam.
1712 3037 1826 3075 Teste
1856 3039 1901 3074 ut
1932 3048 2063 3085 supra.

651 3151 702 3186 De
737 3151 998 3188 elemosinaria
1035 3153 1151 3188 castri
1185 3150 1687 3189 Wintonsia-Mandatum
1725 3151 1785 3187 est
1819 3147 1952 3186 Avicie
1990 3147 2037 3185 de
2071 3145 2231 3184 Colum-

536 3211 656 3249 bariis
704 3212 809 3261 quod
856 3224 925 3261 per
970 3211 1101 3250 visum
1149 3212 1452 3251 forestariorum
1500 3215 1538 3251 et
1585 3210 1864 3250 viridariorum
1915 3209 2037 3248 faciat
2087 3207 2233 3246 habere

539 3273 653 3311 fratri
693 3273 741 3310 G.
781 3273 1059 3312 elemosinario
1097 3274 1199 3323 regis
1237 3277 1377 3324 quater
1409 3287 1473 3313 xx.
1504 3276 1542 3313 et
1572 3285 1717 3312 novem
1746 3272 1985 3311 cheverones
2014 3270 2055 3308 in
2085 3269 2233 3308 foresta

537 3335 584 3373 (10
623 3334 723 3373 Cett'
763 3335 933 3384 sparsim
976 3348 1044 3385 per
1088 3336 1187 3382 loca,
1227 3336 1294 3374 ubi
1346 3336 1490 3375 melius
1536 3335 1623 3386 capi
1669 3335 1857 3385 poterunt
1909 3335 1948 3371 et
1999 3332 2048 3374 ad
2096 3331 2231 3372 minus
