2375 3587
240 217 323 259 252

306 350 443 395 1236.

311 417 369 455 [m.
390 417 455 454 15.]

1177 223 1362 269 GLOSE
1406 223 1610 270 RoLLs

654 419 730 454 Pro
783 422 1036 458 circatoribus
1086 424 1294 459 testamenti
1344 424 1496 459 Hoberti
1529 423 1617 470 filii
1669 422 2002 469 Walteri.—Quia
2051 436 2118 461 rex
2163 436 2243 462 non

543 478 629 516 vult
667 481 772 528 quod
811 486 1039 521 executores
1079 484 1313 521 testamenti
1352 483 1516 522 Roberti
1546 483 1620 521 filii
1661 484 1828 522 Walteri
1867 498 1985 534 super
2013 485 2245 523 executione

542 540 613 578 illa
663 541 924 591 inpediantur
973 558 1041 594 per
1093 545 1210 582 blada
1258 558 1334 594 que
1386 558 1452 583 rex
1497 545 1585 594 capi
1632 546 1726 584 fecit
1778 547 1827 584 ad
1879 560 1977 596 opus
2029 560 2147 584 suum
2195 547 2244 585 ad

543 606 669 641 terras
721 618 796 654 que
854 606 1019 644 fuerunt
1079 606 1205 655 ipsius
1259 606 1423 645 Roberti
1481 610 1520 645 et
1577 620 1652 657 que
1708 610 1803 645 sunt
1860 608 1901 645 in
1960 621 2084 646 manu
2140 609 2245 658 regis

544 664 814 711 seminandas,
857 668 1096 706 mandatum
1136 672 1196 706 est
1235 668 1318 706 Ade
1356 669 1438 707 filio
1476 668 1670 707 Willelmi
1709 669 1813 718 quod
1857 670 1904 707 de
1944 669 2167 708 redditibus
2205 673 2244 709 et

541 726 632 764 aliis
689 727 863 766 exitibus
916 732 1114 767 terrarum
1176 730 1445 778 predictarum
1503 730 1738 768 memoratis
1795 730 2072 769 executoribus
2128 744 2246 780 super

541 788 715 827 denariis
772 790 916 839 quibus
972 804 1039 829 rex
1104 792 1160 829 eis
1218 795 1377 830 tenetur
1438 792 1593 830 ratione
1660 792 1850 841 predicta,
1910 793 1995 831 sine
2051 793 2244 831 dilatione

541 849 785 897 satisfaciat-3
835 851 890 889 ita
929 853 1034 901 quod
1082 854 1163 902 regi
1212 866 1293 891 non
1342 854 1552 902 contingat
1600 854 1877 892 executionem
1922 854 2035 892 illam
2074 854 2244 904 inpediri

540 912 601 949 vel
640 913 875 951 dilationem
915 927 1066 963 capere,
1107 916 1186 953 nisi
1226 916 1328 954 forte
1375 916 1579 965 predictus
1618 916 1833 954 defunctus
1871 916 2053 954 debitum
2093 916 2244 966 aliquid

541 973 623 1022 regi
665 974 880 1021 debuisset,
921 977 1025 1025 quod
1078 978 1252 1026 quidem,
1292 978 1325 1016 si
1376 978 1433 1016 ita
1478 980 1551 1023 est,
1603 977 1791 1026 predictis
1837 978 2113 1016 executoribus
2157 979 2244 1017 vult

538 1037 777 1085 computari.
850 1037 967 1076 Teste
998 1042 1041 1077 ut
1072 1052 1205 1089 supra.
1265 1040 1320 1078 Et
1349 1040 1424 1078 hoc
1454 1039 1639 1089 episcopo
1669 1040 1849 1089 Elyensi,
1882 1040 1951 1077 uni
1985 1043 2244 1079 executorum

537 1098 821 1146 predictorum,
862 1100 1137 1149 significatum
1176 1105 1248 1140 est.

652 1186 724 1221 Pro
762 1188 802 1223 ,1.
842 1189 970 1224 munite
1009 1188 1429 1227 Illum—Mandatum
1477 1193 1537 1227 est
1584 1189 1788 1227 Willelmo
1837 1189 1884 1226 de
1932 1188 2090 1227 Horton
2138 1190 2241 1238 quod

538 1246 682 1285 habere
747 1248 868 1286 faciat
934 1250 1071 1287 comiti
1128 1251 1239 1288 Linc'
1299 1254 1379 1289 tres
1440 1252 1579 1288 damas
1645 1251 1686 1288 in
1753 1251 1948 1289 forinseco
2013 1250 2131 1289 bosco
2196 1251 2243 1288 de

538 1308 761 1347 Brikestok'
812 1310 859 1348 de
910 1311 1015 1349 dono
1068 1312 1184 1361 regis,
1234 1315 1373 1350 contra
1420 1313 1588 1358 Pascha,
1637 1315 1676 1350 et
1723 1312 1913 1350 dominus
1964 1325 2031 1350 rex
2083 1312 2242 1362 scripsit

537 1370 611 1419 ipsi
668 1371 872 1410 Willelmo
921 1376 960 1411 et
1010 1386 1090 1411 non
1143 1374 1324 1412 Johanni
1374 1375 1420 1412 de
1470 1375 1612 1413 Nevill’
1666 1387 1736 1424 pro
1788 1373 1981 1413 brevitate
2033 1374 2240 1423 temporis.

539 1432 655 1470 Teste
693 1446 781 1482 rege
820 1434 925 1483 apud
967 1434 1163 1473 Sanctum
1199 1435 1416 1482 Albanum,
1457 1436 1554 1486 xxij.
1595 1435 1658 1473 die
1697 1435 1849 1474 Marcii.

648 1522 724 1557 l’ra
771 1523 948 1568 masma-0
997 1524 1193 1570 hospitalis
1241 1525 1283 1560 <Ie
1331 1523 1921 1572 Lutejlaresleal’.-Mandatum
1964 1524 2024 1560 est
2062 1522 2242 1561 Johanni

539 1582 586 1619 de
628 1582 766 1620 Nevill'
801 1583 905 1632 quod
945 1583 1065 1622 faciat
1104 1584 1249 1623 habere
1288 1585 1482 1634 magistro
1521 1585 1733 1634 hospitalis
1769 1585 1816 1622 de
1855 1583 2154 1634 Lutegareshal’
2193 1585 2242 1623 ad

538 1644 800 1682 maeremium
830 1645 1058 1683 faciendum
1090 1647 1139 1684 ad
1170 1647 1466 1696 reparationem
1495 1647 1706 1685 domorum
1737 1659 1901 1684 suarum
1930 1660 2005 1696 que
2034 1645 2241 1685 combuste

538 1705 701 1744 fuerunt
741 1710 819 1745 tres
857 1720 1023 1755 quercus
1062 1708 1102 1745 in
1143 1709 1291 1747 foresta
1329 1709 1376 1746 de
1410 1709 1606 1755 Brehull’‚
1638 1709 1685 1747 de
1724 1708 1828 1746 dono
1866 1708 1981 1757 regis.
2041 1708 2157 1746 Teste
2195 1712 2240 1747 ut

539 1780 670 1817 supra.

646 1856 722 1892 Pro
766 1857 923 1903 Hugwne
959 1856 1003 1893 <le
1049 1856 1483 1895 1'zu-022u-Mandatmn
1526 1860 1585 1896 est
1627 1857 1851 1896 vicecomiti
1898 1857 2074 1895 Sumers’
2119 1856 2238 1907 quod,

536 1929 616 1954 non
665 1916 849 1955 obstante
898 1930 943 1956 eo
993 1918 1098 1967 quod
1148 1922 1370 1956 mercatum
1422 1919 1527 1969 quod
1580 1919 1701 1968 Hugo
1749 1919 1797 1956 de
1850 1918 1991 1957 Vivon’
2040 1919 2240 1957 levaverat

536 1979 641 2028 apud
689 1979 915 2017 manerium
953 1993 1070 2018 suum
1111 1980 1158 2018 de
1199 1981 1368 2031 Sypton’
1410 1985 1593 2019 amotum
1634 1981 1711 2020 fuit
1758 1994 1827 2030 per
1864 1984 2098 2031 preceptum
2136 1981 2241 2030 regis

537 2044 695 2090 propter
734 2046 1025 2080 nocumentum
1064 2042 1303 2081 venerabilis
1341 2044 1466 2093 patris
1505 2044 1542 2081 J.
1580 2043 1869 2082 Bathoniensis
1908 2043 2095 2093 episcopi,
2134 2044 2240 2093 apud

538 2103 698 2148 Welles,
749 2103 914 2141 clamari
967 2105 1088 2143 faciat
1141 2105 1246 2154 apud
1304 2105 1527 2155 predictum
1586 2105 1813 2144 manerium
1870 2105 1996 2154 ipsius
2053 2105 2240 2154 Hugonis

536 2165 739 2214 quandam
780 2165 917 2203 feriam
969 2179 1038 2215 per
1086 2169 1166 2204 tres
1213 2167 1297 2205 dies
1339 2167 1589 2211 duraturam,
1629 2167 1826 2213 videlicet,
1866 2167 1907 2204 in
1946 2167 2083 2216 vigilia
2121 2170 2159 2205 et
2197 2167 2238 2205 in

535 2227 597 2265 die
643 2231 681 2265 et
732 2228 773 2265 in
827 2229 1002 2266 crastino
1055 2228 1339 2277 Apostolorum
1390 2230 1497 2267 Petri
1547 2233 1586 2268 et
1638 2230 1767 2268 Pauli.
1853 2229 1969 2267 Teste
2007 2242 2097 2278 rege
2134 2230 2240 2279 apud

540 2289 734 2327 Sanctum
776 2289 994 2336 Albanum,
1037 2304 1126 2328 xxv.
1168 2291 1230 2329 die
1271 2291 1426 2330 Marcii.

643 2378 699 2414 De
737 2379 834 2414 vinis
881 2380 1091 2415 arestawlis
1139 2380 1189 2415 az(
1236 2393 1325 2427 opus
1373 2379 1781 2427 regns—Mandatum
1819 2382 1879 2417 est
1919 2378 2076 2417 ballivis
2118 2378 2238 2418 Suhb'

536 2439 652 2488 quod,
694 2440 740 2477 de
779 2439 1015 2477 melioribus
1055 2441 1161 2478 vinis
1200 2441 1430 2490 Andegavie
1469 2454 1544 2491 que
1578 2444 1667 2490 post
1715 2441 1972 2480 Dominicam
2017 2441 2057 2478 in
2098 2440 2238 2479 Ramis

537 2501 771 2538 Palmarum
828 2514 937 2540 anno
995 2506 1069 2540 etc.
1129 2516 1193 2540 xx.
1253 2506 1450 2541 venerunt
1506 2503 1548 2540 in
1601 2504 1741 2541 villam
1797 2503 1912 2542 Suht'
1967 2503 2029 2541 vel
2078 2516 2153 2552 que
2195 2503 2237 2540 in

536 2563 718 2612 proximo
757 2562 907 2601 ibidem
948 2567 1118 2602 ventura
1157 2568 1264 2610 sunt,
1306 2565 1473 2603 arestari
1512 2565 1665 2603 faciant
1702 2566 1749 2603 ad
1789 2578 1888 2615 opus
1927 2565 2031 2615 regis
2070 2564 2238 2614 triginta

535 2624 640 2663 dolia
688 2625 785 2670 vini,
833 2628 872 2662 et
920 2625 1029 2663 salvo
1079 2626 1309 2664 custodiant
1360 2627 1484 2665 donec
1530 2626 1739 2664 Johannes
1791 2626 1839 2664 de
1888 2626 2090 2665 Colemere
2129 2625 2237 2663 aliud

534 2686 627 2724 inde
678 2686 733 2724 eis
784 2686 1085 2735 significaverit.
1163 2688 1279 2726 Teste
1329 2701 1418 2737 rege
1470 2688 1575 2737 apud
1622 2688 2042 2734 Westmonasterium,
2094 2687 2233 2737 xxviij.

535 2748 597 2787 die
635 2748 790 2787 Marcii.

646 2835 723 2871 Pro
768 2836 928 2871 Il'altern
971 2835 1349 2873 Mat-escalla.—Rex
1396 2835 1526 2873 mittit
1565 2836 1613 2873 ad
1653 2835 1872 2873 Ricardum
1907 2836 1954 2873 de
1994 2835 2236 2874 Muntfichet

535 2897 752 2935 Ricardum
789 2896 836 2934 de
869 2896 1104 2935 Turbervill'
1143 2898 1192 2935 ad
1230 2897 1472 2946 capiendum
1511 2897 1610 2935 duas
1649 2898 1788 2936 damas
1826 2897 1868 2935 in
1907 2898 2056 2936 foresta
2093 2898 2234 2936 Essex’

534 2962 645 2997 extra
683 2971 848 3007 parcum
888 2959 934 2996 de
974 2959 1194 3008 Havering'
1231 2959 1279 2997 ad
1313 2972 1412 3008 opus
1452 2960 1617 2998 Walteri
1659 2960 1877 3005 Marscall⁷‚.
1905 2960 1952 2997 de
1990 2960 2095 2998 dono
2133 2960 2236 3009 regis

535 3021 590 3059 Et
636 3021 874 3059 mandatum
925 3024 984 3058 est
1036 3021 1215 3070 predicto
1265 3021 1435 3060 Ricardo
1484 3022 1589 3071 quod
1634 3021 1768 3071 ipsum
1818 3021 2035 3060 Ricardum
2073 3022 2122 3060 ad
2160 3021 2235 3060 hoc

534 3082 738 3121 admittat.
815 3082 931 3121 Teste
971 3095 1061 3132 rege
1101 3086 1146 3120 ut
1185 3096 1319 3133 supra.

647 3191 720 3226 Pro
761 3191 902 3236 Hostem
942 3191 983 3226 sle
1025 3189 1488 3238 (gzwncgs.—Mandatum
1528 3192 1587 3227 est
1634 3189 1860 3228 vicecomiti
1900 3190 2006 3228 War'
2047 3193 2085 3228 et
2124 3190 2231 3228 Leic'

534 3251 639 3301 quod
677 3254 828 3289 cartam
868 3250 970 3300 regis
1009 3263 1130 3299 quam
1170 3251 1325 3300 Rogero
1364 3252 1411 3289 de
1452 3251 1616 3301 Quency
1649 3251 1736 3289 fieri
1775 3251 1869 3289 fecit
1903 3251 1950 3288 de
1991 3251 2232 3300 quibusdam

534 3312 788 3351 libertatibus
827 3312 862 3349 ei
902 3312 1100 3350 concessis
1139 3312 1180 3349 in
1218 3313 1337 3361 pleno
1375 3313 1570 3351 comitatu
1610 3325 1681 3351 suo
1720 3312 1798 3361 legi
1843 3315 1881 3350 et
1925 3312 2051 3351 teneri
2096 3313 2230 3351 faciat.

535 3376 651 3414 Teste
690 3388 779 3423 rege
813 3375 918 3423 apud
958 3375 1380 3421 Westmonasterium,
1422 3389 1514 3412 xxx.
1555 3375 1618 3413 die
1657 3374 1812 3413 Marcii.
