2375 3587
138 326 280 374 1235.

131 395 191 435 [m.
224 389 298 429 m]

1035 192 1086 230 19
1129 184 1334 228 HENRY
1377 182 1460 223 III.
2010 170 2090 211 187

1243 282 1357 289 .—-—

601 395 662 434 W.
704 389 999 442 Wigorniensis
1037 385 1248 436 episcopus
1286 381 1327 418 in
1367 373 1631 417 comitatibus
1671 371 1829 414 Glouc'‚
1875 365 2096 416 Wigornie‚

654 455 788 496 War'3

601 517 938 566 Archiepiscopus
994 506 1263 550 Eboracensis
1321 503 1362 541 in
1420 497 1685 539 comitatibus
1752 493 1910 538 Glouc’,
1977 488 2099 534 Leic'‚

657 578 866 627 Notingh'‚
909 575 1042 617 Linc’,
1082 567 1282 609 Eboraci:

605 641 940 691 Archiepiscopus
994 629 1300 674 Cantuariensis
1351 626 1392 663 in
1445 619 1710 663 comitatibus
1767 616 1931 661 Kancie,
1973 613 2102 658 Surr',

663 705 775 743 Suss'
815 705 854 740 et
894 697 1106 738 Middels':

606 769 655 806 R.
691 762 981 805 Dunelmensis
1010 759 1052 797 in
1082 753 1344 797 comitatibus
1374 749 1503 793 Wilt',
1539 745 1717 790 Sussex’‚
1750 741 1917 786 Oxonie,
1946 738 2104 783 Glouc',

663 828 802 873 Dors'3

609 891 743 930 Abbas
781 889 828 926 de
867 883 1104 925 Abbendon'
1145 881 1188 918 in
1220 873 1483 917 comitatibus
1521 869 1657 915 Berk',
1682 866 1849 911 Oxonie,
1873 862 2107 905 Warewic';

611 953 745 993 Abbas
799 949 939 991 Sancti
993 944 1141 985 Albani
1193 943 1236 980 in
1289 935 1552 979 comitatibus
1605 929 1831 975 Hertford’,
1883 926 2018 964 Bedef'
2069 927 2109 962 et

668 1015 788 1054 Buk'.

505 1099 590 1136 Rex
628 1092 851 1146 justiciario
891 1087 1084 1129 Hibernie
1123 1084 1309 1123 salutem.
1395 1075 1728 1116 Monstraverunt
1767 1068 1882 1108 nobis
1920 1065 2111 1104 Ernisius

399 1163 446 1201 de
483 1157 711 1199 Dunheued
750 1158 788 1193 et
828 1153 1019 1192 Johanna
1057 1160 1156 1187 uxor
1198 1145 1285 1195 ejus
1333 1141 1454 1192 quod,
1494 1150 1588 1176 cum
1632 1146 1761 1183 nuper
1799 1128 2111 1168 reddidissemus

400 1225 455 1263 eis
494 1227 642 1261 terram
681 1219 728 1256 de
763 1215 993 1255 Derkeham
1033 1214 1072 1250 et
1108 1206 1335 1249 Skeneboil'
1372 1215 1462 1241 cum
1504 1195 1761 1249 pertinentiis
1800 1198 2009 1241 tamquam
2048 1190 2112 1239 jus

402 1290 441 1325 et
487 1281 750 1331 maritagium
799 1278 926 1328 ipsius
974 1274 1174 1317 Johanne,
1204 1281 1327 1319 quam
1377 1263 1566 1303 dominus
1614 1259 1821 1298 Johannes
1870 1267 1949 1300 rex,
1999 1255 2113 1302 pater

403 1351 550 1392 noster,
590 1345 746 1393 ceperat
794 1341 836 1378 in
883 1349 1052 1377 manum
1101 1346 1217 1372 suam
1264 1334 1302 1368 et
1352 1327 1538 1366 tenuerat
1585 1334 1656 1371 pro
1696 1319 1905 1358 voluntate
1952 1327 2035 1360 sua,
2075 1316 2114 1351 et

404 1408 573 1461 predicti
616 1404 805 1444 Ernisius
853 1405 891 1440 et
939 1399 1131 1438 -Johanna
1180 1398 1328 1432 terram
1377 1389 1491 1427 illam
1541 1383 1748 1424 tenuerint
1795 1381 2003 1427 hucusque
2047 1388 2116 1425 per

406 1471 620 1513 servicium
659 1467 775 1506 tertie
813 1464 939 1515 partis
978 1460 1082 1499 feodi
1130 1457 1250 1496 unius
1297 1451 1467 1492 militis:
1518 1460 1626 1486 nunc
1665 1446 1712 1484 de
1760 1456 1863 1482 novo
1901 1441 2117 1489 exiguntur

407 1535 456 1574 ab
494 1534 550 1572 eis
589 1532 637 1570 ad
675 1541 775 1579 opus
813 1529 999 1565 nostrum
1038 1535 1106 1572 per
1145 1515 1507 1558 summonitionem
1544 1507 1741 1549 Scaccarii
1783 1504 1911 1543 nostri
1949 1500 2116 1540 Dublin'

408 1600 571 1637 centum
628 1592 776 1631 solidos
832 1602 901 1638 per
959 1597 1113 1624 annum
1162 1582 1209 1619 de
1267 1577 1434 1617 servicio
1491 1572 1672 1623 ejusdem
1729 1573 1831 1607 terre
1888 1578 1968 1603 una
2025 1575 2118 1602 cum

409 1657 619 1708 arreragiis
656 1655 704 1693 de
743 1666 812 1692 sex
850 1650 982 1695 annis,
1014 1648 1062 1685 de
1099 1644 1244 1696 quibus
1283 1655 1316 1680 0.
1358 1638 1497 1678 solidis
1535 1634 1716 1685 predicta
1750 1634 1867 1675 terra,
1901 1631 2120 1676 antequam

411 1725 528 1772 capta
556 1721 660 1758 esset
699 1717 741 1754 in
779 1726 948 1753 manum
978 1708 1145 1760 predicti
1175 1705 1302 1756 patris
1341 1700 1482 1746 nostri,
1515 1695 1753 1747 respondere
1783 1705 1864 1731 non
1899 1688 2120 1729 consuevit.

413 1785 469 1824 Et
507 1783 595 1821 ideo
632 1779 744 1818 vobis
791 1776 1035 1815 mandamus
1077 1770 1183 1821 quod
1230 1780 1299 1817 per
1347 1763 1491 1814 probos
1538 1762 1577 1798 et
1624 1757 1772 1807 legales
1815 1753 2014 1798 homines,
2054 1763 2124 1800 per

414 1860 513 1898 quos
561 1843 706 1883 melius
754 1838 904 1890 poterit
951 1836 1006 1874 rei
1052 1833 1200 1873 veritas
1247 1828 1410 1878 inquiri,
1459 1824 1674 1872 diligenter
1721 1816 1936 1868 inquiratis
1985 1818 2125 1852 utrum

416 1909 595 1961 predicta
651 1910 756 1944 terra
794 1903 841 1940 de
878 1898 1067 1950 predictis
1106 1909 1136 1935 0.
1184 1892 1322 1932 solidis
1365 1887 1512 1928 annuis
1554 1883 1670 1923 nobis
1714 1880 1950 1931 respondere
1988 1876 2127 1915 debeat

418 1973 480 2012 vel
518 1983 613 2016 11011,
653 1971 692 2006 et
738 1969 877 2003 utrum
925 1965 1195 2000 antecessores
1243 1953 1419 2005 predicte
1458 1949 1659 1992 Johanne,
1700 1944 1769 1995 qui
1817 1946 1965 1980 terram
2014 1939 2126 1976 illam

420 2035 652 2076 tenuerunt,
692 2030 740 2067 de
778 2026 955 2078 predicto
995 2021 1160 2061 servicio
1203 2032 1235 2058 c.
1277 2015 1497 2055 solidorum
1537 2005 1858 2049 antecessoribus
1898 2002 2047 2042 nostris
2082 2001 2129 2038 de

421 2097 600 2149 predicta
638 2097 743 2132 terra
780 2088 1017 2139 respondere
1050 2082 1346 2123 consueverunt
1383 2077 1447 2115 vel
1485 2087 1594 2114 non:
1639 2075 1678 2110 et
1713 2067 2020 2119 inquisitionem
2054 2066 2128 2102 etc.

423 2159 540 2200 nobis
577 2154 766 2195 mittatis.
825 2149 1020 2189 Predictis
1067 2147 1190 2185 etiam
1239 2140 1405 2181 Ernisic
1452 2141 1491 2176 et
1529 2136 1717 2175 ‚Iohanne
1764 2132 1811 2169 de
1858 2127 2048 2180 predictis
2096 2138 2129 2164 0.

425 2221 563 2262 5011(115
601 2222 640 2257 et
679 2214 889 2264 arreragiis
928 2223 1067 2262 pacem
1106 2206 1270 2246 interim
1309 2202 1455 2241 habere
1494 2197 1668 2237 faciatis.
1738 2194 1856 2232 Teste
1894 2203 1984 2240 rege
2027 2187 2133 2238 apud

427 2278 847 2324 Westmonasterium,
888 2289 953 2313 xv.
992 2273 1055 2311 die
1093 2269 1207 2309 Julii.

537 2360 778 2400 Mandatum
817 2358 876 2393 est
914 2349 1140 2391 vicecomiti
1184 2346 1309 2385 Midd’
1350 2342 1456 2393 quod
1504 2338 1682 2391 gurgites
1722 2348 1790 2385 per
1830 2330 2054 2370 Tamisiam
2092 2328 2135 2366 in

430 2425 553 2466 bailia
592 2435 664 2461 sua
703 2423 807 2458 stare
846 2420 884 2455 et
923 2427 1007 2453 esse
1045 2411 1168 2450 faciat
1212 2409 1254 2447 in
1296 2407 1436 2445 eadem
1485 2400 1704 2441 latitudine
1752 2400 1791 2435 et
1839 2395 1978 2434 eodem
2027 2395 2136 2430 statu

431 2492 470 2528 et
509 2488 696 2537 apertura
733 2482 838 2520 inter
875 2479 1009 2527 virgas
1047 2475 1255 2515 cleiarum‚
1294 2469 1440 2519 quibus
1489 2469 1594 2505 stare
1632 2466 1672 2501 et
1711 2473 1795 2499 esse
1843 2456 2138 2497 consueverunt

433 2557 612 2600 tempore
651 2544 818 2585 Henrici
857 2541 961 2591 regis
1001 2538 1077 2583 avi,
1119 2533 1281 2575 Ricardi
1320 2531 1424 2581 regis
1473 2525 1662 2567 avunculi
1702 2528 1741 2563 et
1780 2519 1982 2561 Johannis
2021 2517 2138 2567 regis.

435 2615 553 2653 Teste
591 2623 683 2660 rege
722 2606 827 2657 apud
867 2598 1291 2642 Westmonasterium,
1333 2594 1414 2643 xvj.
1455 2592 1517 2630 die
1557 2588 1671 2628 Julii.

543 2689 786 2729 Mandatum
825 2687 884 2723 est
921 2678 1146 2720 vicecomiti
1186 2674 1340 2715 Oxonie
1379 2670 1485 2722 quod
1523 2679 1663 2708 omnes
1711 2662 1875 2702 abbates
1915 2663 1954 2698 et
1992 2658 2142 2709 priores

437 2756 484 2794 de
522 2751 720 2792 comitatu
758 2760 843 2793 suo,
882 2744 950 2796 qui
998 2755 1080 2780 non
1129 2742 1270 2778 tenent
1319 2736 1366 2774 de
1405 2745 1497 2782 rege
1546 2731 1586 2768 in
1635 2727 1765 2777 capite
1814 2737 1884 2774 per
1931 2720 2143 2760 servicium

438 2817 627 2860 militare,
702 2811 991 2861 cujuscumque
1055 2801 1208 2842 ordinis
1273 2802 1404 2848 preter
1471 2793 1654 2833 ordinem
1722 2785 2040 2838 Cysterciensem
2106 2785 2145 2820 et

440 2876 873 2918 Premonstratensem,
932 2867 1067 2907 venire
1124 2863 1245 2902 faciat
1308 2871 1442 2899 coram
1499 2868 1590 2904 rege
1648 2851 1753 2901 apud
1811 2845 2045 2886 Wudestok'
2103 2844 2144 2881 in

441 2940 618 2981 crastino
655 2937 801 2976 Sancte
840 2931 964 2970 Marie
1003 2927 1254 2978 Magdalene‚
1296 2934 1403 2961 anno
1442 2922 1516 2957 etc.
1558 2915 1637 2954 xix.
1678 2914 1726 2952 ad
1766 2909 2013 2961 loquendum
2053 2918 2145 2945 cum

442 3016 534 3052 rege
584 3001 632 3038 de
681 2995 854 3046 negotiis
897 2992 979 3031 suis
1027 3003 1103 3041 que
1154 2988 1210 3026 eis
1262 2984 1383 3023 habet
1432 2977 1680 3030 exponenda.
1741 2974 1859 3011 Teste
1902 2983 1992 3020 rege
2042 2967 2148 3018 apud

444 3058 865 3105 Westmonasterium,
905 3055 986 3104 xvj.
1026 3052 1088 3090 die
1125 3049 1240 3088 Julii.

552 3132 708 3171 Eodem
746 3128 865 3166 modo
903 3123 1090 3164 scribitur
1126 3116 1430 3159 vicecomitibus

663 3190 816 3235 Heres,
857 3187 1013 3232 Glouc‘,
1055 3181 1274 3233 Wigornie‚
1321 3177 1427 3228 apud
1475 3172 1616 3213 Glouc’
1656 3171 1719 3209 die
1760 3165 1928 3206 Veneris
1968 3162 2152 3213 proximo

720 3254 933 3302 sequente;

668 3316 781 3355 Dors’
816 3317 854 3352 et
895 3311 1087 3354 Sumers',
1127 3305 1232 3357 apud
1271 3301 1519 3342 Bathoniam
1558 3298 1598 3335 in
1638 3296 1740 3333 festo
1781 3289 1919 3331 Sancti
1959 3286 2069 3326 Petri
2107 3285 2157 3324 ad

723 3376 934 3422 Wincula;
