2375 3587
1194 197 1377 240 CLOSE
1422 196 1626 239 ROLLS.

565 393 701 433 Sancti
739 393 878 432 Jacobi
921 393 1102 442 Apostoli
1147 404 1254 430 anno
1302 391 1414 440 regni
1459 390 1587 429 nostri
1635 402 1700 429 xx.
1746 389 1789 427 in
1831 402 1959 428 unum
2001 402 2169 437 annum,
2209 390 2258 428 ad

564 456 863 494 emendandum
902 456 943 493 in
982 454 1163 505 partibus
1204 453 1440 493 Suthwallie
1471 452 1783 501 interceptiones
1816 465 1892 502 que
1924 452 2024 490 fient
2069 465 2116 490 ex
2147 454 2259 502 parte

564 520 701 555 nostra
738 520 877 556 contra
916 523 1096 565 treugam
1136 515 1370 565 predictam,
1406 518 1444 552 et
1482 515 1531 552 ad
1571 513 1868 552 emendandum
1901 513 2073 552 smiliter
2106 526 2152 552 ea
2184 527 2259 564 que

562 578 782 627 intercepta
813 585 908 616 sunt
942 591 964 615 a
998 576 1200 615 Lewelino
1233 578 1272 613 et
1303 575 1386 613 suis
1419 577 1557 613 contra
1590 574 1782 613 dilectum
1817 576 1856 612 et
1885 573 2045 612 fidelem
2075 576 2259 612 nostrum

565 640 614 679 G.
657 640 952 685 Marescallum.
993 639 1181 677 comitem
1221 636 1382 682 Penbr',
1423 637 1463 674 in
1502 636 1581 675 alia
1619 639 1758 685 treuga
1787 636 2029 685 precedenti.
2087 636 2143 674 Et
2173 637 2260 676 ideo

561 700 673 739 vobis
741 701 983 739 mandamus
1051 702 1237 748 rogantes
1293 698 1396 748 quod
1453 697 1640 748 quotiens
1696 710 1856 736 necesse
1917 698 2039 736 fuerit
2101 702 2261 747 propter

561 763 893 812 interceptionem
951 762 1220 809 emergentem
1279 760 1321 797 in
1378 758 1560 809 partibus
1615 758 1802 809 predictis
1870 762 2009 797 contra
2078 762 2260 809 treugam

562 824 782 873 predictam
838 828 876 861 et
930 822 1111 871 requisiti
1168 821 1327 859 fueritis
1383 833 1406 859 a
1461 820 1639 871 predicto
1690 820 1752 859 vel
1804 819 2068 859 dictatoribus
2124 824 2261 870 treuge

562 886 737 935 predicte
794 885 1008 934 assignatis
1065 897 1112 922 ex
1168 887 1280 933 parte
1337 896 1420 930 sua,
1480 882 1729 921 conveniatis
1796 883 1845 921 ad
1915 882 2144 921 faciendum
2215 884 2262 922 de

561 946 920 996 interceptionibus
960 946 1075 984 factis
1115 946 1219 995 quod
1258 946 1414 996 justum
1465 944 1598 992 fuerit,
1640 945 1848 994 negotium
1900 948 2170 983 memoratum
2218 959 2263 985 ea

562 1010 770 1058 diligentia
816 1012 1056 1058 exequentes
1103 1008 1207 1056 quod
1255 1008 1398 1046 exinde
1444 1007 1622 1045 debeatis
1669 1007 1814 1045 merito
1852 1007 2126 1046 commendari
2164 1010 2203 1046 et
2240 1021 2263 1046 a

562 1071 675 1109 nobis
713 1074 843 1119 grates
882 1073 1080 1119 reportare
1119 1069 1322 1118 speciales.
1411 1069 1474 1107 Ex
1512 1082 1590 1118 quo
1628 1069 1750 1106 etiam
1789 1069 1920 1107 dictus
1969 1070 2015 1107 L.
2050 1069 2264 1109 dictatores

560 1145 606 1170 ex
645 1136 755 1181 parte
793 1144 864 1169 sua
903 1131 1180 1181 assignaverit,
1222 1131 1389 1170 nomina
1436 1143 1574 1170 eorum
1619 1129 1733 1170 nobis
1766 1130 1865 1169 scire
1899 1130 2068 1170 faciatis.
2146 1131 2262 1171 Teste

563 1199 607 1233 ut
647 1208 778 1244 supra.

670 1273 826 1311 Eodem
865 1273 984 1310 modo
1023 1271 1213 1311 scribitur
1251 1271 1422 1321 singulis
1462 1270 1740 1310 dictatoribus

673 1352 900 1390 Dictatores
958 1355 1096 1400 treuge
1163 1354 1277 1400 capte
1324 1351 1429 1389 inter
1492 1362 1625 1399 regem
1673 1352 1712 1388 et
1772 1348 2022 1389 Lewelinum
2070 1353 2147 1389 etc.
2214 1352 2262 1391 R.

563 1413 884 1459 Hei-esordensis‚
967 1413 1260 1459 Landavensis,
1342 1412 1530 1461 episcopi,
1608 1411 1810 1450 Walterus
1885 1411 1932 1449 de
2006 1412 2261 1461 Baskervill',

563 1476 790 1514 Willelmus
829 1476 937 1513 filius
975 1475 1142 1521 warini,
1183 1475 1225 1512 in
1264 1473 1447 1524 partibus
1488 1473 1739 1514 Suthwallie.

672 1563 872 1601 Heni-icus
910 1563 957 1601 de
1005 1562 1263 1612 Alditheleg,'
1317 1562 1442 1600 Fulco
1491 1562 1600 1599 filius
1654 1561 1822 1608 Warini‚
1871 1561 2068 1601 Hervicus
2107 1562 2260 1612 Bagod,

562 1625 603 1663 in
644 1625 824 1675 partibus
864 1625 1110 1663 Nortwallie.

670 1713 725 1750 Et
781 1712 856 1750 hoc
913 1712 1187 1760 significatum
1239 1714 1298 1748 est
1358 1710 1406 1748 G.
1467 1710 1715 1755 Marescallo,
1774 1709 1913 1749 comiti
1970 1709 2131 1749 Penbr'.
2207 1711 2263 1750 Et

562 1775 800 1812 mandatum
835 1778 895 1812 est
929 1774 962 1811 ei
1014 1774 1119 1823 quod
1170 1777 1329 1822 treugas
1379 1772 1578 1822 predictas
1631 1775 1714 1810 tam
1770 1785 1792 1809 a
1844 1784 1884 1810 se
1941 1785 2062 1822 quam
2110 1786 2133 1810 a
2180 1773 2263 1811 suis

562 1836 732 1874 firmiter
766 1836 887 1874 faciat
925 1835 1139 1882 observari,
1181 1848 1230 1873 ne
1269 1835 1375 1884 ipsas
1411 1838 1571 1883 treugas
1610 1847 1678 1883 per
1708 1847 1799 1872 eum
1830 1834 2040 1884 contingat
2079 1835 2261 1885 infringi.

668 1924 812 1962 Postea
850 1923 1091 1961 mandatum
1132 1922 1210 1960 fuit
1262 1921 1452 1971 predictis
1497 1921 1693 1970 episcopis
1740 1923 1779 1959 et
1828 1921 2007 1970 predicto
2058 1922 2264 1961 Willelmo

560 1985 678 2035 quod,
720 1985 814 2034 quia
853 1984 958 2022 idem
990 1983 1252 2022 Marescallus
1290 1983 1411 2021 habet
1441 1982 1596 2021 dictum
1628 1982 1851 2021 Walterum
1891 1986 2138 2032 suspectum,
2178 1984 2265 2023 sine

561 2047 761 2096 presentia
799 2046 925 2095 ipsius
974 2045 1157 2091 Walteri,
1193 2045 1311 2083 certis
1350 2044 1413 2082 die
1463 2047 1502 2083 et
1549 2044 1636 2083 loco
1686 2044 1931 2083 conveniant
1978 2045 2027 2083 ad
2073 2046 2264 2084 emendas

563 2109 765 2147 faciendas
822 2108 899 2157 ipsi
956 2107 1095 2146 comiti
1151 2108 1197 2145 de
1253 2106 1442 2156 dampnis
1494 2109 1533 2144 et
1573 2106 1731 2156 injuriis
1787 2118 1862 2155 que
1918 2105 1992 2144 sibi
2049 2107 2145 2146 dicit
2179 2120 2263 2146 esse

564 2171 758 2220 irrogatas
781 2171 863 2221 (sic)
885 2183 955 2220 per
976 2169 1193 2208 Leulinum
1225 2171 1263 2207 et
1293 2169 1535 2217 Morganum
1567 2169 1613 2206 de
1643 2168 1822 2218 Karlyon
1856 2171 1894 2207 et
1927 2181 2042 2214 suos;
2073 2169 2130 2207 ita
2158 2170 2263 2219 quod

564 2233 695 2270 dictus
735 2232 936 2270 Walter-us
975 2232 1075 2270 alias
1105 2231 1296 2269 emendas
1325 2230 1595 2280 dampnorum
1624 2232 1664 2268 et
1693 2230 2033 2280 interceptionum
2063 2231 2263 2270 factorum

566 2298 604 2332 et
639 2294 914 2333 faciendorum
945 2294 1052 2332 infra
1093 2298 1253 2342 treugas
1285 2293 1375 2331 illas
1414 2305 1495 2331 una
1534 2305 1625 2331 cum
1665 2292 1721 2331 eis
1768 2292 1891 2332 dictet
1930 2296 1968 2332 et
2007 2293 2207 2333 emendet.

674 2383 727 2417 De
765 2382 863 2418 salsa
904 2380 1313 2429 7'‹²511'.s·.—ll1andatum
1353 2382 1413 2418 est
1451 2379 1612 2417 ballivis
1643 2379 1691 2417 de
1731 2379 1873 2429 Wych'
1914 2380 2019 2429 quod
2058 2392 2139 2419 non
2178 2393 2263 2430 per-

565 2443 734 2480 mittant
782 2442 887 2491 quod
935 2443 1070 2492 aliqua
1118 2442 1223 2480 salsa
1269 2441 1468 2479 vendatur
1514 2441 1555 2478 in
1604 2441 1702 2478 villa
1750 2441 1798 2478 de
1856 2441 1988 2480 Wich’
2045 2444 2263 2492 antequam

567 2504 670 2541 salsa
721 2504 824 2553 regis
863 2516 983 2553 quam
1024 2503 1144 2542 habet
1184 2504 1224 2541 in
1272 2503 1411 2541 eadem
1459 2502 1557 2540 villa
1600 2502 1871 2551 pertinentem
1911 2503 1960 2540 ad
1998 2503 2180 2542 maneria
2217 2504 2264 2542 de

565 2564 789 2603 Feckeham
828 2569 866 2603 et
914 2565 1165 2614 Bremesgra‘
1206 2564 1368 2603 vendita
1407 2563 1542 2602 fuerit.
1631 2564 1747 2602 Teste
1787 2577 1877 2613 rege
1916 2565 2023 2614 apud
2067 2565 2263 2612 Wudest’,

567 2627 690 2677 xxvij.
731 2627 793 2664 die
833 2627 945 2665 Julii.

674 2713 843 2751 Matillis
892 2726 990 2750 uxor
1029 2712 1231 2751 »Iohannis
1279 2712 1423 2751 medici
1469 2713 1692 2751 attornavit
1737 2711 1966 2751 Gilbertum
2007 2712 2179 2762 Crispun
2227 2717 2266 2752 et

567 2775 819 2813 willelmum
872 2775 1016 2812 Russel
1064 2775 1105 2811 in
1154 2774 1311 2824 loquela
1350 2786 1426 2824 que
1474 2776 1534 2812 est
1580 2774 1714 2825 [inter]
1757 2774 2009 2813 Willelmum
2056 2775 2103 2813 de
2152 2775 2266 2814 Bello
2306 2815 2309 2818 Α

567 2837 719 2886 Campo
758 2839 796 2874 et
836 2837 1028 2874 Emmam
1076 2849 1241 2874 uxorem
1290 2836 1388 2886 ejus,
1429 2835 1653 2875 Henricum
1701 2837 1748 2874 de
1787 2836 1906 2887 Ayrel
1954 2840 1993 2875 et
2032 2837 2265 2876 Johannam

566 2911 730 2936 uxorem
778 2898 876 2947 ejus,
916 2902 954 2935 et
1001 2898 1199 2947 predictos
1246 2897 1475 2935 -Johannem
1524 2901 1563 2935 et
1608 2897 1866 2944 Matillidffln,
1900 2900 2095 2947 petentes,
2131 2911 2268 2938 versus

567 2960 797 2997 Jobaiiiieiii
832 2959 962 2996 filium
998 2959 1164 2998 Henrici
1202 2959 1249 2996 de
1283 2958 1485 3009 Braybroc
1520 2962 1739 3006 tenentem,
1776 2959 1823 2998 de
1857 2960 1992 2999 decem
2030 2960 2266 2999 sellionibus

566 3026 669 3060 terre
708 3034 797 3059 cum
838 3021 1092 3069 pertinentiis
1131 3021 1172 3058 in
1212 3021 1462 3058 Hersenden.

673 3108 913 3145 Mandatum
975 3111 1034 3145 est
1096 3107 1322 3146 vicecomiti
1385 3107 1539 3145 Oxonie
1608 3107 1713 3156 quod
1775 3107 1973 3145 Thomam
2036 3107 2158 3146 Kutel
2218 3108 2265 3146 de

567 3169 807 3207 Cudelinton
852 3181 970 3217 quem
1008 3169 1149 3207 Simon
1183 3169 1230 3206 de
1264 3169 1303 3206 la
1334 3168 1453 3206 Porte
1488 3168 1613 3207 trahit
1647 3169 1696 3206 ad
1736 3172 1962 3207 warantum
2000 3169 2048 3207 de
2092 3169 2264 3219 quadam

565 3244 666 3280 equa
714 3231 866 3268 furrata
913 3230 1048 3268 venire
1096 3230 1217 3268 faciat
1269 3230 1318 3268 ad
1366 3230 1622 3268 hundredum
1670 3230 1717 3268 de
1765 3230 1976 3268 Bolesden’
2023 3230 2065 3267 in
2114 3230 2266 3270 octabis

567 3292 705 3331 Sancti
742 3292 849 3329 Petri
888 3292 937 3329 ad
973 3291 1144 3330 Vincula
1183 3292 1232 3329 ad
1271 3292 1595 3341 respondendum
1633 3291 1762 3329 eidem
1798 3291 1964 3341 Symoni
2003 3291 2050 3330 de
2087 3295 2272 3331 waranto'

563 3354 736 3403 predicte
774 3365 884 3402 eque.
940 3353 1087 3391 -Teste
1126 3365 1215 3401 rege
1254 3353 1360 3402 apud
1399 3353 1595 3398 Wudest’,
1637 3353 1746 3391 xxix.
1785 3352 1848 3391 die
1889 3352 2003 3391 Julii.
