2375 3587
314 345 458 392 1235.

301 412 361 451 [m.
385 411 456 451 21.]

1187 211 1371 253 CLOSE
1412 211 1617 254 ROLLs.

659 421 738 457 Pro
780 422 937 459 Roberto
976 424 1019 459 de
1059 423 1364 472 Hastam—Rex
1402 423 1609 461 licentiam
1649 423 1757 461 dedit
1795 422 1970 462 Roberto
2008 424 2054 462 de
2101 424 2252 475 Hayles

552 482 763 520 accedendi
815 483 864 520 ad
917 483 1071 521 curiam
1129 484 1232 533 regis
1285 496 1406 522 causa
1455 484 1655 523 tractandi
1708 485 1756 522 de
1807 497 1902 534 pace
1954 488 1992 523 et
2041 486 2252 524 concordia

550 542 732 582 facienda
787 557 878 583 cum
935 545 1092 583 Thema
1143 545 1190 583 de
1245 546 1453 594 Sprotton’
1506 558 1624 596 super
1675 545 1832 584 roberia
1883 550 1922 585 et
1972 547 2251 586 vulneratione

549 618 670 655 quam
709 605 743 643 ei
782 606 891 652 fecit,
926 609 970 645 ut
1010 606 1171 651 dicitur,
1209 609 1371 656 propter
1404 607 1509 656 quod
1544 620 1611 646 rex
1646 608 1778 657 ipsum
1810 608 1897 657 capi
1929 609 2118 658 precepit.
2194 609 2250 648 Et

549 667 787 706 mandatum
840 671 899 706 est
950 668 1175 706 vicecomiti
1230 668 1341 707 Linc'
1394 669 1513 718 quod,
1564 681 1645 708 non
1695 668 1881 708 obstante
1932 673 2118 720 precepto
2167 671 2248 717 illo,

548 741 716 768 manum
776 730 818 768 in
874 730 991 768 illum
1042 742 1123 768 non
1179 730 1317 768 mittat
1368 731 1416 768 ad
1465 731 1599 781 ipsum
1649 731 1890 781 capiendum
1938 732 2038 771 citra
2088 733 2250 773 octabas

550 791 689 830 Sancti
737 792 914 837 Hillarii‚
967 804 1072 830 anno
1122 794 1198 831 etc.
1250 805 1329 839 xx„
1376 805 1501 843 usque
1549 794 1598 831 ad
1641 806 1759 843 quem
1799 794 2020 833 terminum
2058 795 2251 834 duratura

546 856 607 891 est
644 854 807 892 licentia
844 854 947 903 regis
983 854 1018 891 ei
1052 866 1254 893 concessa.
1342 855 1460 894 Teste
1494 858 1538 893 ut
1578 868 1710 905 supra.

652 942 708 977 De
746 942 891 978 homine
931 941 1477 989 replessiando.—.Mandatum
1517 944 1577 980 est
1607 941 1832 981 vicecomiti
1875 942 2032 982 Sussex’
2065 943 2183 994 quod,
2217 943 2250 983 si

547 1002 723 1041 Thomas
757 1003 945 1041 Bernard'
980 1003 1178 1042 invenerit
1221 1004 1255 1042 ei
1295 1004 1426 1043 salvos
1465 1005 1616 1054 plegios
1655 1005 1703 1043 ad
1743 1005 1933 1043 standum
1970 1008 2077 1045 recto
2114 1018 2248 1046 coram

547 1064 748 1103 Willelmo
813 1065 859 1102 de
925 1064 1067 1103 Insula
1131 1068 1169 1103 et
1236 1066 1411 1104 Radulfo
1476 1067 1524 1105 de
1590 1066 1786 1113 Norwico,
1848 1066 2082 1117 justiciariis
2147 1069 2250 1118 regis

544 1125 827 1164 itinerantibus
885 1127 990 1175 apud
1043 1126 1213 1177 Cycestr’
1266 1127 1307 1165 in
1365 1128 1540 1166 crastino
1595 1128 1922 1167 Circumcisionis
1979 1129 2147 1168 Domini
2201 1131 2248 1169 de

544 1188 716 1239 quodam
754 1188 923 1226 crimine
963 1187 1037 1226 sibi
1086 1189 1276 1238 imposito
1322 1190 1369 1228 de
1417 1190 1588 1240 quadam
1635 1202 1755 1229 vacca
1792 1190 1938 1236 furata,
1979 1193 2076 1230 tunc
2114 1192 2247 1242 ipsum

545 1263 668 1300 usque
706 1250 754 1287 ad
794 1250 1015 1288 terminum
1054 1251 1263 1300 replegiari
1303 1251 1439 1290 faciat.
1526 1252 1642 1291 Teste
1681 1256 1726 1291 ut
1764 1265 1897 1302 supra.

653 1338 730 1374 Pro
752 1338 950 1385 Pleillippo
979 1339 1022 1373 de
1045 1337 1497 1376 ];›·aus'.—Mandatum
1528 1340 1588 1377 est
1617 1338 1775 1376 ballivis
1805 1339 1949 1377 foreste
1977 1339 2023 1378 de
2042 1340 2234 1380 Essewud

543 1398 649 1448 quod
679 1411 816 1448 porcos
846 1398 1024 1448 Philippi
1055 1399 1102 1437 de
1134 1399 1274 1438 Braus’
1306 1400 1374 1449 qui
1408 1400 1570 1449 agistati
1609 1400 1773 1438 fuerunt
1812 1401 1853 1438 in
1887 1401 2065 1450 predicta
2103 1402 2251 1442 foresta

544 1460 661 1509 regis,
701 1464 739 1498 et
777 1460 846 1509 qui
884 1473 953 1510 per
990 1464 1223 1510 preceptum
1263 1461 1344 1499 R'·³³³²
1384 1462 1585 1500 Johannis
1623 1462 1697 1500 filii
1745 1462 1938 1512 Philippi,
1980 1463 2134 1502 domini
2172 1465 2246 1511 sui,

543 1524 636 1559 ante
674 1534 873 1559 recessum
913 1534 1031 1559 suum
1071 1521 1120 1560 ab
1152 1522 1298 1571 Anglia
1333 1523 1380 1561 de
1418 1523 1620 1573 pannagio
1666 1523 1791 1573 quieti
1838 1536 1922 1562 esse
1968 1524 2169 1572 deberent,
2204 1529 2249 1564 ut

542 1583 702 1630 dicitur,
734 1583 876 1622 abduci
906 1583 1027 1622 libere
1056 1584 1307 1633 permittant,
1339 1586 1401 1623 vel
1431 1586 1575 1624 saltem
1606 1586 1652 1624 de
1681 1586 1888 1624 exactione
1919 1586 2028 1625 illius
2057 1588 2249 1638 pannagii

542 1645 770 1684 sustineant
809 1658 932 1695 usque
971 1646 1019 1683 ad
1058 1646 1277 1684 adventum
1316 1647 1485 1696 predicti
1524 1647 1677 1686 domini
1718 1647 1794 1694 sui,
1830 1650 1874 1686 ut
1912 1650 2009 1687 tunc
2046 1648 2139 1688 inde
2176 1649 2248 1689 fiat

541 1720 612 1757 pro
650 1707 858 1746 voluntate
897 1720 968 1745 sua
1006 1708 1110 1757 quod
1147 1709 1254 1758 juste
1293 1709 1427 1747 fuerit.
1514 1709 1631 1748 Teste
1669 1711 1714 1747 ut
1754 1722 1889 1759 supra.

653 1796 727 1831 Pro
766 1796 930 1832 Hic-ardo
968 1796 1139 1832 Smeard‘
1177 1803 1210 1832 ot
1251 1810 1362 1834 uxore
1400 1797 1793 1844 ejus—Mandatum
1832 1799 1891 1835 est
1935 1796 2163 1836 Walkelino
2201 1799 2248 1837 de

541 1855 713 1894 Fer-ariis
747 1856 851 1906 quod
890 1856 937 1894 de
976 1857 1139 1895 servitio
1174 1870 1245 1896 suo
1279 1858 1384 1908 quod
1416 1859 1669 1908 assignatum
1702 1861 1762 1897 est
1795 1858 1966 1897 Ricardo
1998 1860 2175 1898 Suward’
2208 1863 2248 1899 et

540 1918 740 1968 Philippe,
776 1918 979 1957 comitisse
1011 1919 1227 1965 Warewiff,
1264 1920 1378 1959 uxori
1412 1921 1512 1971 ejus,
1544 1921 1710 1960 nomine
1740 1921 1844 1960 dotis
1874 1921 2001 1971 ipsius
2029 1923 2245 1969 comitisse,

540 1981 588 2019 de
626 1980 868 2019 tenementis
905 1993 981 2030 que
1020 1983 1131 2020 tenet
1171 1982 1217 2020 de
1256 1982 1372 2020 feodo
1414 1983 1459 2020 Τ.
1501 1983 1662 2022 comitis
1702 1983 1909 2022 Warewic'
1950 1984 2028 2021 filii
2072 1985 2248 2034 predicte

540 2042 756 2087 comitisse,
797 2042 854 2080 eis
892 2042 1108 2081 intendens
1149 2043 1200 2081 sit
1244 2047 1282 2082 et
1331 2045 1579 2094 respondens
1619 2048 1704 2084 tota
1742 2045 1826 2083 vita
1864 2045 1990 2094 ipsius
2029 2046 2245 2092 comitisse,

540 2104 645 2142 sicut
683 2104 860 2153 predicto
898 2104 1038 2142 comiti
1072 2104 1165 2143 inde
1202 2106 1443 2155 respondere
1475 2110 1772 2145 consueverunt
1804 2110 1897 2145 ante
1931 2107 2247 2157 assignationem

540 2166 775 2215 predictam.
834 2166 952 2204 Teste
991 2180 1081 2216 rege
1121 2169 1227 2217 apud
1267 2169 1496 2215 Merewell',
1537 2169 1677 2219 xxviij.
1719 2169 1782 2207 die
1820 2168 2070 2208 Decembris.

650 2237 804 2275 Eodem
850 2237 969 2275 modo
1021 2238 1262 2277 mandatum
1311 2241 1371 2277 est
1421 2239 1591 2278 Fulconi
1641 2239 1725 2278 filio
1778 2239 1948 2285 warini,
2002 2239 2156 2279 Thome
2200 2242 2248 2280 de

541 2298 723 2344 Ardern'‚
753 2298 926 2337 Radulfo
956 2299 1003 2336 de
1030 2299 1157 2346 Mora,
1187 2300 1361 2339 Roberto
1391 2301 1438 2339 de
1466 2301 1682 2347 Marmiun,
1706 2301 1910 2340 Willelmo
1939 2301 1985 2340 de
2017 2301 2246 2352 Oantilupo,

544 2361 746 2399 Willelmo
791 2361 838 2399 de
881 2361 995 2403 Dive,
1043 2361 1219 2401 Roberto
1266 2363 1314 2401 de
1363 2363 1543 2414 Gurnay,
1590 2363 1766 2402 Roberto
1809 2363 2019 2415 Mauduyt,
2069 2364 2248 2404 Johanni

542 2422 686 2472 Hersy.

651 2511 729 2546 Pro
769 2509 942 2547 Huberto
991 2512 1031 2546 <le
1082 2512 1564 2559 B11›·9‹1.—Mandatum
1612 2514 1672 2551 est
1719 2512 1948 2552 vicecomiti
1994 2514 2170 2553 Sumers’
2209 2517 2249 2553 et

541 2572 653 2609 Dors'
692 2571 797 2621 quod
842 2571 993 2610 milites
1043 2576 1082 2610 et
1132 2573 1231 2612 alios
1283 2576 1468 2613 tenentes
1518 2574 1565 2612 de
1617 2575 1769 2613 honore
1825 2574 1963 2613 Camel
2007 2575 2050 2614 in
2099 2576 2248 2615 balliva

541 2645 613 2671 sua
650 2633 772 2671 faciat
811 2646 895 2672 esse
934 2633 1190 2673 intendentes
1226 2638 1266 2674 et
1300 2636 1589 2685 respondentes
1624 2636 1809 2675 Huberto
1843 2638 1891 2675 de
1923 2638 2073 2687 Burgo,
2109 2639 2247 2678 comiti

541 2695 705 2740 Kancie,
746 2695 850 2733 sicut
893 2695 928 2733 ei
967 2695 1060 2734 inde
1101 2696 1359 2735 intendentes
1405 2698 1570 2736 fuerunt
1614 2702 1653 2737 et
1695 2699 1984 2748 respondentes
2030 2704 2247 2751 antequam

540 2757 742 2806 predictus
789 2757 918 2795 honor
964 2757 1189 2797 devenisset
1227 2759 1269 2796 in
1315 2771 1485 2797 manum
1529 2759 1632 2810 regis
1675 2773 1745 2810 per
1782 2760 2036 2800 excambium
2076 2763 2246 2801 manerii

540 2818 644 2869 regis
682 2819 729 2856 de
768 2819 1005 2869 Eylesham.
1064 2821 1180 2858 Teste
1216 2824 1261 2859 ut
1299 2834 1432 2871 supra.

649 2888 805 2927 Eodem
843 2888 964 2927 modo
1001 2889 1220 2928 mandatur
1257 2891 1483 2930 vicecomiti
1523 2891 1632 2930 Wilt⁷
1671 2905 1742 2942 pro
1789 2893 1929 2931 eodem
1966 2893 2126 2932 comite.

653 2976 706 3011 De
738 2976 891 3012 licentia
921 2977 1332 3015 concordanda—Rex
1364 2978 1413 3015 ad
1444 2977 1689 3017 instanciam
1720 2980 1767 3016 R.
1803 2978 1964 3017 comitis
1995 2979 2173 3019 Pictavie
2205 2984 2245 3020 et

543 3036 755 3082 Cornubie‚
795 3036 905 3074 dedit
945 3036 1169 3076 Alexandro
1208 3038 1255 3076 de
1277 3038 1356 3078 ‘Ho
1394 3040 1602 3078 licentiam
1641 3041 1909 3079 concordandi
1947 3053 2040 3079 cum
2080 3041 2244 3081 Matheo

541 3099 588 3136 de
622 3098 840 3136 Denemed’
871 3099 918 3136 de
950 3099 1107 3148 appello
1137 3100 1243 3150 quod
1275 3101 1478 3150 predictus
1508 3102 1697 3141 Matheus
1726 3102 1824 3141 facit
1852 3115 1992 3141 versus
2020 3104 2243 3152 predictum

542 3160 816 3198 Alexandrum
865 3160 912 3197 de
968 3173 1064 3209 pace
1120 3161 1224 3210 regis
1280 3163 1421 3201 fracta.
1497 3163 1553 3202 Et
1608 3164 1848 3202 mandatum
1897 3167 1958 3202 est
2009 3164 2244 3215 justiciariis

542 3222 724 3272 proximo
771 3221 1021 3259 itineraturis
1067 3222 1109 3260 in
1148 3223 1346 3262 comitatu
1387 3224 1603 3274 Suhampt’
1643 3226 1749 3275 quod
1787 3225 1827 3263 id
1865 3225 1952 3264 fieri
1988 3226 2242 3276 permittant.

543 3284 659 3323 Teste
696 3296 786 3332 rege
824 3283 930 3332 apud
969 3283 1198 3331 Merewell’‚
1231 3286 1339 3324 xxix.
1370 3286 1433 3324 die
1463 3286 1711 3332 Decembris,
1743 3299 1850 3325 anno
1881 3287 2006 3336 regni,
2037 3290 2113 3326 etc.
2144 3301 2209 3326 xx.

1275 3384 1289 3397 ⁸
1304 3359 1360 3413 si}
1384 3381 1421 3412 in
1446 3359 1518 3414 iis.
