2375 3587
145 307 289 355 1237.

144 374 205 413 [m.
228 373 295 413 Hs]

1022 189 1073 227 21
1119 187 1326 228 HENRY
1368 187 1450 227 ΙΙΙ.
2011 188 2093 227 433

385 384 556 422 tenenda
608 385 648 421 in
699 384 881 421 manerio
932 383 980 421 de
1033 383 1230 421 Porstokss
1290 383 1345 420 Et
1403 384 1643 420 mandatum
1696 389 1756 421 est
1814 384 1991 421 Waltero
2047 384 2093 420 (10

383 446 518 494 Burgo
555 446 661 494 quod
700 445 791 483 illos
830 458 893 483 xx.
933 445 1081 482 solidos
1121 444 1251 482 eidem
1291 444 1479 482 ι’1011011110
1519 444 1663 482 habere
1716 446 1850 490 faciat,
1890 445 1938 482 de
1987 445 2093 482 dono

383 508 497 555 regis.
557 508 672 546 Teste
711 520 801 557 rege
839 507 945 556 apud
985 507 1143 557 Kenyt',
1185 507 1283 556 xxij.
1324 507 1387 544 (110
1427 507 1590 556 Aprilis.

494 612 546 647 De
585 613 688 660 laeoyz's
738 613 777 649 in
825 613 1005 648 comitatu
1054 613 1241 648 t'ornubz'e
1286 613 1614 655 fruendis—Rex
1662 611 1870 649 mandavit
1921 611 2089 660 [comiti]

384 671 584 710 Cornubie
623 676 661 710 et
701 672 878 711 Pictavie
916 673 1021 722 quod
1061 672 1143 711 fodi
1183 672 1305 711 faciat
1343 673 1468 721 hogas
1507 673 1548 710 in
1584 672 1779 711 comitatu
1810 672 2010 710 Cornubie
2042 673 2090 710 ad

385 734 620 772 thesaurum
660 735 701 772 in
740 735 797 772 eis
836 735 1101 784 querendum,
1135 734 1240 773 sicut
1279 735 1489 773 mandavit
1528 735 1613 773 fieri
1648 735 1695 772 de
1734 734 1849 782 hogis
1887 734 1927 772 in
1960 734 2094 772 insula

384 796 430 834 de
462 796 624 834 Wicht'.
682 797 798 834 Teste
838 799 882 834 ut
921 810 1054 846 supra.

499 901 571 936 l'rn
616 900 795 937 Willelmo
834 901 875 935 de
912 900 1245 937 cardina—Rex
1284 899 1522 948 perdonavit
1574 899 1772 937 Willelmo
1820 899 1867 937 de
1916 900 2095 938 Gai-dinc

385 961 528 1009 viginti
568 965 606 998 et
645 975 682 999 v.
723 961 872 999 solidos
910 974 1008 1011 quos
1050 961 1235 999 Urcellus
1275 961 1429 999 Judeus
1469 961 1677 999 Wintonie
1716 962 1840 1011 exigit
1873 964 1923 1002 ab
1949 977 1994 1001 eo
2026 976 2095 1011 pro

384 1022 518 1060 debito
557 1023 729 1061 Gilberti
768 1023 803 1060 le
844 1023 956 1069 Bret,
993 1024 1108 1073 cujus
1148 1023 1262 1061 heres
1301 1027 1361 1061 est
1402 1023 1444 1060 in
1491 1023 1673 1061 custodia
1713 1024 1838 1072 ipsius
1889 1025 2095 1064 Willelmi.

386 1087 439 1122 Et
499 1086 739 1123 mandatum
800 1088 860 1123 est
919 1084 1156 1135 justiciariis
1213 1085 1262 1123 ad
1318 1085 1543 1124 custodiam
1600 1086 1822 1124 Judeorum
1880 1088 2097 1137 assignatis

386 1148 490 1197 quod
530 1148 661 1197 ipsum
703 1148 949 1186 Willelmum
990 1148 1037 1186 de
1076 1148 1265 1197 predictis
1304 1162 1394 1187 xxv.
1428 1148 1566 1186 solidis
1600 1148 1781 1198 quietum
1817 1163 1901 1189 esse
1930 1150 2095 1189 faciant.

389 1209 505 1248 Teste
543 1223 632 1259 rege
672 1213 716 1247 ut
755 1223 889 1259 supra.

498 1320 577 1356 J'ro
626 1320 829 1356 matribus
876 1320 1091 1356 Minoribus
1145 1321 1187 1356 de
1242 1319 1611 1357 esttamen—Rex
1653 1320 1851 1358 concessit
1888 1320 2099 1359 Fratribus

388 1380 615 1418 Minoribus
662 1381 709 1418 de
758 1380 989 1419 Collecestr'
1030 1381 1071 1418 in
1124 1384 1391 1429 augmentum
1449 1381 1576 1430 placie
1633 1394 1702 1419 5110
1760 1380 1829 1419 ubi
1886 1385 2099 1420 manentes

389 1446 484 1480 sunt
522 1443 727 1492 quandam
765 1443 938 1491 placiam
978 1443 1082 1492 regis
1120 1443 1353 1492 contiguam
1394 1443 1521 1492 placie
1560 1443 1738 1492 predicte
1769 1456 1845 1492 que
1884 1444 2100 1483 estimatur

389 1505 437 1542 ad
494 1505 713 1542 valentiam
770 1505 943 1543 duorum
1008 1505 1230 1544 solidorum
1288 1518 1358 1555 per
1419 1518 1573 1543 annum
1632 1505 1673 1543 in
1731 1505 1935 1556 herbagio,
1997 1507 2101 1545 sicut

389 1567 540 1616 accepit
589 1581 656 1605 rex
711 1580 780 1616 per
829 1568 1137 1617 inquisitionem
1186 1581 1255 1617 per
1301 1567 1580 1606 vicecomitem
1631 1568 1772 1605 Essex'
1824 1568 1974 1607 factam
2032 1582 2100 1618 per

389 1632 621 1678 preceptum
656 1629 772 1679 regis.
859 1630 916 1668 Et
955 1631 1195 1669 mandatum
1229 1632 1289 1668 est
1320 1630 1450 1668 eidem
1484 1630 1710 1669 vicecomiti
1742 1631 1846 1681 quod
1885 1631 1932 1669 de
1961 1632 2099 1670 eadem

390 1691 520 1740 placia
559 1692 709 1730 eisdem
739 1692 950 1730 Fratribus
980 1693 1143 1741 plenam
1174 1693 1365 1731 seisinam
1398 1692 1543 1730 habere
1578 1693 1713 1731 faciat.
1773 1693 1889 1732 Teste
1929 1706 2018 1743 rege
2056 1697 2100 1732 ut

390 1766 523 1802 supra.

489 1843 568 1878 Pro
611 1842 777 1879 Henrico
816 1843 857 1878 dc
899 1842 1209 1880 (mma—Rex
1248 1841 1445 1880 concessit
1486 1840 1664 1880 Henrico
1701 1841 1748 1879 de
1788 1841 1953 1880 Ortiaco
1990 1843 2095 1892 quod

391 1903 555 1942 boscum
602 1917 720 1941 suum
770 1903 817 1942 de
866 1906 971 1954 Cury
1011 1903 1134 1942 libere
1182 1907 1219 1942 et
1268 1905 1353 1942 sine
1401 1903 1696 1953 impedimento
1742 1904 1926 1943 claudere
1973 1905 2101 1954 possit

391 1966 542 2004 fossato
580 1972 619 2003 et
657 1966 750 2003 haia
789 1968 828 2004 et
868 1979 1033 2015 parcum
1074 1967 1168 2004 inde
1207 1966 1337 2004 facere
1376 1966 1561 2016 quietum
1601 1966 1648 2003 de
1686 1969 1799 2004 vasto
1847 1969 1885 2004 et
1934 1967 2101 2016 regardo

390 2032 429 2066 et
459 2029 505 2066 de
535 2027 723 2066 omnibus
755 2041 831 2078 que
863 2029 911 2066 ad
944 2028 1136 2067 forestam
1167 2029 1271 2078 regis
1301 2029 1519 2078 pertinent,
1547 2028 1650 2067 sicut
1679 2028 1837 2078 plenius
1870 2029 2103 2067 continetur

392 2091 432 2128 in
472 2093 581 2128 carta
613 2091 716 2140 regis
747 2104 869 2140 quam
900 2091 935 2129 ei
970 2091 1063 2129 inde
1093 2092 1179 2130 fieri
1210 2091 1305 2130 fecit
1337 2104 1417 2129 rex.
1478 2091 1533 2129 Et
1565 2091 1804 2129 mandatum
1836 2094 1896 2130 est
1932 2092 2102 2130 Ricardo

390 2154 437 2191 de
468 2153 679 2191 Wrotham
718 2154 823 2203 quod
862 2154 995 2203 ipsum
1030 2154 1254 2192 Henricum
1290 2156 1455 2192 boscum
1489 2154 1606 2191 illum
1640 2153 1824 2192 claudere
1858 2157 1896 2192 et
1932 2167 2097 2203 parcum

392 2215 483 2253 inde
522 2216 650 2254 facere
689 2215 912 2265 permittat,
955 2216 1058 2254 sicut
1098 2217 1323 2265 predictum
1362 2219 1435 2254 est.
1495 2216 1612 2254 Teste
1650 2229 1740 2265 rege
1780 2219 1824 2254 ut
1864 2229 1997 2266 supra.

502 2294 655 2333 Eodem
706 2295 826 2333 modo
873 2295 1062 2334 scribitur
1100 2296 1272 2335 Ricardo
1320 2296 1366 2333 de
1419 2295 1687 2333 Munficheth.
1753 2295 1870 2333 Teste
1917 2309 2006 2345 rege
2056 2299 2100 2334 ut

393 2369 524 2406 supra.

504 2447 580 2482 Pro
634 2447 792 2482 Nieolcto
841 2448 884 2482 de
934 2446 1483 2484 J[obaudistis—Mandatum
1532 2448 1592 2483 est
1641 2445 1819 2483 Waltero
1868 2446 1916 2483 de
1964 2446 2100 2495 Burgo

393 2508 512 2556 quod,
554 2510 685 2556 preter
723 2508 813 2545 illas
851 2509 1143 2558 quaterviginti
1189 2512 1228 2546 et
1276 2512 1356 2547 tres
1404 2521 1516 2546 acras
1555 2511 1657 2546 terre
1704 2521 1795 2546 cum
1844 2509 2100 2557 pertinentiis

393 2570 434 2607 in
470 2570 644 2608 Netham
681 2583 780 2619 quas
821 2570 1002 2608 Johanni
1038 2571 1225 2620 Kepping
1258 2574 1297 2609 et
1331 2571 1407 2608 Ele
1440 2570 1552 2608 uxori
1585 2570 1684 2620 erS‚
1717 2570 1836 2609 Petro
1866 2571 1914 2609 de
1948 2571 2098 2621 Hyges,

394 2632 566 2670 Radulfo
599 2632 783 2670 Bastard'
816 2636 855 2671 et
894 2633 1069 2671 Beatrici
1104 2634 1218 2672 uxori
1253 2634 1352 2684 ejus,
1385 2632 1565 2671 Johanni
1600 2633 1647 2670 de
1677 2632 1855 2671 Arundel
1885 2635 1925 2672 et
1953 2634 2098 2682 Agneti

394 2694 507 2732 uxori
555 2695 641 2744 ejus
689 2695 799 2732 reddi
848 2696 1023 2745 precepit
1070 2709 1153 2742 rex,
1193 2696 1315 2734 faciat
1362 2695 1508 2733 habere
1547 2695 1711 2733 Nicolao
1758 2695 1806 2733 de
1854 2695 2099 2733 Molendinis

393 2757 441 2794 de
494 2758 608 2794 terris
665 2760 704 2795 et
762 2758 1004 2796 tenementis
1061 2759 1145 2797 suis
1201 2772 1277 2808 que
1332 2759 1379 2796 de
1437 2771 1526 2807 rege
1583 2757 1714 2795 tenuit
1771 2757 1812 2794 in
1869 2758 1999 2807 capite
2056 2758 2097 2795 in

393 2819 532 2857 eodem
582 2819 764 2857 manerio
810 2820 858 2858 de
913 2821 1101 2868 Netham,
1143 2834 1218 2870 que
1269 2824 1365 2859 sunt
1415 2820 1462 2857 (10
1511 2819 1635 2857 libero
1688 2822 1921 2857 tenemento
1971 2819 2097 2869 ipsius

395 2881 549 2919 Nicolai
590 2885 634 2919 ut
672 2882 783 2929 dicit,
825 2882 948 2920 talem
989 2884 1181 2921 seisinam
1220 2884 1380 2933 qualem
1420 2883 1513 2920 inde
1556 2881 1699 2920 habuit
1747 2884 1965 2931 antequam
2006 2882 2097 2919 inde

396 2943 537 2981 fuisset
586 2943 812 2981 disseisitus
860 2945 1068 2983 occasione
1118 2945 1394 2995 inquisitionis
1442 2957 1564 2994 quam
1616 2944 1709 2982 inde
1760 2944 1845 2981 fieri
1896 2944 1989 2982 fecit
2032 2957 2098 2981 rex

395 3006 437 3042 in
475 3018 596 3054 quam
637 3005 741 3042 idem
782 3005 972 3044 Nicolaus
1011 3020 1052 3045 se
1091 3008 1271 3045 nondum
1310 3007 1458 3056 posuit,
1499 3019 1580 3044 non
1619 3005 1805 3044 obstante
1845 3005 1991 3043 seisina
2029 3006 2098 3043 illa

394 3079 515 3116 quam
547 3066 639 3104 inde
673 3066 757 3104 fieri
798 3068 974 3117 precepit
1008 3068 1142 3107 abbati
1181 3069 1227 3107 de
1258 3069 1494 3117 Waverleg'‚
1526 3081 1570 3106 eo
1600 3068 1705 3117 quod
1741 3067 1924 3105 credebat
1954 3080 2020 3104 rex
2050 3067 2097 3104 de

397 3132 501 3166 terra
541 3128 610 3166 illa
649 3141 718 3177 pro
757 3129 964 3168 voluntate
1002 3131 1106 3179 regis
1144 3144 1259 3180 posse
1296 3131 1519 3180 disponere.
1594 3130 1711 3168 Teste
1752 3142 1840 3178 rege
1879 3131 1923 3166 ut
1962 3141 2095 3177 supra.

504 3237 581 3275 Pr«)
639 3239 753 3275 Petro
817 3240 1265 3287 Damna—Mandatum
1331 3243 1390 3278 est
1456 3239 1692 3290 justiciariis
1757 3238 1805 3275 ad
1872 3238 2096 3275 custodiam

397 3300 619 3337 Judeorum
672 3299 891 3349 assignatis
943 3302 1048 3351 quod
1100 3315 1170 3351 per
1220 3306 1518 3341 sacramentum
1566 3300 1781 3351 proborum
1821 3302 1861 3337 et
1906 3299 2096 3348 legalium

398 3361 611 3400 hominum
662 3362 823 3400 extendi
876 3363 998 3402 faciat
1055 3366 1180 3404 terras
1233 3365 1342 3404 Petri
1394 3366 1538 3413 Dagun
1594 3366 1792 3413 quantum
1844 3361 2006 3401 valeant
2054 3362 2096 3399 in

452 3449 558 3481 18690
1935 3450 1955 3481 2
1979 3448 2008 3481 E
