2375 3587
1222 224 1407 267 CLOSE
1448 224 1651 267 ROLLS.

591 425 634 459 tu
672 422 728 459 eis
762 422 959 459 auxilium
998 421 1169 471 parabis.
1228 421 1528 470 Archiepiscopi
1566 433 1671 466 vero,
1711 419 1899 469 episcopi,
1930 418 2106 465 abbates,
2138 418 2289 468 priores

591 484 633 521 in
674 484 789 522 terris
845 485 927 523 suis
974 487 1013 522 et
1068 482 1322 521 libertatibus
1378 483 1419 520 in
1476 482 1672 520 comitatu
1711 484 1781 520 tuo
1820 495 1888 531 per
1926 484 2097 531 quatuor
2143 481 2290 530 legales

591 546 742 584 milites
790 559 882 585 suos
929 546 991 585 vel
1029 545 1174 584 liberos
1212 549 1250 583 et
1289 545 1438 594 legales
1470 544 1656 583 homines
1694 544 1727 582 si
1765 544 1916 582 milites
1946 556 2027 582 non
2060 542 2289 589 habuerint,

590 608 713 646 simili
750 609 869 647 modo
907 609 1011 647 circa
1040 607 1262 657 predictam
1302 607 1547 645 tricesimam
1586 606 1841 644 assidendam
1880 609 1918 644 et
1957 605 2222 655 colligendam
2252 608 2291 642 et

588 670 838 709 liberandam
877 675 1047 720 quatuor
1093 670 1283 719 predictis
1330 668 1529 707 militibus
1586 669 1635 706 ad
1694 669 1768 706 hoc
1817 668 2014 706 atornatis
2063 667 2291 717 procedent.

589 733 645 771 Et
701 734 802 772 scias
858 733 963 783 quod
1020 732 1187 782 predicti
1245 734 1417 781 quatuor
1472 731 1658 769 homines
1711 731 1758 768 de
1816 730 1987 779 singulis
2042 729 2150 768 villis
2209 742 2290 768 non

587 794 781 845 jurabunt
819 795 866 833 de
904 794 1076 844 propriis
1115 793 1273 832 catallis
1312 793 1396 831 suis
1435 805 1507 831 nec
1554 793 1704 830 eisdem
1745 792 1924 842 precium
1972 795 2191 841 apponent,
2233 794 2293 829 set

588 857 657 895 alii
707 860 880 907 quatuor
928 856 1114 894 homines
1164 856 1212 893 de
1265 854 1437 904 singulis
1489 854 1598 892 villis
1646 854 1696 892 ad
1745 854 1819 892 hoc
1872 853 1987 892 electi
2032 866 2103 902 per
2140 852 2290 890 milites

586 919 784 969 predictos
821 918 1014 968 jurabunt
1053 918 1100 956 de
1138 917 1295 956 catallis
1334 917 1606 966 predictorum
1646 916 1825 965 priorum
1864 918 2037 965 quatuor
2076 914 2289 952 hominum

588 982 808 1020 secundum
848 981 1021 1019 formam
1060 980 1295 1029 predictam.
1355 979 1501 1017 Nullus
1539 981 1676 1017 autem
1712 992 1861 1028 pauper
1895 978 2016 1016 homo
2050 978 2112 1015 vel
2146 977 2292 1014 mulier

588 1044 739 1093 aliquid
777 1043 826 1081 ad
864 1043 938 1081 hoc
977 1042 1153 1081 conferet
1194 1042 1270 1079 nisi
1314 1041 1460 1079 habeat
1508 1041 1549 1078 in
1598 1040 1712 1078 bonis
1761 1040 1975 1090 plusquam
2023 1039 2292 1089 quadraginta

589 1106 785 1143 denarios.
871 1104 996 1143 Debet
1045 1104 1167 1142 etiam
1218 1103 1326 1141 reddi
1377 1103 1547 1151 pecunia
1599 1103 1779 1151 predicta
1831 1102 1879 1140 ad
1932 1103 2031 1140 duos
2084 1102 2290 1145 terminos,

588 1167 774 1205 videlicet
826 1167 1021 1205 medietas
1073 1166 1113 1203 in
1167 1165 1343 1203 crastino
1399 1164 1537 1203 Sancti
1589 1165 1747 1202 Andree
1800 1177 1907 1202 anno
1957 1168 2032 1204 etc,
2099 1163 2193 1214 xxij.
2254 1168 2289 1201 vt

588 1230 712 1267 altera
751 1228 945 1266 medietas
984 1228 1025 1265 in
1065 1228 1241 1266 crastino
1282 1226 1429 1265 Sancte
1465 1226 1679 1264 Trinitatis
1714 1239 1821 1263 anno
1855 1226 2006 1264 eodem.
2067 1226 2127 1263 Tu
2157 1229 2291 1263 autem

589 1288 646 1329 ita
684 1291 822 1329 efficax
862 1290 1058 1328 auxilium
1098 1294 1137 1327 et
1178 1288 1275 1326 utile
1313 1288 1529 1326 consilium
1578 1288 1767 1337 predictis
1804 1287 2002 1325 militibus
2041 1287 2204 1337 prebeas
2252 1287 2291 1324 in

590 1353 778 1403 predictis
852 1352 1092 1402 exequendis
1163 1351 1268 1400 quod
1339 1351 1551 1400 negocium
1620 1350 1843 1399 predictum
1919 1350 1967 1387 ad
2034 1349 2292 1388 commodum

589 1419 773 1454 nostrum
812 1418 852 1453 et
891 1414 1110 1452 utilitatem
1159 1412 1373 1451 salubriter
1420 1412 1621 1461 procedat.
1707 1411 1789 1450 Nos
1837 1414 1972 1450 autem
2021 1411 2332 1450 concessimus*

590 1477 778 1528 predictis
835 1476 1160 1525 archiepiscopis,
1220 1474 1431 1524 episcopis,
1490 1473 1718 1519 abbatibus,
1782 1474 1996 1524 prioribus,
2063 1473 2295 1519 comitibus,

590 1538 820 1584 baronibus,
892 1542 931 1576 et
1002 1538 1092 1576 aliis
1163 1535 1424 1586 magnatibus
1491 1536 1603 1585 regni
1674 1536 1803 1574 nostri
1870 1537 1975 1586 quod
2044 1539 2126 1574 tam
2185 1539 2295 1574 carta

589 1605 728 1640 nostra
796 1601 843 1638 de
913 1601 1062 1638 foresta
1128 1612 1248 1649 quam
1320 1598 1399 1636 alia
1469 1598 1516 1636 de
1586 1597 1856 1643 libertatibus,
1914 1612 2013 1648 quas
2070 1598 2181 1648 prius
2238 1597 2294 1635 eis

590 1664 675 1703 fieri
741 1663 923 1708 fecimus,
987 1662 1166 1700 decetero
1223 1661 1264 1698 in
1322 1659 1512 1698 omnibus
1579 1663 1805 1698 teneantur.
1908 1660 2109 1698 Nolumus
2170 1659 2294 1698 etiam

589 1726 694 1776 quod
732 1725 939 1764 occasione
983 1724 1105 1773 hujus
1148 1723 1287 1761 auxilii
1338 1725 1523 1760 sumatur
1570 1722 1757 1771 deinceps
1800 1722 1954 1761 occasio
1992 1723 2054 1760 vel
2112 1722 2297 1760 trahatur

589 1789 638 1826 ad
706 1786 1039 1826 consuetudinem
1105 1785 1266 1834 petendi
1335 1784 1435 1822 alias
1503 1783 1712 1822 consimile
1769 1784 1981 1824 auxilium.
2094 1783 2297 1833 Incipient

590 1853 723 1888 autem
781 1849 856 1887 iter
912 1848 1138 1898 predictum
1198 1848 1238 1885 in
1312 1846 1488 1885 crastino
1570 1845 1844 1884 Exaltationis
1925 1847 2073 1885 Sancte
2143 1845 2294 1890 Crucis,

590 1911 735 1962 quibus
773 1911 836 1949 die
874 1914 913 1949 et
956 1910 1042 1948 loco
1082 1910 1138 1947 eis
1178 1922 1363 1948 occurras
1402 1909 1451 1946 ad
1490 1911 1789 1946 sacramentum
1837 1907 1887 1946 ab
1925 1908 1981 1946 eis
2020 1907 2295 1957 recipiendum

590 1979 629 2013 et
676 1974 875 2012 auxilium
924 1973 980 2010 eis
1028 1971 1359 2021 impendendum,
1410 1970 1513 2009 sicut
1562 1969 1636 2008 tibi
1674 1970 1850 2008 dixerint
1894 1983 1941 2008 ex
1989 1972 2103 2020 parte
2142 1972 2293 2007 nostra.

592 2037 708 2075 Teste
746 2040 790 2074 ut
829 2048 962 2084 supra.

698 2157 851 2195 Eodem
884 2155 1004 2194 modo
1037 2154 1276 2192 mandatum
1308 2157 1367 2192 est
1401 2153 1572 2203 singulis
1602 2152 1906 2191 vicecomitibus
1941 2152 2098 2202 Anglie,
2132 2157 2296 2202 excepto

590 2219 695 2268 quod
733 2230 900 2268 persone
937 2217 1118 2255 militum
1158 2219 1196 2254 et
1234 2215 1469 2254 clericorum
1508 2215 1721 2253 variantur
1765 2218 1802 2252 et
1843 2214 1931 2253 loca
1970 2213 2037 2251 ubi
2074 2214 2297 2264 deponetur

592 2281 761 2331 pecunia
812 2283 851 2318 et
902 2279 1066 2318 termini
1121 2278 1281 2327 quando
1331 2281 1405 2317 etc.
1458 2277 1558 2315 illud
1609 2277 1823 2326 recipietur
1861 2277 2082 2315 secundum
2121 2277 2297 2315 diversos

589 2343 820 2382 comitatus.

1072 2462 1272 2501 Henricus
1315 2461 1534 2511 Bukoynt’.

1073 2524 1289 2562 Nicholaus
1332 2524 1379 2561 de
1423 2523 1572 2562 Sancto

1110 2586 1326 2624 Germano.

1074 2648 1254 2698 Rogerus
1275 2648 1378 2686 dela
1398 2648 1530 2686 Dune.

1076 2712 1273 2752 Ricardus
1312 2712 1497 2751 Joeelin’.
1585 2701 1588 2703 Α

592 2552 902 2590 Vicecomitibus
920 2569 984 2593 2—
1033 2483 1041 2590 i

648 2614 897 2654 Middlesex‘.

1654 2555 1856 2593 Martinus
1894 2554 2074 2601 clericus,
2110 2555 2177 2603 qui
2216 2557 2296 2592 stat

1706 2630 1798 2655 cum
1830 2618 1981 2667 majore
2018 2618 2161 2655 Lond’.

594 2849 711 2898 Apud
740 2848 1145 2887 Westmonasterium
1174 2849 1236 2887 vel
1271 2848 1376 2898 apud
1411 2848 1568 2886 Turrim
1643 2847 1846 2897 Incipient
1901 2847 1976 2886 iter
2032 2846 2073 2884 in
2122 2847 2297 2885 crastino

649 2911 778 2948 Lond'
818 2910 1038 2960 deponetur
1075 2911 1257 2960 pecunia.
1600 2851 1617 2957 i
1680 2909 1955 2948 Exaltationis
1977 2911 2121 2948 Sancte
2144 2908 2295 2947 Crucis.

1052 3068 1057 3094 s
1080 3034 1260 3073 Andreas
1295 3034 1504 3074 Peverell’.

1049 3095 1053 3143 1
1080 3096 1304 3135 Aunfridus
1325 3097 1372 3135 de
1403 3097 1579 3147 Fering'.

599 3192 625 3232 S
1040 3147 1050 3216 ,l
1082 3158 1221 3198 Simon
1263 3159 1311 3197 de
1349 3159 1565 3209 Perepunt.
1640 3157 2043 3208 deponeturpecunia
2096 3128 2300 3198 hleipienf'

630 3206 759 3232 ussex’
1039 3217 1049 3279 *ι
1079 3219 1287 3259 Hubertus
1326 3221 1374 3259 de
1417 3221 1581 3272 Wykes.
1698 3220 1804 3270 apud
1834 3220 2023 3271 Cycestr’.
2052 3140 2071 3288 l
2132 3193 2281 3302 15ῗὲΥὲῙῄ

1045 3297 1048 3331 ,³
1079 3282 1258 3329 clericus,
1294 3282 1508 3333 Philippus
1541 3284 1589 3322 de

1045 3334 1074 3388 Κ
1135 3343 1277 3384 Croft’.
