2375 3587
205 169 288 209 140
1142 175 1325 218 CLOSE
1369 175 1573 219 ROLLS.

272 370 331 408 [m.
359 370 404 408 3-]
608 372 663 407 De
707 373 819 418 fustis
865 379 898 409 et
942 375 1142 421 quercubus
1188 372 1599 410 datis.-Mandatum
1647 375 1707 411 est
1753 371 1932 411 {Iohanni
1970 371 2018 410 de
2054 369 2196 409 Nevill'

499 431 604 481 (111οᾶ
650 432 770 471 faciat
817 433 962 472 habere
1009 434 1131 483 priori
1178 434 1225 471 de
1272 434 1447 472 Lenton’
1497 434 1633 472 decem
1681 434 1790 472 fusta
1840 434 1882 472 in
1941 433 2092 471 foresta
2151 432 2199 469 de

502 493 660 531 Salceta
706 495 755 532 ad
802 496 989 544 grangias
1037 508 1129 533 suas
1177 496 1224 533 de
1273 495 1506 533 Curtenhal’
1556 496 1812 544 reparandas,
1852 495 1899 533 de
1937 495 2042 533 dono
2079 493 2196 542 regis.

500 555 615 593 Teste
654 559 698 594 ut
737 570 868 606 supra.

606 634 845 673 Mandatum
884 638 942 672 est
982 635 1158 673 Henrico
1196 635 1243 672 de
1274 634 1538 683 Lamelegh‚'³¹'‘
1577 635 1682 684 quod
1720 634 1865 673 habere
1903 634 2024 674 faciat
2062 632 2197 672 abbati

496 697 543 734 de
581 698 639 734 La
676 697 776 734 Dale
813 699 984 746 quatuor
1022 709 1190 746 quercus
1229 696 1270 734 in
1309 697 1413 746 haya
1450 697 1497 734 de
1532 696 1720 746 Willegh,
1760 699 1799 734 et
1837 699 1916 735 tres
1954 708 2122 745 quercus
2155 694 2197 732 in

495 758 599 808 haya
637 758 683 795 de
721 758 901 808 Lindeby
939 758 987 796 ad
1025 758 1228 796 scindulas
1266 758 1482 804 faciendas,
1523 758 1570 796 de
1607 758 1712 796 dono
1751 758 1868 808 regis.
1945 758 2062 796 Teste
2108 768 2198 806 rege

496 820 601 869 apud
641 820 764 866 Derl‘,
804 821 856 870 vj.
897 820 959 858 die
1000 819 1261 869 Septembris.

604 934 659 969 De
697 934 845 969 decimis
886 934 975 980 ‘sini
1026 940 1058 969 et,
1106 933 1403 970 molendinormn
1457 934 1499 969 de
1538 932 1645 970 terris
1692 934 1843 970 lionoris
1882 931 2198 969 Richemuml'.—

495 994 579 1032 Rex
616 994 770 1032 custodi
809 994 972 1032 honoris
1011 994 1279 1032 Richemund’
1320 995 1508 1033 salutem.
1569 994 1679 1033 Scias
1723 994 1828 1044 (111οᾶ
1866 1006 2099 1032 concessum
2137 995 2197 1031 est

494 1057 541 1093 de
592 1056 757 1094 consilio
810 1059 946 1094 nostro
1003 1057 1107 1105 quod
1164 1056 1316 1094 decime
1366 1056 1448 1094 feni
1501 1059 1538 1094 et
1585 1056 1909 1094 molendinorum
1959 1056 2104 1093 dentur
2150 1054 2198 1092 de

494 1118 706 1156 dominicis
745 1119 891 1156 nostris
930 1119 970 1155 in
1021 1131 1143 1167 regno
1195 1121 1332 1156 nostro
1371 1118 1528 1167 Anglie.
1588 1118 1643 1156 Et
1695 1117 1782 1156 ideo
1834 1117 1907 1156 tibi
1954 1116 2197 1167 precipimus

493 1180 598 1229 quod
676 1179 850 1218 decimas
931 1179 1013 1217 feni
1089 1184 1128 1217 et
1220 1180 1546 1218 molendinorum
1619 1179 1666 1217 de
1745 1178 1957 1218 dominicis
2033 1176 2197 1216 honoris

494 1242 760 1280 Richemund’
810 1242 895 1279 dari
941 1242 1064 1280 facias
1128 1242 1309 1291 personis
1361 1241 1506 1292 quibus
1563 1240 1772 1288 debentur,
1824 1241 2018 1292 quamdiu
2067 1240 2197 1279 honor

493 1303 559 1341 ille
582 1304 718 1342 >fuerit
756 1304 797 1341 in
839 1317 964 1341 manu
999 1307 1149 1342 nostra.
1210 1305 1326 1342 Teste
1364 1308 1409 1343 ut
1447 1317 1580 1354 supra.

600 1383 836 1420 Mandatum
889 1386 948 1420 est
999 1383 1174 1420 Ranulfo
1226 1383 1310 1421 filio
1361 1382 1525 1421 Roberti
1565 1386 1603 1421 et
1656 1382 1833 1422 Ranulfo
1897 1382 1981 1421 filio
2029 1380 2197 1421 Henrici

492 1444 596 1493 quod
631 1444 773 1482 habere
823 1444 974 1482 faciant
1023 1444 1251 1483 Alexandro
1298 1445 1452 1491 Bacun‚
1503 1445 1660 1484 custodi
1709 1444 1874 1484 honoris
1912 1443 2194 1489 Richemund',

493 1510 572 1544 tres
610 1519 744 1544 cervos
787 1506 828 1543 in
863 1507 1011 1544 foresta
1050 1506 1332 1553 Richemund',
1373 1507 1421 1545 de
1458 1507 1564 1545 dono
1602 1507 1716 1557 regis.
1775 1507 1891 1545 Teste
1929 1508 1974 1544 ut
2012 1518 2146 1555 supra.

600 1619 680 1655 Pro
724 1620 780 1655 W.
821 1620 863 1655 de
916 1619 1151 1664 Isz'rlseham’,
1203 1621 1340 1656 decano
1395 1620 1529 1657 Sancti
1580 1621 1750 1657 Martini
1788 1619 1975 1664 Lonclon‘‚
2016 1619 2195 1655 canonico

493 1681 768 1718 Iu‘ncolniensis
806 1681 961 1726 ecclesie,
996 1682 1038 1717 de
1064 1681 1330 1729 firm—Rex
1369 1681 1564 1720 concessit
1603 1684 1642 1720 et
1681 1684 1791 1720 66116
1835 1693 1907 1719 sue.
1945 1678 2196 1718 confirmavit

492 1744 551 1780 W.
592 1742 639 1780 de
679 1742 910 1788 Kirkeham,
941 1742 1089 1781 decano
1122 1743 1260 1781 Sancti
1291 1743 1456 1781 Martini
1490 1743 1634 1789 Lond',
1674 1743 1868 1782 canonico
1900 1740 2197 1780 Lincolniensis

491 1804 666 1850 ecclesie,
705 1805 808 1853 quod
846 1804 930 1853 ipse
969 1807 1007 1842 et
1055 1817 1301 1843 successores
1340 1805 1400 1843 sui
1445 1805 1627 1843 canonici
1676 1803 1977 1843 Lincolniensis
2016 1802 2193 1849 ecclesie,

491 1865 733 1915 prebendam
773 1866 820 1903 de
858 1865 1097 1916 Bynnebroc
1136 1866 1389 1915 inposterum
1439 1865 1633 1912 habituri,
1686 1866 1863 1904 habeant
1911 1865 2195 1915 inperpetuum

491 1940 619 1965 unum
667 1930 888 1965 mercatum
935 1927 1107 1976 singulis
1147 1928 1385 1977 septimanis
1423 1941 1492 1977 per
1531 1928 1617 1970 (1161·
1665 1928 1777 1966 Jovis
1825 1928 1931 1977 apud
1974 1926 2195 1977 predictam

491 1988 733 2038 prebendam
799 2002 913 2027 suam
979 1989 1025 2027 de
1096 1989 1346 2039 Bynnebroc,
1417 1993 1455 2028 et
1516 1990 1621 2039 quod
1679 1990 1856 2028 habeant
1913 1988 2195 2039 inperpetuum

492 2064 619 2088 unum
659 2054 879 2089 mercatum
920 2051 1090 2100 singulis
1126 2052 1364 2100 septimanis
1402 2065 1472 2101 per
1510 2052 1616 2090 diem
1661 2051 1772 2090 Jovis
1820 2051 1927 2101 apud
1974 2049 2195 2100 predictam

491 2112 733 2163 prebendam
773 2126 887 2151 5116111
927 2113 973 2151 (16
1013 2113 1263 2163 Bynnebroc,
1307 2118 1346 2152 et
1383 2114 1488 2164 quod
1533 2113 1711 2153 habeant
1749 2114 2032 2163 inperpetuum
2071 2124 2195 2150 unam

490 2175 632 2213 feriam
681 2175 829 2213 ibidem
877 2175 1048 2225 singulis
1095 2176 1213 2214 annis
1261 2176 1495 2214 duraturam
1543 2189 1614 2225 per
1661 2179 1740 2215 tres
1780 2176 1875 2222 dies,
1914 2174 2112 2220 videlicet,
2153 2173 2195 2211 in

490 2237 627 2286 vigilia
657 2240 695 2275 et
729 2237 770 2274 in
805 2237 866 2274 die
901 2240 938 2275 et
973 2237 1015 2275 in
1047 2238 1222 2276 crastino
1257 2237 1545 2276 Decollationis
1580 2238 1719 2277 Sancti
1752 2237 1954 2276 Johannis
1985 2235 2193 2285 Baptiste3

490 2298 547 2336 ita
585 2302 720 2337 tamen
759 2299 863 2348 quod
902 2299 1128 2348 predictum
1175 2303 1399 2338 mercatum
1440 2303 1479 2338 et
1518 2299 1696 2350 predicta
1743 2299 1842 2337 feria
1889 2311 1970 2337 non
2018 2297 2100 2336 sint
2145 2297 2195 2335 ad

490 2364 779 2399 nocumentum
836 2361 1063 2399 vicinorum
1121 2364 1391 2400 mercatorum
1449 2364 1487 2400 et
1544 2361 1771 2400 vicinarum
1829 2360 2035 2399 feriarum.
2138 2358 2194 2397 Et

490 2422 729 2460 mandatum
776 2425 835 2460 est
881 2422 1106 2461 vicecomiti
1154 2423 1309 2461 Oxonie
1357 2424 1462 2473 quod
1510 2426 1664 2462 cartam
1714 2422 1938 2472 predictam
1986 2422 2027 2459 in
2075 2420 2194 2470 pleno

489 2483 684 2522 comitatu
723 2497 794 2522 suo
832 2484 909 2533 legi
956 2487 994 2522 et
1042 2485 1267 2534 predictum
1315 2488 1540 2524 mercatum
1589 2487 1628 2523 et
1670 2485 1813 2523 feriam
1861 2483 2026 2522 clamari
2073 2482 2194 2521 faciat

490 2549 529 2584 et
567 2546 706 2592 teneri,
748 2546 850 2584 sicut
889 2546 1115 2595 predictum
1154 2550 1226 2585 est.
1299 2547 1415 2586 Teste
1444 2560 1534 2596 rege
1564 2547 1669 2597 apud
1700 2547 1811 2585 Beau
1843 2546 2001 2596 Repeir,
2031 2545 2100 2595 vij.
2131 2544 2194 2582 die

495 2607 754 2658 Septembris.

600 2713 655 2749 De
682 2714 801 2759 fustis
838 2711 1250 2750 dacis.—Mandatum
1289 2715 1349 2750 est
1387 2713 1544 2751 custodi
1583 2713 1729 2751 foreste
1778 2711 1883 2761 regis
1930 2711 1978 2749 de
2027 2710 2192 2750 Gautris

490 2774 595 2824 quod
633 2773 673 2810 in
713 2773 889 2822 predicta
925 2773 1074 2811 foresta
1112 2773 1257 2812 habere
1287 2774 1409 2813 faciat
1446 2774 1636 2813 fratribus
1670 2772 1983 2823 predicatoribus
2017 2772 2191 2811 Eboraci

490 2835 636 2884 viginti
681 2834 790 2873 fusta
835 2834 885 2872 ad
928 2834 1067 2872 domos
1114 2847 1205 2873 suas
1253 2835 1359 2884 apud
1407 2834 1637 2874 Eboracum
1685 2834 1941 2884 reparandas,
1992 2834 2039 2872 de
2086 2833 2192 2872 dono

490 2898 607 2947 regis.
682 2896 797 2935 Teste
830 2908 920 2945 rege
958 2896 1063 2945 apud
1103 2896 1285 2943 Cestref',
1325 2896 1378 2935 ix.
1419 2897 1482 2935 die
1523 2896 1786 2947 Septembris.

605 3002 677 3038 Pro
730 2999 894 3037 Walter-0
942 3001 983 3036 de
1030 2999 1495 3038 ‚evermu-Mandatum
1543 3002 1602 3038 est
1647 2998 1874 3039 vicecomiti
1921 2997 2037 3037 Linc'
2088 2999 2193 3049 quod

491 3062 707 3111 distringat
744 3073 884 3099 omnes
920 3060 1010 3099 illos
1048 3060 1096 3098 de
1125 3060 1246 3100 ballia
1285 3075 1369 3108 sua,
1407 3061 1474 3111 (1111
1509 3064 1697 3100 tenentur
1733 3061 1910 3100 Waltero
1943 3060 1990 3098 de
2028 3056 2190 3099 Everm’

489 3126 532 3163 in
566 3122 775 3173 arreragiis
806 3123 853 3161 de
887 3125 1064 3171 tempore
1097 3135 1176 3172 (1110
1207 3123 1285 3161 fuit
1317 3123 1536 3162 vicecomes
1567 3123 1670 3173 regis
1705 3123 1835 3169 Linc',
1867 3122 1918 3160 ad
1947 3122 2192 3160 reddendum

489 3187 523 3225 ei
571 3184 770 3235 arreragia
816 3183 898 3230 illa,
947 3183 1016 3234 qui
1063 3183 1155 3222 inde
1198 3184 1362 3223 domino
1410 3184 1492 3233 regi
1539 3183 1794 3233 respondebit
1840 3183 1889 3222 ad
1938 3182 2192 3223 Scaccarium

486 3248 603 3299 regis.
680 3247 798 3285 Teste
836 3258 926 3295 rege
959 3246 1065 3295 apud
1102 3245 1289 3292 Peccum,
1325 3259 1363 3284 x.
1404 3246 1467 3284 die
1508 3245 1769 3295 Septembris.

677 3347 690 3361 *
706 3342 926 3375 Substituted
948 3342 1001 3374 for
1026 3341 1191 3374 ‘Roberto
1214 3341 1255 3372 de
1279 3340 1482 3381 Everingh’.
1746 3341 1764 3374 †
1781 3341 1835 3374 Sic
1863 3341 1901 3372 in
1930 3341 2004 3374 MS.
