2375 3587
171 302 314 352 1235.

163 370 227 410 [m.
243 369 340 410 20d.]

1050 175 1101 213 19
1146 173 1352 212 HENRY
1394 173 1474 214 HI.
2036 179 2112 220 161

413 366 528 406 nobis
558 367 795 405 nuntiatum
830 367 878 405 de
907 366 1054 407 litteris
1092 367 1335 418 apostolicis,
1377 368 1481 417 quod
1521 369 1770 407 mentionem
1811 383 1892 409 non
1916 370 2115 410 -fecerunt

412 429 490 467 nisi
536 429 667 468 solum
696 429 744 467 de
775 442 864 479 rege
894 432 932 468 et
962 430 1099 479 regina
1142 430 1312 468 Francie
1341 432 1379 467 et
1409 429 1465 468 sic
1506 443 1589 467 non
1631 434 1850 479 potuerunt
1894 432 2113 470 monitores

411 490 495 529 dati
518 504 541 529 a
561 491 725 529 domino
755 503 860 540 papa
890 491 1080 529 comitem
1103 491 1281 530 Marchie
1302 491 1363 529 vel
1384 491 1510 529 alium
1532 504 1669 530 earum
1691 494 1931 532 auctoritate
1951 507 2115 533 monere

411 552 474 590 vel
524 552 715 591 inducere
761 553 811 591 ad
856 554 1193 591 consentiendum
1242 553 1393 601 treugis
1441 553 1652 602 predictis:
1703 555 1806 592 sicut
1836 556 2110 602 consuluistiS,

412 614 637 663 expeditius
664 627 746 653 non
777 617 956 664 superest
989 615 1205 653 consilium
1245 628 1365 665 quam
1402 615 1509 664 quod
1552 628 1622 664 per
1664 616 1920 665 diligentiam
1955 620 1994 656 et
2023 630 2110 667 pro-

409 676 662 715 curationem
699 679 874 715 vestram
929 676 1177 716 inducantur
1227 677 1448 716 monitores
1496 677 1665 726 predicti
1712 678 1761 715 ad
1809 678 2110 717 rescribendum

409 738 575 777 domino
612 751 713 788 pape
750 738 923 788 qualiter
960 751 1092 777 comes
1131 739 1334 788 predictus
1378 751 1446 788 per
1488 739 1684 789 quasdam
1728 740 1979 779 conditiones
2017 741 2112 780 huic

408 800 570 850 negotio
599 812 639 839 se
668 800 848 850 opponit,
870 812 943 838 nec
963 800 1050 839 sine
1077 801 1165 850 ipso
1184 801 1327 839 volunt
1357 800 1525 850 predicti
1545 813 1613 838 rex
1633 803 1672 839 et
1692 801 1830 850 regina
1850 814 1922 841 nec
1943 807 2113 852 possunt

408 865 568 912 treugas
597 862 753 912 aliquas
781 862 883 900 inire
913 862 1137 909 nobiscum,
1167 863 1261 902 licet
1290 863 1478 912 petitioni
1508 863 1726 912 apostolice
1765 863 1938 902 libenter
1965 864 2007 902 in
2037 865 2112 904 hac

407 928 519 974 parte
539 925 841 975 adquiescerent
861 925 894 963 si
915 925 1021 963 idem
1042 937 1189 972 comes,
1211 938 1330 975 quem
1361 938 1434 964 nec
1464 938 1604 975 cogere
1633 938 1705 964 nec
1735 926 1932 964 offendere
1952 927 2109 974 volunt,

406 987 671 1037 permitteret.
730 986 845 1026 Circa
873 987 978 1037 quod
1007 1000 1089 1034 vos,
1112 987 1305 1037 magister
1327 988 1382 1034 S„
1406 987 1510 1026 sicut
1530 988 1577 1025 de
1597 986 1709 1026 vobis
1739 988 1992 1035 confidimus,
2020 1002 2113 1038 erga

406 1049 514 1099 ipsos
542 1049 761 1088 monitores
800 1048 1013 1088 efficaciter
1055 1049 1237 1088 laborare
1278 1049 1423 1096 velitis,
1466 1062 1644 1088 unacum
1692 1049 1790 1099 ipsis
1838 1063 1907 1099 per
1954 1050 2111 1090 litteras

404 1114 558 1150 vestras
578 1111 707 1150 eidem
728 1111 892 1150 domino
921 1124 1022 1161 pape
1051 1124 1282 1161 processum
1311 1111 1490 1162 ejusdem
1520 1111 1672 1161 negotii
1692 1115 1731 1150 et
1751 1113 1932 1162 ejusdem
1953 1113 2112 1151 comitis

404 1173 729 1224 inpedimentum
750 1173 929 1212 seriatim
949 1173 1201 1220 intimantes,
1218 1176 1263 1212 ut
1283 1173 1339 1212 sic
1360 1187 1432 1212 nos
1453 1176 1602 1213 artaret
1622 1174 1672 1212 ad
1692 1175 1912 1223 predictam
1935 1175 2111 1213 insulam

405 1236 453 1274 de
493 1235 664 1275 Olerone
698 1235 732 1273 ei
762 1236 1075 1283 concedendam,
1107 1236 1214 1286 quod
1243 1236 1398 1274 ratione
1436 1236 1616 1286 predicta
1645 1237 1730 1274 sine
1760 1237 1872 1286 gravi
1902 1236 2113 1286 dispendio

405 1299 512 1336 fame
532 1301 668 1337 nostre
689 1300 728 1337 et
748 1297 914 1337 honoris
945 1298 1073 1337 nostri
1093 1298 1336 1337 detrimento
1356 1298 1612 1348 aliquatenus
1635 1298 1763 1336 facere
1785 1311 1866 1337 non
1888 1311 2110 1348 possemus.

406 1363 594 1400 Ceterum
615 1373 685 1399 vos
704 1373 892 1409 rogamus
922 1361 1121 1400 attentius
1150 1360 1355 1410 quatinus,
1378 1361 1509 1410 quoad
1529 1360 1711 1410 poteritis
1741 1361 1904 1410 negotio
1933 1360 2112 1410 predicto

404 1423 652 1469 insistentes,
684 1435 765 1461 non
797 1422 848 1461 sit
876 1422 990 1462 vobis
1019 1423 1236 1462 molestum
1279 1422 1342 1461 vel
1385 1435 1592 1461 morosum
1637 1422 1679 1460 in
1722 1422 1904 1472 partibus
1943 1423 2112 1462 Francie

405 1486 535 1524 adhuc
565 1498 636 1535 pro
665 1484 782 1523 nobis
821 1498 977 1523 moram
1018 1485 1269 1531 continuare,
1301 1497 1511 1535 quousque
1551 1485 1820 1524 venerabilem
1860 1488 2017 1534 patrem
2057 1488 2110 1524 H.

404 1547 634 1586 Roffensem
682 1547 914 1597 episcopum
963 1550 1002 1585 et
1049 1547 1293 1597 magistrum
1342 1547 1396 1584 H.
1446 1547 1734 1585 cancellarium
1789 1547 1929 1586 Sancti
1977 1547 2109 1594 Pauli,

406 1610 608 1656 London',
648 1610 698 1647 ad
735 1622 805 1648 vos
843 1609 1087 1656 miserimus,
1128 1609 1235 1660 quod
1264 1612 1427 1648 auctore
1456 1609 1633 1648 Domino
1663 1609 1811 1647 facturi
1841 1622 1982 1647 sumus
2011 1609 2112 1648 citra

406 1672 557 1710 festum
590 1671 730 1711 Sancti
761 1671 945 1721 Gregorii
962 1688 971 1717 ;
1001 1675 1041 1710 et
1071 1674 1168 1710 tunc
1188 1672 1236 1710 de
1266 1671 1475 1710 voluntate
1504 1674 1641 1710 nostra
1679 1674 1717 1710 et
1758 1672 1924 1721 agendis
1962 1672 2112 1710 nostris

403 1748 473 1785 per
493 1734 652 1773 eosdem
673 1746 743 1773 vos
758 1734 919 1784 plenius
940 1734 1266 1773 certificabimus.
1313 1734 1431 1773 Teste
1452 1746 1542 1783 rege
1562 1734 1669 1783 apud
1686 1734 2109 1781 Westmonasterium,

403 1797 527 1848 xxvij.
574 1796 638 1835 die
685 1796 885 1835 Januarii.
935 1796 1072 1836 Placet
1113 1796 1275 1846 quidem
1324 1796 1441 1835 nobis
1488 1796 1594 1846 quod
1641 1799 1782 1845 treuga
1832 1796 2014 1846 capiatur
2062 1797 2104 1834 in

402 1873 572 1910 persona
609 1859 770 1899 comitis
808 1859 988 1898 Marchie
1026 1859 1069 1897 in
1109 1859 1240 1898 forma
1273 1872 1352 1910 qua
1390 1859 1537 1898 ultima
1567 1862 1707 1908 treuga
1745 1861 1864 1908 capta
1903 1858 1994 1897 fuit.

509 1931 594 1969 Rex
623 1929 782 1969 ballivis
813 1929 896 1968 suis
925 1932 1065 1979 portus
1094 1930 1242 1969 Dovor'
1274 1930 1462 1968 salutem.
1517 1929 1762 1967 Mandamus
1791 1928 1916 1976 vobis,
1940 1929 2112 1968 firmiter

401 1992 662 2042 injungentes
710 1992 903 2042 quatinus
950 1992 1020 2042 xij.
1080 1992 1127 2030 de
1177 1991 1412 2030 melioribus
1458 1990 1691 2030 hominibus
1737 1991 1783 2029 de
1833 1991 1931 2029 villa
1978 1995 2111 2030 vestra

401 2054 536 2094 venire
574 2054 732 2093 faciatis
770 2067 904 2093 coram
942 2054 1058 2093 nobis
1097 2054 1202 2104 apud
1241 2054 1387 2092 Dovor’
1438 2053 1500 2091 die
1548 2053 1762 2091 Dominica
1800 2054 1983 2103 proxima
2020 2057 2111 2103 post

400 2117 558 2156 instans
600 2117 749 2156 festum
792 2116 1093 2155 Purificationis
1129 2116 1243 2155 beate
1277 2116 1418 2162 Marie,
1459 2115 1506 2153 ad
1546 2115 1792 2165 loquendum
1823 2114 2033 2154 nobiscum
2063 2116 2111 2154 de

400 2179 577 2229 negociis
606 2178 767 2218 nostris.
827 2179 944 2217 Teste
973 2191 1063 2229 rege
1092 2179 1199 2228 apud
1228 2177 1649 2224 Westmonasterium,
1694 2190 1786 2215 xxv.
1818 2177 1880 2215 die
1911 2177 2109 2216 Januarii.

508 2249 665 2288 Eodem
703 2249 822 2288 modo
861 2249 1100 2287 mandatum
1139 2251 1200 2287 est
1238 2247 1397 2286 ballivis
1428 2249 1568 2297 portus
1608 2247 1657 2285 de
1696 2247 1836 2293 Heth’,
1880 2246 2105 2293 Sandwico,

401 2311 608 2361 Hasting‘,
639 2311 688 2350 de
718 2324 786 2349 sex
819 2310 1030 2350 mittendis
1062 2309 1225 2357 ibidem,
1258 2309 1472 2355 RumenaL
1503 2309 1604 2359 Rya‚
1635 2308 1894 2356 Wincheles',
1917 2309 1964 2348 de
1994 2309 2106 2360 xviij.

508 2382 654 2420 Postea
691 2381 933 2420 mandatum
971 2383 1031 2420 est
1069 2379 1286 2419 baronibus
1325 2380 1373 2417 de
1411 2378 1608 2429 portubus
1647 2378 1838 2428 predictis
1872 2379 1991 2429 quod,
2024 2392 2106 2418 non

400 2444 586 2483 obstante
616 2444 810 2483 mandato
857 2443 961 2493 regis
1006 2443 1197 2493 predicto,
1234 2442 1418 2481 videlicet
1456 2441 1563 2492 quod
1616 2440 1652 2479 ei
1702 2444 1957 2480 occurrerent
1998 2442 2107 2491 apud

400 2507 548 2546 Dovor’
597 2506 777 2556 predicta
825 2506 888 2545 die
935 2505 1162 2552 Dominica,
1204 2505 1286 2544 sint
1332 2503 1481 2543 ibidem
1521 2503 1570 2541 ad
1608 2503 1821 2542 dominum
1869 2517 2002 2553 regem
2041 2504 2104 2542 die

401 2569 591 2609 Mercurii
630 2569 826 2619 sequenti.

508 2639 595 2678 Rex
634 2638 794 2678 ballivis
832 2642 971 2688 portus
1009 2638 1252 2677 Wincheles’
1290 2637 1477 2676 salutem.
1562 2635 1814 2686 Precipimus
1852 2635 1964 2675 vobis
2002 2637 2106 2686 quod

401 2702 443 2740 in
483 2701 561 2740 fide
599 2714 678 2751 qua
715 2700 831 2739 nobis
869 2700 1079 2747 tenemini,
1120 2713 1202 2738 non
1240 2698 1485 2749 permittatis
1525 2710 1670 2737 navem
1713 2698 1893 2747 aliquam
1932 2710 2102 2737 vacuam

399 2764 446 2803 de
500 2766 620 2814 portu
668 2763 925 2810 Wincheles’,
962 2775 1038 2812 que
1085 2764 1172 2812 jam
1225 2762 1278 2801 sit
1328 2761 1370 2799 in
1422 2763 1541 2810 portu
1594 2762 1728 2799 vestro
1774 2760 1838 2799 vel
1884 2773 1961 2810 que
2008 2761 2104 2799 illuc

398 2826 579 2865 decetero
617 2827 787 2864 ventura
825 2824 890 2871 sit,
931 2837 953 2862 a
989 2827 1109 2873 portu
1139 2826 1271 2863 vestro
1310 2823 1416 2861 exire
1454 2834 1593 2861 versus
1631 2824 1764 2871 partes
1812 2821 2104 2860 transmarinas

399 2888 524 2927 donec
562 2887 672 2925 aliud
710 2887 803 2925 inde
840 2886 1148 2936 preceperimus.
1235 2886 1353 2924 Teste
1391 2897 1482 2934 rege
1520 2886 1566 2922 ut
1605 2896 1737 2934 supra.

508 2957 665 2996 Eodem
698 2957 819 2996 modo
858 2956 1100 2994 mandatum
1139 2959 1199 2995 est
1237 2955 1397 2994 ballivis
1436 2957 1576 3004 portus
1595 2967 1660 2992 :—

616 3018 831 3065 Rumenal‚
1103 3018 1328 3063 Dunewici‚
1603 3016 1663 3054 La
1684 3015 1792 3061 PoIe,

613 3082 776 3127 Dovor',
1106 3081 1311 3127 Gernem',
1602 3078 1774 3123 Exonie,

614 3142 830 3190 Sandwici,
1106 3142 1335 3189 Colecestr’,
1597 3138 1869 3184 Dertemuth’,

614 3206 829 3251 Portesm’,
1118 3204 1291 3244 Sorham
1298 3234 1306 3250 ,
1599 3200 1872 3246 Plummuth'‚

615 3267 758 3313 Heth',
1111 3266 1325 3312 Portesm',
1598 3262 1846 3307 Falemuth’‚

618 3328 840 3382 ,Gypewicss
1113 3326 1401 3373 Errenemuth,
1484 3364 1488 3369 ,
1598 3323 1794 3369 Bristolli,

1600 3385 1887 3434 Suhampton’.

446 3477 554 3514 18690
1985 3471 2013 3503 L
