2375 3587
267 209 349 250 238

331 334 454 379 1236

329 400 389 437 [m.
415 398 482 439 182

1191 216 1377 259 OLOSE
1422 216 1628 259 ROLLS.

672 414 748 450 Pro
783 414 968 451 Willelma
1007 417 1049 451 de
1088 416 1206 452 Rosseo
1242 416 1545 463 J»·2'.s·ane.—Rex
1573 415 1868 454 constabulario
1899 416 2037 454 Sancti
2068 416 2255 453 Briavelli

560 473 744 512 salutem.
824 475 934 514 Scias
982 478 1087 526 quod
1132 478 1382 516 willelmum
1431 478 1477 515 de
1526 479 1651 515 Bosco
1689 481 1852 526 captum
1891 481 1930 515 et
1968 478 2174 516 detentum
2213 479 2253 515 in

556 535 719 583 prisona
757 541 893 576 nostra
931 540 1035 587 apud
1073 540 1267 578 Sanctum
1303 541 1546 578 Briavellum
1588 554 1657 589 pro
1696 540 1901 578 forisfacto
1939 540 2082 577 foreste
2121 543 2255 578 nostre

556 597 783 638 dimisimus
821 601 966 639 dilecto
1004 606 1042 639 et
1081 602 1188 640 fideli
1228 606 1365 641 nostro
1404 603 1452 640 G.
1490 602 1737 647 Marescallo‚
1760 601 1897 639 comiti
1932 601 2091 647 Penbr’,
2132 615 2254 651 usque

556 660 604 697 ad
643 661 824 709 proxima
862 663 1010 712 placita
1048 663 1192 702 foreste
1239 667 1373 702 nostre
1419 677 1488 713 per
1530 664 1730 712 plevinam
1779 663 1904 712 ipsius
1951 663 2122 701 comitis.
2200 664 2254 701 Et

556 722 641 760 ideo
697 723 770 761 tibi
827 725 1068 775 precipimus
1122 727 1228 776 quod
1284 726 1507 775 predictum
1565 726 1814 763 Willelmum
1852 739 1874 762 a
1911 726 2071 773 prisona
2118 728 2255 763 nostra

553 783 743 823 deliberes
781 799 850 834 per
887 787 1105 835 predictam
1135 788 1352 837 plevinam‚
1384 788 1487 826 sicut
1517 787 1740 836 predictum
1771 790 1842 824 est.
1902 787 2017 824 Teste
2047 789 2091 824 ut
2121 799 2252 835 supra.

662 883 740 919 Pro
780 884 941 929 Hmsmza*
980 885 1382 932 Dispenxario.—Rex
1421 884 1617 923 concessit
1658 896 1726 932 per
1756 886 1908 921 cartam
1941 895 2053 920 suam
2086 882 2251 930 Hugoni

554 942 813 992 Dispensario
860 946 963 994 quod
1012 945 1095 994 ipse
1143 949 1181 984 et
1227 946 1390 984 heredes
1448 947 1509 984 sui
1565 949 1602 984 et
1660 945 1842 983 homines
1882 945 1941 981 sui
1980 945 2026 982 de
2066 944 2250 989 Hullum‚

553 1005 732 1056 Bergeby
769 1011 807 1045 et
848 1007 1026 1056 Skipen'‚
1067 1009 1107 1046 in
1146 1009 1341 1047 comitatu
1376 1008 1562 1053 Eboraci,
1604 1009 1685 1045 sint
1724 1008 2006 1056 inperpetuum
2046 1006 2171 1055 quieti
2204 1007 2251 1043 de

550 1068 667 1106 sectis
687 1071 966 1116 comitatuum,
988 1075 1348 1120 wapentaccorum,
1366 1071 1654 1120 trithingorum
1685 1073 1724 1108 et
1749 1070 1796 1108 de
1822 1069 1982 1107 auxiliis
2008 1068 2252 1106 vicecomitis

551 1136 589 1167 et
627 1131 673 1168 de
712 1132 801 1170 visu
840 1133 966 1171 franci
1015 1134 1135 1183 plegii
1187 1140 1226 1172 et
1267 1134 1314 1171 de
1358 1134 1533 1179 murdro,
1584 1134 1687 1171 sicut
1736 1132 1895 1181 plenius
1940 1131 2169 1169 continetur
2208 1131 2249 1168 in

550 1195 658 1230 carta
692 1194 807 1243 regis,
842 1208 963 1244 quam
998 1196 1175 1245 predicto
1209 1196 1372 1245 Hugoni
1407 1208 1473 1233 rex
1504 1195 1595 1233 inde
1626 1194 1709 1232 fieri
1744 1194 1850 1232 fecit.
1920 1194 1976 1231 Et
2012 1193 2249 1230 mandatum

550 1258 609 1292 est
647 1255 871 1294 vicecomiti
911 1256 1082 1296 Eboraci
1121 1258 1225 1307 quod
1264 1261 1415 1296 cartam
1454 1257 1675 1307 predictam
1710 1257 1751 1294 in
1790 1257 1909 1305 pleno
1947 1255 2141 1294 comitatu
2180 1268 2251 1293 suo

550 1316 626 1363 legi
665 1320 703 1355 et
741 1319 867 1356 teneri
907 1319 1041 1366 faciat,
1082 1320 1186 1359 sicut
1224 1320 1447 1370 predictum
1486 1323 1560 1358 est.
1638 1319 1755 1357 Teste
1786 1320 1830 1356 ut
1870 1331 2001 1367 supra.

661 1415 734 1450 I'w
775 1416 867 1452 riuis
907 1418 955 1452 ad
995 1431 1084 1464 opus
1122 1416 1531 1463 vreglis.—Mandatum
1571 1419 1630 1453 est
1668 1414 1811 1465 majori
1863 1417 1901 1452 et
1952 1412 2250 1452 vicecomitibus

550 1475 678 1512 Lond‘
718 1477 822 1525 quod
861 1478 942 1516 sint
982 1478 1021 1515 in
1061 1479 1257 1516 auxilium
1297 1478 1483 1517 servienti
1532 1477 1731 1515 Johannis
1770 1478 1817 1515 de
1856 1476 2057 1514 Colemere
2096 1475 2249 1513 litteras

549 1536 652 1586 regis
690 1538 883 1577 deferenti
923 1542 961 1577 et
1013 1540 1151 1578 efficax
1200 1541 1414 1579 consilium
1463 1540 1497 1578 ei
1550 1539 1773 1588 impendant
1811 1538 1859 1576 ad
1899 1537 2171 1587 recipiendum
2210 1539 2249 1575 et

549 1599 791 1648 signandum
831 1602 879 1639 ad
918 1615 1017 1651 opus
1056 1603 1158 1652 regis
1196 1603 1340 1652 viginti
1380 1603 1487 1640 dolia
1525 1602 1607 1639 vini
1660 1602 1707 1639 de
1754 1599 1986 1639 melioribus
2032 1599 2136 1637 vinis
2174 1612 2249 1648 que

550 1666 745 1700 venerunt
782 1663 844 1700 vel
878 1663 919 1701 in
953 1664 1134 1712 proximo
1164 1668 1332 1702 ventura
1361 1668 1456 1702 sunt
1487 1677 1609 1714 usque
1639 1663 1782 1709 Lond',
1813 1674 2018 1711 quousque
2047 1661 2249 1710 predictus

553 1723 760 1761 Johannes
821 1725 887 1774 qui
936 1739 1007 1774 pro
1056 1726 1221 1775 agendis
1273 1726 1376 1775 regis
1433 1726 1527 1764 illuc
1581 1726 1629 1763 ad
1677 1737 1838 1774 presens
1886 1723 1938 1761 ibi
1986 1723 2121 1761 venire
2169 1735 2248 1760 non

551 1788 681 1833 potest
743 1786 839 1825 illuc
880 1787 1047 1826 venerit.
1125 1788 1241 1827 Teste
1280 1801 1369 1836 rege
1399 1788 1503 1837 apud
1544 1787 1810 1832 Wintoniam,
1851 1800 1886 1824 v.
1927 1786 1989 1823 die
2027 1784 2248 1823 Februarii.

652 1883 708 1918 De
746 1885 1013 1930 perdonatione
1064 1885 1302 1932 susten—Rex
1341 1884 1575 1934 perdonavit
1614 1883 1809 1922 Nicholao
1841 1882 1924 1920 filio
1954 1881 2071 1919 Alani
2108 1881 2244 1929 fugam

544 1955 664 1991 quam
717 1944 809 1983 fecit
860 1958 930 1994 pro
980 1949 1109 1984 morte
1164 1947 1309 1995 Rogeri
1357 1947 1405 1985 de
1457 1947 1610 1996 Lynde,
1666 1945 1770 1983 unde
1818 1947 1989 1982 rettatus
2041 1946 2114 1981 est.
2208 1946 2246 1980 it

545 2005 783 2043 mandatum
851 2012 909 2045 est
971 2008 1195 2046 vicecomiti
1265 2009 1375 2047 Surr'
1434 2008 1538 2058 quod
1605 2008 1645 2045 in
1713 2007 1909 2045 comitatu
1976 2018 2046 2043 suo
2113 2005 2244 2053 ipsum

545 2067 785 2106 Nicholaum
834 2069 1012 2108 decetero
1060 2083 1131 2109 nec
1179 2070 1415 2119 interrogari
1472 2083 1545 2109 nec
1598 2069 1769 2119 utlagari
1821 2068 1955 2106 faciat.
2033 2067 2149 2105 Teste
2201 2068 2245 2104 ut

546 2142 677 2178 supra.

656 2227 720 2264 (θ’.
798 2229 855 2264 De
912 2231 1113 2277 quercubus
1168 2229 1580 2267 tlatz's.——Mandatuni
1638 2232 1696 2266 est
1753 2227 1930 2265 -Johanni
1988 2227 2034 2264 de
2082 2224 2242 2270 Nevill’‚

544 2289 766 2337 justiciario
805 2289 963 2335 foreste,
1003 2291 1108 2339 quod
1152 2291 1272 2329 faciat
1313 2290 1457 2329 habere
1506 2291 1553 2328 G.
1597 2289 1868 2335 Maresecallo,
1910 2288 2046 2327 comiti
2083 2285 2242 2332 Penbr’,

548 2350 715 2397 triginta
771 2350 895 2389 bonas
953 2365 1121 2401 quercus
1178 2353 1218 2390 in
1276 2353 1515 2403 Dygherleg'
1565 2353 1614 2390 ad
1688 2364 1727 2390 se
1802 2351 2091 2400 hospitandum
2139 2348 2244 2397 apud

547 2412 773 2458 Hamsted'‚
812 2414 858 2451 de
897 2414 1000 2452 dono
1040 2415 1156 2464 regis.
1227 2415 1342 2453 Teste
1380 2420 1424 2452 ut
1463 2428 1583 2463 supra
1621 2427 1689 2463 per
1727 2414 1776 2452 G.
1817 2414 1864 2450 de
1905 2411 2157 2450 Craucumb.'

655 2500 728 2535 I'ra
771 2501 912 2547 Iso-«sera
951 2503 994 2537 «le
1043 2503 1212 2550 Notiozy',
1249 2503 1506 2549 palefridczrio
1544 2500 1799 2549 'regaie—Rex
1846 2499 2040 2537 concessit
2088 2499 2242 2549 Rogero

541 2560 588 2598 de.
641 2560 816 2610 Notfflg',
872 2562 941 2598 uni
992 2563 1339 2611 palefridariorum
1398 2576 1575 2609 suorum,
1623 2575 1750 2599 unum
1803 2561 2014 2599 denarium
2072 2561 2242 2610 singulis

540 2622 678 2660 diebus
727 2623 774 2660 de
829 2623 1049 2662 elemosina
1097 2625 1201 2673 regis
1254 2625 1487 2670 constituta,
1537 2637 1654 2674 quem
1718 2623 1947 2661 lVillelmus
2013 2622 2241 2662 balistarius

539 2685 605 2734 qui
654 2688 837 2722 mortuus
885 2690 957 2730 est,
1003 2689 1047 2724 ut
1094 2686 1253 2731 dicitur,
1304 2686 1503 2736 percipere
1550 2685 1758 2724 consuevit
1806 2698 1874 2734 per
1922 2697 2090 2722 manum
2140 2686 2238 2724 vice-

540 2747 699 2784 comitis
737 2747 840 2795 regis
879 2749 1030 2785 Essex’.
1088 2750 1142 2785 Et
1182 2749 1423 2787 mandatum
1462 2751 1522 2786 est
1560 2747 1778 2786 baronibus
1807 2747 1853 2784 de
1895 2746 2100 2786 Scaccario
2137 2749 2240 2797 quod

539 2809 577 2846 id
617 2809 649 2846 ei
690 2809 834 2847 habere
873 2809 1036 2848 faciant.
1096 2810 1213 2848 Teste
1252 2811 1357 2860 apud
1396 2810 1663 2855 XVintoniam,
1703 2810 1772 2859 vij.
1812 2808 1874 2847 die
1914 2808 2130 2847 Februarii.

644 2906 700 2940 De
736 2906 856 2941 damis
891 2905 1305 2943 dam—Mandatum
1347 2909 1407 2944 est
1446 2905 1611 2955 Hugoni
1652 2905 1698 2942 de
1734 2904 1878 2942 Vivon’
1912 2904 2015 2953 quod
2048 2904 2088 2940 in
2122 2916 2240 2953 parco

539 2966 586 3003 de
638 2965 760 3015 Brug'
807 2965 928 3005 faciat
980 2966 1125 3004 habere
1173 2966 1394 3005 Hereberto
1447 2967 1530 3005 filio
1579 2966 1734 3004 Mathei
1787 2969 1959 3015 quatuor
2007 2966 2145 3003 damas
2201 2971 2240 3004 et

538 3039 665 3065 unum
713 3027 875 3065 damum
926 3028 974 3065 ad
1026 3028 1227 3078 quendam
1278 3041 1443 3078 parcum
1494 3041 1611 3067 suum
1663 3027 1985 3072 instaurandum,
2037 3026 2084 3064 de
2136 3027 2239 3065 dono

538 3090 655 3138 regis.
732 3089 848 3128 Teste
888 3102 978 3139 rege
1016 3091 1122 3140 apud
1163 3091 1429 3137 wintoniam,
1469 3091 1538 3142 vij.
1574 3090 1636 3128 die
1675 3089 1895 3128 Februarii.

648 3186 723 3222 Pro
762 3186 969 3222 Hereberto
1010 3187 1090 3228 tilio
1138 3186 1603 3225 Nathan—Mandatum
1646 3189 1705 3224 est
1755 3184 1933 3223 Johanni
1982 3185 2029 3222 de
2078 3185 2237 3230 Nevill',

538 3245 758 3295 justiciario
796 3246 955 3291 foreste,
995 3248 1100 3297 quod
1138 3248 1179 3285 in
1219 3248 1370 3287 foresta
1407 3249 1511 3298 regis
1548 3248 1595 3286 de
1644 3246 1878 3285 Nerechich'
1928 3246 2047 3284 faciat
2095 3245 2239 3284 habere

542 3306 761 3346 Hereberto
812 3307 897 3347 filio
953 3307 1106 3347 Mathei
1156 3322 1222 3348 sex
1270 3310 1408 3348 damas
1459 3313 1497 3348 et
1546 3322 1673 3347 unum
1723 3309 1887 3346 damum
1940 3308 1989 3345 ad
2037 3308 2236 3357 quendam

536 3381 701 3418 parcum
745 3382 864 3408 suum
903 3369 1227 3419 instaurandum,
1267 3372 1315 3411 de
1353 3372 1458 3411 dono
1495 3372 1611 3421 regis.
1688 3370 1802 3408 Teste
1839 3382 1928 3418 rege
1966 3372 2010 3407 ut
2048 3382 2181 3418 supra.
