2375 3587
181 352 327 399 1237.

175 418 232 457 [in.
261 419 334 459 Τὼ]

1060 231 1110 269 21
1156 228 1360 270 HEJRY
1402 229 1485 269 ΙΙΙ.
2043 229 2123 268 545

419 420 529 468 prius
574 422 630 460 eis
686 427 724 461 et
777 424 889 462 vobis
941 425 1026 462 fieri
1085 425 1267 470 fecimus,
1324 425 1504 462 decetero
1567 424 1608 461 in
1660 424 1848 461 omnibus
1898 426 2124 461 teneantur.

419 482 617 522 Nolumus
683 485 804 523 etiam
874 487 979 535 quod
1037 487 1244 525 occasione
1301 486 1424 535 hujus
1481 485 1620 523 auxilii
1689 490 1872 523 sumatur
1941 485 2125 533 deinceps

418 545 572 583 occasio
628 547 689 585 vel
754 548 939 586 trahatur
995 549 1043 586 ad
1107 548 1440 586 consuetudinem
1513 548 1673 595 petendi
1749 547 1846 584 alias
1916 547 2125 585 consimile

418 607 626 646 auxilium.
714 610 768 647 Et
808 610 894 648 ideo
932 609 1043 647 vobis
1083 611 1327 648 mandamus
1366 609 1472 658 quod
1512 609 1700 657 predictis
1740 609 1908 656 Rogero,
1953 608 2122 651 Simoni,

419 668 608 716 Henrico,
642 671 858 717 Huwardo,
889 675 928 709 et
959 673 1130 709 Ricardo
1160 672 1208 709 ad
1239 672 1315 709 hoc
1350 671 1438 709 sitis
1474 670 1729 708 intendentes
1761 675 1799 707 et
1840 671 2124 718 respondentes

416 731 519 768 sicut
558 733 780 780 predictum
822 737 894 779 est,
936 734 1081 783 quibus
1120 734 1376 783 injunximus
1416 733 1521 782 quod
1561 733 1636 770 iter
1674 732 1775 769 illud
1815 733 1861 769 ad
1903 732 2121 769 terminum

416 794 742 840 prenominatum
782 795 992 844 incipiant.
1081 796 1198 833 Teste
1238 808 1328 844 rege
1368 795 1473 844 apud
1516 794 1936 839 Westmonasterhnn,
1979 794 2020 842 ij.
2062 794 2123 830 die

418 854 531 900 Juni,
572 869 678 894 anno
717 860 793 894 etc.
834 857 959 907 xxij.“

525 964 609 1001 Rex
656 964 882 1003 vicecomiti
931 965 1094 1010 Kancie,
1146 965 1332 1002 salutem.
1414 965 1526 1002 Scias
1575 964 1693 1013 quod,
1746 976 1835 1001 011111
1884 963 1923 1000 111
1972 962 2123 1000 octabis

419 1024 557 1064 Sancti
609 1026 772 1064 Hillarii
825 1040 931 1065 anno
981 1030 1056 1065 etc.
1114 1028 1195 1076 xxj.
1247 1027 1296 1064 ad
1345 1027 1585 1064 mandatum
1638 1028 1824 1063 nostrum
1864 1024 2123 1062 convenirent

416 1089 521 1137 apud
589 1090 996 1128 westmonasterium
1061 1089 1366 1139 archiepiscopi,
1435 1089 1625 1138 episcopi,
1702 1087 1879 1133 abbates,
1957 1086 2121 1136 priores,

415 1150 595 1196 comites,
636 1150 803 1190 barones
843 1152 967 1190 totius
1008 1152 1118 1201 regni
1160 1151 1300 1196 nostri,
1341 1154 1379 1189 et
1419 1153 1637 1188 tractatum
1679 1148 1873 1187 haberent
1912 1148 2121 1186 nobiscum

415 1212 461 1249 de
501 1216 609 1250 statu
650 1217 787 1252 nostro
827 1218 864 1252 et
904 1215 1015 1261 regni
1057 1214 1198 1257 nostri,
1236 1214 1356 1251 iidem
1389 1212 1692 1262 archiepiscopi,
1724 1211 1913 1260 episcopi,
1946 1209 2122 1254 abbates,

415 1275 579 1323 priores,
621 1280 658 1313 et
696 1276 827 1314 clerici
868 1280 991 1314 terras
1031 1276 1225 1314 habentes
1265 1289 1340 1325 que
1371 1276 1419 1313 ad
1450 1275 1638 1313 ecclesias
1670 1288 1762 1312 suas
1792 1286 1873 1311 non
1905 1273 2121 1322 pertinent,

414 1337 594 1383 comites,
636 1337 816 1383 barones,
858 1338 1008 1376 milites
1050 1344 1088 1376 et
1142 1337 1255 1376 liberi
1296 1338 1482 1376 homines
1522 1350 1592 1386 pro
1647 1350 1686 1373 30
1736 1340 1774 1373 et
1829 1336 1909 1372 suis
1963 1335 2125 1372 villanis

416 1398 530 1436 nobis
570 1405 852 1438 concesserunt
892 1401 932 1437 in
973 1401 1172 1438 auxilinm
1216 1400 1461 1437 tricesimam
1503 1402 1657 1448 partem
1694 1398 1879 1434 omnium
1910 1396 2122 1435 mobilium

416 1474 579 1499 suorum
632 1462 929 1511 apparentium,
984 1462 1087 1500 sicut
1140 1475 1185 1500 ea
1238 1461 1445 1499 habebunt
1498 1461 1538 1498 in
1589 1464 1815 1509 autumpno
1869 1459 1909 1496 in
1949 1459 2124 1497 crastino

418 1524 690 1562 Exaltationis
732 1524 878 1563 Sancte
919 1524 1058 1563 Crucis
1097 1537 1205 1562 anno
1245 1524 1354 1572 regni
1397 1523 1522 1561 nostri
1565 1523 1646 1572 xxj.
1687 1522 1849 1571 quando
1889 1520 2006 1559 blada
2054 1534 2125 1558 sna

416 1585 567 1623 fuerint
605 1587 844 1631 coadunata,
886 1586 1072 1624 videlicet
1111 1587 1157 1624 de.
1196 1585 1337 1630 bladis,
1379 1585 1546 1629 carueis,
1586 1583 1740 1629 ovibus,
1782 1583 1925 1628 vaccis,
1980 1583 2122 1632 porcis,

416 1647 601 1693 haraciis,
643 1649 753 1697 equis
802 1648 1007 1686 caretariis
1043 1648 1261 1694 assignatis
1295 1648 1343 1684 ad
1380 1646 1665 1695 waignugium,
1711 1648 1749 1683 et
1794 1645 1883 1683 aliis
1918 1644 2125 1693 pecoribus

415 1712 454 1747 et
504 1709 618 1748 bonis
668 1711 844 1760 exceptis
895 1710 1011 1748 bonis
1048 1723 1123 1760 que
1164 1710 1332 1758 predicti
1373 1708 1677 1757 archiepiscopi,
1734 1706 1908 1756 episcopi
1961 1710 1999 1744 et
2050 1705 2126 1743 alie

415 1785 583 1821 persone
622 1773 889 1811 ecclesiastice
939 1771 1089 1810 habent
1128 1772 1167 1808 in
1210 1771 1388 1809 ecclesiis
1428 1769 1725 1820 parochialibus
1776 1770 1858 1807 3110
1898 1768 2124 1818 prebendis,

416 1838 455 1871 et
494 1835 609 1872 terris
649 1835 696 1872 ad
737 1834 959 1883 prebendas
999 1837 1037 1872 et
1075 1833 1262 1872 ecclesias
1302 1832 1574 1882 parrochiales
1625 1830 1902 1880 spectantibus
1951 1830 2126 1878 exeeptis

417 1900 583 1946 argento
636 1901 674 1935 et
728 1910 837 1942 auro,
890 1896 1110 1946 palefridis,
1165 1895 1413 1940 summariis,
1466 1893 1692 1938 dextrariis,
1746 1892 1940 1937 runcinis,
1991 1892 2126 1936 armis,

417 1958 660 1996 utensilibus
699 1962 737 1996 et
779 1958 899 2003 vasis,
937 1958 1205 2007 colligendam
1245 1971 1313 2006 per
1364 1969 1512 1994 manus
1564 1955 1803 1993 dilectorum
1856 1956 1894 1991 et
1946 1953 2128 1991 fidelium

417 2024 648 2059 nostrorum
709 2020 854 2069 Rogeri
921 2021 967 2058 110
1026 2019 1220 2064 Leburn’,
1277 2018 1457 2058 Simonis
1514 2018 1560 2055 de
1634 2016 1772 2066 Craye,
1842 2015 2008 2053 Henrici
2080 2015 2127 2053 de

419 2083 736 2122 Wintereshull'.
782 2082 1016 2124 †.J01]annis
1056 2082 1102 2119 de
1142 2080 1320 2130 Adling’,
1362 2079 1556 2118 Huwardi
1597 2079 1643 2116 de
1684 2078 1826 2123 Bikel’,
1879 2081 1917 2115 et
1970 2077 2129 2114 Ricaidi

418 2146 464 2183 de
505 2144 769 2185 Wokendon’.
819 2144 887 2194 qui
941 2143 1135 2194 jurabunt
1187 2156 1321 2182 coram
1374 2145 1411 2180 te
1464 2142 1569 2191 quod
1610 2141 1817 2189 negotium
1857 2143 2042 2177 1103110111
2082 2140 2128 2177 de

418 2208 567 2246 auxilio
604 2212 741 2245 nostro
780 2207 1006 2256 colligendo
1045 2209 1083 2244 et
1121 2206 1336 2243 assidendo
1378 2217 1448 2254 pro
1490 2216 1604 2253 posse
1646 2216 1717 2241 3110
1758 2202 1857 2240 bene
1888 2205 1927 2240 et
1958 2201 2130 2239 fideliler

418 2273 666 2319 exequentur
707 2283 777 2318 per
817 2269 954 2307 omnia
987 2269 1207 2306 secundum
1244 2281 1358 2305 suain
1395 2266 1698 2304 conscientiam.
1758 2265 1813 2302 Et
1848 2264 1924 2312 ipsi
1958 2268 2131 2313 quatuor

419 2332 568 2370 milites
622 2336 660 2369 et
710 2331 877 2369 clericus
930 2331 1134 2380 predictus
1185 2330 1275 2378 eligi
1331 2328 1481 2367 facient
1538 2332 1711 2377 quatuor
1767 2327 1814 2363 de
1871 2325 2128 2375 legalioribus

418 2394 651 2433 hominibus
691 2395 737 2431 de
779 2393 949 2442 singulis
987 2392 1094 2430 villis
1133 2405 1245 2441 quos,
1290 2391 1453 2429 statutis
1488 2389 1709 2427 hundredis
1749 2389 1788 2426 in
1829 2388 2020 2427 comitatu
2059 2392 2127 2426 1110

418 2456 535 2495 001113
582 2456 644 2492 (110
693 2461 731 2493 et
779 2456 865 2492 loco
914 2467 1047 2492 coram
1099 2454 1248 2491 eisdem
1303 2453 1352 2489 nd
1401 2452 1639 2489 mandatum
1693 2463 1829 2488 00111111
1878 2463 2011 2488 coram
2074 2450 2129 2486 eis

418 2518 551 2556 venire
600 2517 733 2562 facies,
784 2517 849 2566 qui
900 2515 1095 2566 jurabunt
1143 2527 1276 2553 coram
1326 2515 1475 2552 eisdem
1530 2513 1571 2550 in
1621 2512 1826 2560 presencia
1873 2511 2128 2549 baillivorum

417 2580 463 2618 de
503 2579 675 2629 singulis
714 2579 834 2623 villis,
877 2578 909 2617 si
950 2578 1142 2616 interesse
1183 2577 1398 2621 voluerint,
1439 2576 1545 2625 quod
1584 2574 1780 2612 auxilium
1822 2573 1921 2611 illud
1960 2572 2132 2611 fideliter

415 2642 649 2681 assidebunt
706 2646 744 2679 et
812 2640 1052 2679 rationabile
1120 2639 1301 2688 precium
1370 2642 1575 2687 apponent
1634 2635 1824 2674 omnibus
1882 2635 1997 2673 rebus
2054 2648 2128 2684 que

416 2704 680 2754 appreciande
720 2703 872 2741 fuerint
912 2702 1132 2740 secundum
1183 2714 1441 2739 communem
1482 2708 1520 2738 et
1559 2700 1711 2750 justam
1752 2697 2052 2736 estimationem
2092 2700 2130 2735 et

416 2767 605 2812 valorem,
652 2778 799 2811 amore,
835 2765 964 2811 gratia
1019 2764 1080 2801 vel
1120 2763 1211 2801 odio
1260 2763 1320 2800 vel
1369 2763 1447 2800 alia
1494 2761 1700 2800 occasione
1748 2773 1829 2798 non
1870 2760 2126 2809 impediente.

416 2830 472 2867 Et
506 2831 644 2878 postea
678 2827 897 2877 particulas
927 2826 1166 2865 catallorum
1206 2825 1389 2863 omnium
1425 2828 1463 2862 et
1499 2824 1679 2874 precium
1712 2823 1926 2861 ostendent
1959 2825 2128 2870 quatuor

415 2890 614 2929 militibus
652 2889 842 2940 predictis
880 2894 918 2927 et
959 2888 1115 2934 0101100,
1156 2891 1195 2924 01
1233 2888 1349 2937 juxta
1388 2886 1659 2936 provisionem
1706 2885 1907 2923 dictorum
1947 2884 2123 2921 militum

415 2958 454 2992 et
503 2953 635 2992 clerici
684 2952 897 3002 pecuniam
951 2951 1064 2988 illam
1111 2950 1304 2999 colligent
1357 2953 1396 2987 et
1441 2949 1592 2987 eisdem
1643 2947 1845 2985 militibus
1896 2950 1934 2984 et
1985 2947 2127 2984 0101100

415 3017 594 3055 deferent
632 3018 670 3053 et
719 3013 950 3052 liberabunt
989 3026 1058 3061 per
1107 3012 1257 3050 taillias
1307 3015 1345 3049 et
1396 3012 1548 3049 rotulos
1588 3009 1806 3060 particulas
1855 3009 2123 3052 continentes,

414 3077 684 3127 reponendam
718 3076 760 3113 in
796 3076 975 3125 prioratu
1009 3074 1156 3113 Sancte
1190 3073 1404 3111 Trinitatis
1437 3072 1668 3111 Cantuarie.
1756 3072 1809 3108 Et
1846 3071 1876 3108 si
1918 3070 2125 3118 indigeant

414 3139 563 3178 auxilio
600 3143 669 3178 tuo
706 3138 810 3176 circa
847 3136 1145 3174 districtionem
1181 3135 1408 3173 faciendam
1443 3135 1485 3171 in
1525 3133 1759 3172 collectione
1798 3133 1902 3170 dicte
1944 3132 2124 3180 pecunie,

504 3238 517 3252 *
544 3236 585 3265 In
622 3235 673 3264 the
703 3234 831 3272 maryin
864 3234 891 3264 is
927 3233 1054 3262 written
1094 3232 1282 3263 ‘Robertus
1314 3231 1354 3262 de
1387 3231 1540 3262 Seincler
1572 3231 1638 3261 fuit
1667 3233 1785 3270 postea
1811 3228 2021 3259 substitutus
2054 3227 2125 3258 1000

415 3288 566 3320 Shnonis
600 3285 640 3316 de
674 3286 761 3325 ‹lray
790 3295 828 3315 eo
860 3284 946 3323 quod
984 3284 1154 3323 iinpotens
1189 3284 1240 3314 sui
1275 3288 1326 3314 est
1360 3286 1397 3314 ut
1428 3283 1497 3320 regi
1530 3282 1731 3312 intnnatuni
1765 3284 1825 3312 est.
1858 3284 1890 3310 et
1922 3279 2124 3309 niandatuni

413 3343 463 3371 est
494 3339 601 3370 tribus
635 3337 711 3368 aliis
743 3336 830 3375 quod
864 3336 891 3366 si
925 3337 972 3366 ita
1004 3336 1056 3365 est
1089 3335 1202 3374 ipsum
1234 3335 1273 3364 l’i.
1307 3335 1379 3365 loco
1411 3334 1492 3364 dicti
1526 3332 1678 3364 Simonis
1718 3331 1910 3370 recipiant!

503 3389 743 3429 †Substituted
773 3393 850 3429 ‘per
876 3388 1026 3418 litteras⁷
1052 3387 1105 3418 for
1132 3387 1273 3418 Πρω-101
1298 3386 1336 3418 de
1363 3384 1629 3419 W'intereslmll‘'.

462 3466 567 3499 18690
1960 3462 1977 3489 '3
2004 3459 2036 3487 M
