2375 3587
175 359 316 408 1237.

169 427 227 467 [in.
243 426 317 464 2‹J.]

169 1247 221 1285 [m
259 1244 329 1284 ld.]

992 229 1001 238 “
1032 233 1084 276 21
1129 233 1336 277 HENRY
1378 235 1462 278 ΠΙ.
2031 239 2109 280 571

521 432 891 471 Βενοηία.-Ι53,1)61
948 434 1116 472 Giffard’
1166 435 1388 474 attornavit
1445 436 1531 474 loco
1588 449 1659 475 suo
1716 437 2017 486 H[a]m[onem]
2066 436 2114 473 de

410 492 583 531 Karevil’
623 507 759 533 versus
806 496 977 544 priorem
1022 497 1069 534 de
1107 497 1296 547 Plynton'
1346 497 1393 535 de
1440 497 1622 546 pluribus
1669 497 2029 537 consuetudinibus
2076 500 2114 535 et

409 554 585 593 serviciis
632 569 708 606 que
755 556 861 594 idem
906 557 1013 606 prior
1053 558 1178 608 exigit
1225 561 1299 597 etc.
1339 559 1386 597 de
1426 561 1659 598 tenemento
1698 560 1824 609 ipsius
1863 559 2034 598 Isabelle
2072 559 2114 596 in

411 615 604 654 Bocland'
643 620 681 655 et
720 617 799 655 Ho.
877 619 994 657 Teste
1033 622 1077 658 ut
1117 632 1249 669 supra.

522 720 925 770 Salapia—Egidius
962 722 1010 760 de
1042 723 1208 773 Berclay
1245 726 1284 761 et
1313 723 1504 761 Johanna
1544 736 1642 761 uxor
1681 723 1767 773 ejus
1808 723 1961 761 habent
2000 723 2115 762 breve

410 781 457 818 de
522 781 867 830 perambulatione
932 784 1037 822 inter
1092 776 1218 822 terras
1274 797 1411 823 eorum
1470 785 1511 822 in
1562 785 1813 835 Kynsindon'
1872 789 1911 823 et
1968 788 2115 823 terram

413 842 625 882 Hereberti
677 844 724 882 de
779 844 858 895 Say
908 846 948 884 in
1002 846 1288 896 Ingamesdon'
1340 860 1409 896 per
1460 847 1578 885 verba
1625 850 1830 885 consueta.
1908 847 2025 885 Teste
2073 851 2117 885 ut

411 920 545 957 supra.

522 1012 954 1061 Salopia.—Robertus
992 1013 1040 1050 de
1079 1012 1245 1050 Clifton'
1285 1016 1323 1050 et
1355 1013 1551 1051 Ricardus
1582 1013 1630 1050 de
1660 1013 1793 1051 Hartl’
1824 1013 1974 1051 habent
2005 1013 2120 1052 breve

413 1075 459 1113 de
497 1074 843 1124 perambulatione
890 1075 996 1113 inter
1043 1077 1168 1113 terras
1218 1075 1385 1124 predicti
1438 1074 1601 1113 Roberti
1654 1075 1694 1112 in
1752 1075 2039 1114 Bedlesworth'
2080 1080 2119 1114 et

413 1140 539 1176 terras
577 1137 746 1187 predicti
776 1137 935 1176 Ricardi
974 1137 1016 1175 in
1048 1135 1182 1175 Hartl’
1213 1150 1280 1187 per
1318 1136 1435 1175 verba
1468 1140 1670 1175 consueta.
1731 1138 1846 1176 Teste
1878 1141 1922 1176 ut
1957 1151 2089 1187 supra.

524 1243 721 1282 Ricardus
768 1243 846 1282 Cor
868 1273 1041 1283 ......
1098 1247 1137 1282 et
1193 1243 1278 1282 Odo
1327 1244 1375 1281 de
1427 1244 1616 1282 Hodenet
1666 1243 1816 1282 habent
1871 1244 2026 1282 litteras
2073 1244 2120 1282 de

416 1305 760 1355 perambulatione
818 1306 998 1344 facienda
1054 1306 1160 1344 inter
1215 1308 1363 1344 terram
1419 1306 1547 1356 ipsius
1612 1306 1773 1345 Ricardi
1824 1306 1865 1343 in
1916 1307 2031 1345 Bolle
2082 1310 2121 1345 et

418 1370 567 1406 terram
605 1368 732 1418 ipsius
771 1368 922 1406 Odonis
961 1368 1003 1405 in
1042 1368 1234 1407 Moston'.

526 1472 611 1510 Rex
648 1471 871 1522 justiciario
910 1471 1119 1518 Hibernie,
1160 1471 1346 1510 salutem.
1407 1471 1502 1511 Sani
1540 1485 1693 1518 sumus,
1727 1471 1962 1511 benedictus
1996 1472 2119 1518 Deus,

416 1536 491 1573 etc.
524 1534 673 1572 Verum
714 1546 841 1582 nuper
879 1533 990 1572 vobis
1028 1534 1313 1572 mandavimus
1354 1535 1459 1584 quod
1498 1547 1569 1584 pro
1608 1533 1723 1572 nobis
1761 1534 2034 1572 certificandis
2073 1535 2120 1572 de

418 1598 526 1633 statu
575 1598 678 1633 terre
729 1598 865 1633 nostre
918 1595 1113 1634 Hibernie
1169 1599 1208 1634 et
1256 1596 1429 1646 qualiter
1489 1596 1536 1633 de
1593 1595 1709 1634 terris
1766 1596 1915 1634 nostris
1970 1595 2117 1634 ibidem

416 1657 695 1695 ordinaremus
733 1660 773 1695 et
810 1657 984 1707 qualiter
1021 1658 1272 1697 commodius
1301 1659 1342 1696 in
1374 1657 1614 1696 Hiberniam
1645 1658 1909 1706 personaliter
1938 1658 2121 1696 accedere

421 1722 676 1770 [pos]semus,
729 1732 823 1758 cum
880 1720 1123 1759 victualibus
1172 1721 1234 1759 vel
1280 1721 1365 1759 sine
1418 1719 1673 1767 victualibus,
1725 1723 1764 1757 et
1819 1733 1911 1758 cum
1968 1724 2121 1769 quanta

416 1785 548 1831 gente,
589 1781 745 1820 modica
784 1782 845 1819 vel
884 1794 966 1820 non
1005 1782 1174 1829 modica,
1216 1783 1265 1821 ad
1312 1795 1386 1821 nos
1433 1782 1622 1820 veniretis
1670 1782 1711 1819 in
1759 1782 1962 1831 Angliam.
2039 1782 2120 1820 Vos

416 1847 553 1881 autem
592 1857 684 1882 cum
722 1844 838 1894 juxta
876 1844 1115 1882 mandatum
1154 1848 1341 1883 nostrum
1381 1845 1430 1882 ad
1470 1857 1542 1882 nos
1582 1857 1662 1882 non
1710 1843 1934 1889 venissetis,
1984 1844 2120 1882 fideles

416 1908 569 1944 vestros
617 1906 836 1954 Hugonem
875 1906 922 1943 de
961 1906 1102 1955 Legh'‚
1143 1906 1396 1945 Willelmum
1436 1906 1638 1955 Longum,
1682 1935 1689 1942 .
1742 1935 1749 1943 .
1803 1935 1810 1942 .
1850 1908 2029 1943 vestrum
2071 1906 2120 1943 ad

415 1980 488 2005 nos
535 1967 622 2006 loco
668 1970 799 2005 vestro
847 1967 1143 2006 transmisistis
1182 1968 1362 2006 volentes
1409 1968 1559 2006 eisdem
1608 1967 1728 2004 fidem
1777 1966 1956 2005 adhiberi
2005 1980 2122 2016 super

414 2029 493 2067 hiis
531 2043 606 2079 que
645 2042 693 2067 ex
732 2032 844 2078 parte
891 2032 1023 2067 vestra
1070 2029 1187 2068 nobis
1235 2032 1493 2080 exponerent.
1581 2029 1664 2078 Ipsi
1711 2029 1871 2079 quidem
1920 2029 1966 2066 de
2014 2032 2121 2067 statu

414 2094 517 2129 terre
555 2091 749 2129 Hibernie
788 2094 826 2129 et
864 2091 912 2129 de
946 2091 1036 2129 aliis
1070 2096 1188 2141 prout
1219 2093 1276 2130 eis
1312 2092 1390 2130 fuit
1425 2091 1659 2141 injunctum
1691 2104 1763 2129 nos
1798 2091 2122 2129 certificaverunt

414 2156 473 2191 set
516 2156 627 2203 [non]
672 2153 802 2202 plene,
845 2152 948 2191 sicut
989 2167 1058 2202 per
1091 2167 1161 2192 vos
1199 2167 1409 2203 possemus
1445 2154 1537 2191 inde
1571 2153 1798 2191 certificari.
1871 2152 2123 2202 Quapropter

414 2216 624 2254 mittemus
672 2216 719 2253 ad
767 2228 837 2253 vos
884 2215 925 2252 in
976 2216 1159 2265 proximo
1207 2217 1411 2266 quendam
1461 2216 1507 2253 de
1546 2215 1731 2253 fidelibus
1771 2214 1919 2253 nostris
1958 2215 2005 2252 de
2044 2228 2122 2264 quo

413 2279 517 2317 sicut
556 2279 603 2316 de
648 2277 764 2316 nobis
812 2277 910 2326 ipsis
959 2278 1227 2321 confidimus:
1278 2279 1345 2329 qui
1393 2281 1546 2316 statum
1592 2281 1693 2316 terre
1742 2280 1877 2315 nostre
1928 2276 2123 2315 Hibernie

413 2341 572 2390 plenius
619 2340 752 2378 videat
791 2343 829 2378 et
868 2353 949 2377 una
988 2340 1195 2379 vobiscum
1234 2341 1491 2390 provideatur
1531 2341 1613 2391 (sic)
1635 2340 1702 2377 vde
1741 2340 1856 2377 terris
1893 2339 2041 2377 nostris
2080 2339 2121 2377 in

414 2402 623 2449 Hibernia,
664 2414 740 2451 que
780 2402 960 2440 nondum
997 2402 1120 2440 assise
1159 2416 1231 2441 nec
1271 2403 1418 2441 feofate
1457 2405 1494 2440 et
1533 2402 1623 2440 aliis
1662 2401 1837 2451 negociis
1875 2402 2025 2440 nostris
2073 2402 2121 2439 ad

388 2464 548 2510 elidem,
580 2463 852 2511 commodum,
887 2467 925 2501 et
965 2464 1160 2502 honorem
1194 2468 1382 2503 nostrum
1415 2464 1623 2513 provideat
1657 2463 1830 2513 qualiter
1869 2463 2046 2502 securius
2085 2467 2123 2501 et

414 2526 559 2564 melius
607 2525 649 2563 in
698 2524 937 2563 Hiberniam
984 2527 1120 2564 venire
1158 2527 1363 2576 possimus
1411 2530 1450 2564 et
1497 2529 1638 2564 contra
1677 2525 1895 2564 adventum
1935 2528 2120 2564 nostrum

414 2588 461 2626 de
526 2586 783 2633 victualibus,
851 2587 883 2625 si
950 2600 1110 2626 necesse
1172 2589 1305 2634 fuerit,
1364 2587 1480 2626 nobis
1537 2587 1786 2637 prospiciat3
1853 2601 1922 2636 per
1986 2587 2119 2636 ipsum

414 2649 682 2689 certificemur
720 2649 879 2699 qualem
917 2653 955 2688 et
1001 2653 1198 2699 quantam
1247 2653 1410 2699 gentem
1458 2649 1668 2688 nobiscum
1716 2650 1858 2688 ducere
1905 2648 2120 2687 debeamus

415 2713 517 2751 sicut
564 2711 729 2761 prefatis
777 2711 962 2750 fidelibus
1009 2713 1152 2751 vestris
1200 2716 1293 2751 ante
1340 2725 1540 2751 recessum
1588 2725 1708 2750 suum
1757 2712 2029 2761 prediximus,
2082 2716 2120 2750 et

414 2777 593 2824 preterea
630 2774 680 2812 ad
719 2774 851 2811 visum
887 2774 1067 2824 compoti
1106 2775 1229 2813 vestri
1268 2775 1315 2812 de
1354 2774 1524 2824 receptis
1562 2777 1601 2812 et
1638 2774 1824 2823 expensis
1860 2774 2002 2812 vestris
2041 2787 2121 2812 una

415 2849 507 2875 cum
546 2834 765 2874 venerabili
804 2838 916 2885 patre
956 2837 1000 2873 L.
1042 2836 1286 2874 Dublinensi
1323 2836 1635 2886 archiepiscopo,
1676 2839 1714 2874 et
1751 2834 1992 2885 quibusdam
2031 2835 2121 2873 aliis

414 2899 548 2947 ipsum
586 2897 774 2936 volumus
812 2897 1024 2946 assignari.
1093 2898 1148 2936 Et
1180 2898 1267 2936 ideo
1301 2897 1413 2936 vobis
1446 2898 1689 2936 mandamus
1719 2897 1910 2947 quatinus
1944 2897 2121 2946 predicto

415 2959 525 2998 fideli
564 2962 715 3005 nostrO,
754 2971 846 2997 cum
885 2959 935 2997 ad
973 2972 1042 2997 vos
1081 2960 1248 3006 venerit,
1290 2963 1469 2999 castrum
1508 2962 1692 2998 nostrum
1732 2958 1900 2997 Dublin'
1945 2958 2120 2997 liberetis

415 3022 464 3060 ad
502 3021 603 3058 illud
641 3020 947 3059 custodiendum
985 3024 1024 3059 et
1061 3034 1101 3059 se
1139 3022 1427 3071 receptandum
1466 3022 1507 3059 in
1544 3022 1697 3068 eodem,
1738 3024 1777 3059 et
1815 3021 1864 3059 ad
1898 3021 2121 3058 necessaria

418 3085 522 3133 [que]
547 3083 598 3120 ad.
626 3095 725 3131 opus
755 3085 940 3120 nostrum
970 3083 1187 3132 providerit
1216 3084 1457 3133 reponenda,
1483 3086 1523 3122 et
1552 3084 1601 3121 ad
1631 3084 1763 3121 visum
1793 3083 1969 3132 compoti
2000 3083 2120 3121 vestri

414 3145 639 3195 predictum
673 3144 919 3182 audiendum
954 3157 1035 3182 una
1069 3158 1161 3183 cum
1196 3146 1374 3195 predicto
1405 3145 1705 3195 archiepiscopo
1743 3149 1781 3183 et
1821 3144 1910 3182 aliis
1948 3144 2120 3182 libenter

415 3206 654 3245 admittatis.
731 3205 917 3244 Ceterum
966 3206 1198 3245 memoriter
1235 3210 1420 3245 tenemus
1468 3208 1573 3257 quod
1621 3220 1692 3256 pro
1738 3206 1934 3244 fidelitate
1971 3209 2116 3253 vestra,

415 3269 462 3307 de
500 3281 578 3317 qua
616 3279 697 3305 non
736 3267 927 3306 inmerito
974 3268 1231 3315 confidimus,
1271 3268 1384 3307 vobis
1432 3269 1649 3318 aliquando
1697 3267 1981 3305 mandavimus
2027 3273 2118 3317 post

414 3329 674 3378 maritagium
714 3329 860 3367 sororis
898 3331 1048 3376 nostre,
1091 3330 1357 3379 imperatricis
1395 3330 1728 3375 Alemannorum,
1762 3329 1867 3379 quod
1905 3329 2119 3378 diligencia

415 3405 493 3442 qua
527 3391 697 3441 possetis
729 3390 972 3430 induceretis
1005 3394 1216 3441 magnates
1249 3395 1288 3430 et
1325 3392 1425 3431 alios
1463 3392 1599 3430 fideles
1637 3395 1795 3430 nostros
1835 3391 1882 3429 de
1922 3390 2119 3429 Hibernia
