2375 3587
1156 212 1340 255 OLOSE
1376 212 1578 255 ROLLS.

628 405 680 440 De
707 405 903 443 demus-ina
936 408 1295 445 commitata-Rex
1326 407 1523 445 concessit
1557 407 1723 457 Symoni
1757 406 1929 444 Fulberd
1962 407 2009 444 de
2042 405 2213 454 coquina

518 477 590 502 sua
645 466 817 514 primam
875 468 1155 507 liberationem
1213 469 1333 507 unius
1389 469 1543 507 denarii
1615 482 1736 518 quam
1803 481 1943 506 vacare
1999 468 2213 516 contigerit

516 526 563 563 de
619 527 837 567 elemosina
894 530 996 577 regis
1053 530 1288 568 constituta.
1384 531 1439 568 Et
1488 531 1728 568 mandatum
1785 532 1845 581 est
1899 529 2114 568 baronibus
2165 529 2212 566 de

520 588 724 627 &caecatio
780 592 884 640 quod
940 592 1050 629 illam
1110 591 1389 630 liberationem
1447 593 1567 630 unius
1615 591 1767 630 denarii
1814 592 2017 641 quamcito
2072 604 2212 629 vacare

516 651 732 700 contigerit
770 653 898 690 eidem
940 654 1107 703 Symoni
1148 653 1292 692 habere
1332 654 1496 693 faciant.
1566 654 1682 692 Teste
1717 667 1806 703 rege
1841 654 1945 703 apud
1985 652 2209 697 Mortelak',

516 712 585 762 xij.
625 713 688 751 die
728 714 838 753 Maii.

626 872 680 908 Da
710 874 903 910 tradendis
934 876 971 910 1⁴72
1002 874 1473 912 ballium.—Mandatum
1513 877 1572 912 est
1610 873 1833 911 vicecomiti
1866 873 2074 911 Bedeford'
2109 873 2213 922 qnod

517 933 546 969 si
589 933 817 971 willelmus
858 935 1068 984 Aungevin
1123 938 1161 973 et
1214 936 1414 974 walterus
1454 937 1576 973 frater
1627 936 1724 985 ejus,
1766 935 1871 984 capti
1910 939 1948 972 et
1986 935 2137 973 detenti
2172 935 2211 971 in

516 995 677 1043 prisona
716 996 818 1044 regis
855 997 990 1034 Bedef'
1039 1011 1109 1046 pro
1148 1001 1276 1036 morte
1321 998 1511 1036 Willelmi
1556 999 1603 1036 de
1642 997 1840 1043 Mordon‘,
1884 998 1989 1035 unde
2023 997 2211 1046 appellati

516 1060 624 1102 sunt,
665 1057 892 1096 invenerint
932 1059 966 1096 ei
1006 1060 1149 1108 viginti
1188 1064 1226 1097 et
1275 1064 1446 1109 quatuor
1493 1059 1636 1098 liberos
1675 1063 1714 1097 et
1752 1059 1898 1108 legales
1935 1060 1982 1097 de
2020 1059 2214 1097 comitatu

519 1132 603 1164 5110,
640 1119 696 1157 ita
732 1120 837 1168 quod
877 1125 1042 1170 uterque
1094 1135 1230 1159 eorum
1273 1122 1470 1159 invenerit
1520 1122 1554 1159 ei
1604 1122 1673 1172 xij.
1711 1121 1778 1170 qui
1817 1134 1883 1159 eos
1928 1120 2214 1169 manucapient

516 1180 660 1219 habere
707 1194 839 1219 coram
883 1183 1116 1231 justiciariis
1166 1184 1268 1232 regis
1307 1184 1355 1221 ad
1404 1184 1576 1233 primam
1616 1183 1783 1221 assisam
1822 1186 1895 1221 etc.
1936 1183 1985 1221 ad
2023 1183 2213 1220 standum

516 1242 608 1280 inde
661 1248 781 1288 recto,
835 1248 930 1283 tunc
978 1245 1083 1294 ipsos
1123 1246 1373 1283 Willelmum
1419 1248 1458 1283 et
1508 1246 1732 1284 Walterum
1773 1245 1905 1283 tradat
1944 1244 1985 1282 in
2030 1244 2212 1290 ballium,

516 1308 591 1343 etc.
670 1306 786 1343 Teste
827 1320 915 1353 rege
956 1312 999 1344 ut
1039 1321 1171 1356 supra.

630 1462 686 1500 ])«7
722 1467 921 1513 quvi-valna«
960 1467 1367 1504 datis.---lllandatum
1416 1470 1475 1504 est
1519 1466 1665 1504 ballivo
1713 1466 1857 1504 foreste
1896 1465 1941 1503 de
1982 1465 2212 1514 Graveling’

516 1525 619 1573 quod
650 1525 689 1562 in
729 1526 876 1564 foresta
914 1528 1089 1575 predicta
1128 1528 1248 1565 faciat-
1288 1529 1430 1566 habero
1481 1529 1542 1566 W.
1585 1528 1805 1566 Exoniensi
1841 1528 2039 1577 episcopo,
2079 1527 2213 1565 decem

518 1601 698 1636 quercus,
739 1589 785 1626 de
820 1589 924 1627 dono
964 1591 1079 1639 regis.
1154 1591 1269 1628 Teste
1310 1605 1397 1639 rege
1432 1595 1476 1629 ut
1515 1604 1646 1640 supra.

624 1743 703 1778 I’ro
742 1744 905 1791 Hngsone
943 1746 985 1779 dn
1027 1745 1507 1792 (i1aeruas).—Mandatmn
1547 1748 1606 1782 est
1641 1745 1890 1782 thesaurario
1928 1748 1966 1782 et
2001 1743 2216 1782 baronibus

516 1803 562 1840 de
597 1804 802 1842 Scaccario
830 1806 935 1854 quod
965 1806 1012 1843 de
1043 1806 1186 1844 debitis
1219 1821 1294 1856 que
1325 1807 1449 1856 Hugo
1477 1807 1524 1845 de
1548 1808 1714 1857 (iurnay
1744 1807 1860 1845 debet
1889 1808 1938 1845 ad
1963 1807 2214 1845 Scaccarium

516 1865 618 1914 regis
657 1879 794 1915 pacem
847 1868 881 1904 ei
923 1867 1068 1906 habere
1121 1869 1365 1918 permittant
1408 1873 1447 1907 et
1486 1870 1591 1919 quod
1641 1870 1871 1919 significent
1913 1868 2216 1907 vicecomitibus

515 1928 581 1976 qui
631 1928 763 1966 debita
813 1929 882 1966 illa
932 1943 1000 1979 per
1052 1931 1415 1969 summonitionem
1464 1931 1661 1970 &caccarii
1709 1932 1813 1981 regis
1861 1931 1910 1969 ab
1957 1945 2001 1969 eo
2048 1931 2215 1980 exigunt

515 1991 618 2038 quod
667 1991 829 2028 interim
886 1992 921 2029 ei
979 1993 1134 2030 nullam
1202 1993 1354 2031 faciant
1409 1993 1733 2032 distrinctionem
1788 2007 1993 2044 quousque
2048 1993 2215 2042 predicti

515 2052 788 2091 thesaurarius
817 2061 855 2091 et
886 2053 1051 2092 barones
1068 2055 1258 2093 distincte
1287 2061 1325 2093 et
1355 2059 1490 2105 aperte
1520 2056 1601 2105 regi
1631 2056 1946 2105 significaverint
1966 2069 2097 2106 regem
2118 2055 2216 2093 scire

514 2114 680 2152 fecerint
717 2120 915 2165 quantum
956 2117 1036 2165 regi
1078 2117 1248 2155 reddidit
1288 2118 1333 2155 de
1386 2118 1574 2166 predictis
1610 2117 1755 2156 debitis
1799 2120 1837 2156 et
1880 2121 2078 2167 quantum
2122 2117 2214 2155 inde

515 2180 637 2214 restat
669 2178 929 2216 reddendum.
1003 2179 1119 2217 Teste
1149 2182 1193 2217 ut
1233 2192 1366 2229 supra.

627 2332 699 2368 ls’ro
739 2334 878 2369 (lumbus
909 2334 1406 2372 conretus-is.—-Mandatum
1439 2337 1499 2372 est
1535 2334 1655 2372 ρ10660
1698 2334 1771 2371 filii
1812 2333 1922 2372 Petri
1951 2336 1990 2371 et
2021 2333 2215 2383 Magistro

517 2392 705 2439 Waltero,
746 2394 978 2433 custodibus
1018 2396 1173 2434 Domus
1204 2396 1496 2434 Conversorum
1528 2396 1711 2434 London’
1751 2396 1855 2445 quod
1893 2395 2130 2434 Ferminum
2162 2395 2215 2433 ‘de

482 2454 693 2504 ⁴Amyens
742 2460 781 2493 et
830 2469 995 2495 uxorem
1049 2471 1164 2495 suam
1220 2457 1325 2495 inter
1376 2458 1475 2496 alios
1525 2471 1736 2496 conversos
1783 2457 1825 2495 in
1873 2457 1992 2496 domo
2038 2457 2215 2507 predicta

515 2516 709 2565 recipiant
747 2520 785 2555 et
824 2518 879 2556 eis
918 2520 1141 2557 necessaria
1182 2519 1405 2560 inveniant.
1465 2520 1582 2558 Teste
1620 2523 1665 2558 ut
1703 2533 1837 2570 supra.

624 2672 784 2718 Rem'na.
845 2673 901 2708 De
937 2674 1143 2709 Lam-enti«)
1177 2675 1219 2709 «le
1253 2675 1427 2711 Castellz’s
1459 2675 1686 2721 as.s·7'9›1amlo
1715 2675 1764 2709 ad
1794 2674 2043 2721 'recipiendum
2079 2686 2214 2710 aurzcm

518 2733 800 2781 ramma—Rex
850 2733 1071 2782 assignavit
1125 2734 1395 2773 Laurentium
1438 2735 1484 2773 de
1538 2734 1723 2773 Castellis
1768 2734 1815 2772 ad
1858 2734 2130 2783 recipiendum
2179 2739 2217 2773 et

515 2795 823 2832 custodiendum
883 2809 1026 2833 aurum
1087 2797 1220 2845 regine
1285 2797 1335 2834 ad
1400 2810 1594 2846 magnum
1664 2796 1918 2834 Scaeam-ium
1985 2796 2100 2845 regis,
2168 2797 2216 2834 ad

516 2856 839 2905 respondendum
878 2857 970 2895 inde
1009 2871 1077 2906 per
1105 2872 1273 2896 manum
1308 2872 1436 2896 snam.
1514 2859 1568 2896 Et
1607 2858 1846 2896 mandatum
1886 2864 1944 2895 est
1981 2858 2217 2907 justiciariis

515 2919 563 2956 ad
602 2919 824 2956 custodiam
864 2919 1085 2957 Judeorum
1126 2921 1343 2969 assignatis
1385 2921 1490 2970 quod
1539 2933 1682 2957 aurum
1721 2920 1827 2969 quod
1867 2920 1996 2969 ipsam
2035 2920 2213 2969 reginam

515 2981 712 3029 contingit
742 2981 789 3017 ad
822 2981 1074 3019 Scaccarium
1106 2982 1327 3020 Judeorum
1364 2983 1398 3020 ei
1438 2982 1590 3021 faciant
1619 2981 1780 3020 liberari
1812 2982 1860 3019 ad
1892 2982 2214 3031 respondendum

514 3042 606 3081 inde
666 3043 769 3080 sicut
816 3043 1039 3091 predictum
1089 3050 1161 3082 est.
1250 3046 1366 3084 Teste
1424 3058 1512 3094 rege
1560 3044 1667 3094 apud
1726 3044 1950 3089 Mortelak’,
2009 3043 2093 3094 xiij.
2151 3044 2213 3082 die

516 3104 627 3143 Maii.

622 3192 857 3229 Mandatum
906 3195 965 3230 est
1004 3193 1168 3242 Hugoni
1213 3194 1260 3232 de
1298 3194 1551 3232 Patheshull'
1591 3194 1695 3243 quod
1757 3192 1829 3231 sub
1879 3192 1989 3230 salva
2035 3193 2215 3231 custodia

514 3253 615 3302 regis
654 3254 792 3291 mittat
829 3253 865 3290 D
904 3267 1059 3293 marcas
1097 3256 1144 3293 de
1189 3256 1549 3305 11165601016315,1
1578 3255 1635 3292 ita
1672 3255 1777 3304 quod
1816 3267 1882 3292 eas
1921 3254 2067 3293 habeat
2109 3255 2213 3304 apud

514 3315 745 3353 Guldeford'
779 3315 854 3353 hac
892 3316 955 3354 die
989 3317 1100 3355 ›Jovis
1139 3318 1322 3367 proxima
1361 3321 1454 3356 ante
1486 3317 1765 3363 Pentecosten,
1798 3328 1906 3355 anno
1943 3319 2019 3355 etc.
2060 3330 2139 3362 xx„
2181 3317 2213 3356 si

513 3377 719 3415 commode
776 3378 912 3426 possit,
971 3379 1032 3416 sin
1097 3382 1231 3419 autem
1296 3393 1361 3418 eas
1424 3380 1472 3418 ad
1530 3391 1662 3429 regem
1720 3377 1854 3418 venire
1912 3377 2031 3417 faciat
2089 3391 2211 3429 usque
