2375 3587
194 341 333 385 1236.

170 407 233 447 [m.
261 402 354 444 2⁶2‹l.]

1061 207 1112 245 21
1156 204 1365 244 HENRY
1406 205 1489 245 III.
2051 206 2133 245 509

534 402 608 440 Die
650 402 792 440 Martis
831 401 872 438 in
911 401 1087 439 crastino
1127 401 1267 439 Sancti
1309 400 1520 438 Michaelis
1569 400 1675 448 apud
1728 400 1873 450 Eycles
1923 398 2035 437 venit
2080 398 2133 437 H.

426 465 473 502 de
510 465 659 513 Burgo,
698 477 831 502 comes
872 464 1035 508 Kancie‚
1078 463 1227 500 ibidem
1268 463 1316 500 ad
1355 462 1597 499 mandatum
1646 462 1800 499 1101111111
1848 462 1964 510 regis,
2005 464 2044 498 et
2083 460 2137 498 ibi

427 527 627 564 allocutus
685 527 761 563 fuit
812 539 904 563 eum
956 525 1145 562 dominus
1218 538 1285 562 rex
1354 524 1386 561 si
1457 523 1714 561 deliberasset
1771 525 1805 561 61
1876 523 2138 571 maritagium

430 589 589 626 Ricardi
626 589 673 626 (16
713 589 815 627 Clar'
857 588 1079 625 secundum
1134 587 1239 636 quod
1290 586 1477 635 promisit
1530 587 1564 623 ei
1614 586 1720 634 apud
1786 586 1926 623 Glouc'
1977 585 2139 634 quando

429 652 618 689 dominus
657 665 724 689 rex
763 651 867 700 cepit
910 663 1002 687 611111
1040 650 1089 686 1111
1128 662 1265 698 pacem
1307 661 1422 685 suam
1461 653 1498 685 61
1546 648 1652 684 1111116
1692 648 1881 684 (10111111116
1930 661 1997 685 rex
2044 647 2141 684 dicit

431 714 535 763 quod
591 718 688 751 tunc
744 712 1120 762 quietumclamavit
1172 711 1207 748 61
1261 711 1522 758 maritagium
1582 709 1705 753 illud;
1774 714 1812 746 61
1865 709 1981 758 petiit
2038 710 2143 758 quod

432 780 585 814 teneret
633 776 667 813 ei
716 774 1025 813 conventionem
1080 773 1206 817 illam,
1261 773 1355 822 quia
1404 785 1473 821 per
1525 772 1637 808 illam
1691 771 1788 809 dicit
1840 771 2028 809 dominus
2077 784 2144 809 rex

432 839 538 888 quod
575 842 713 887 postea
748 837 919 874 reddidit
958 836 994 874 61
1033 836 1167 885 plures
1207 839 1333 873 terras
1373 847 1447 883 que
1503 834 1745 871 remansisse
1796 833 2021 871 debuerunt
2069 834 2145 882 ipsi

434 901 598 939 domino
638 900 719 948 regi
758 913 827 948 per
866 899 1038 937 formam
1078 898 1187 947 pacis
1227 898 1333 935 111161
1370 910 1436 934 606
1475 896 1639 934 factam.

545 996 600 1033 Et
637 1008 769 1033 comes
809 998 904 1032 tunc
945 993 999 1031 ibi
1039 993 1248 1042 respondit
1287 993 1393 1042 quod
1431 1005 1511 1030 non
1553 991 1695 1029 habuit
1734 990 1787 1028 ibi
1830 990 2044 1028 consilium
2080 1003 2149 1039 per

437 1059 542 1109 quod
590 1058 682 1095 111116
723 1057 882 1105 plenius
930 1056 1169 1104 respondere
1218 1058 1383 1104 posset3
1434 1055 1489 1092 ita
1537 1054 1640 1103 quod
1689 1053 1877 1091 dominus
1927 1065 1994 1090 rex
2041 1052 2150 1090 dedit

437 1122 471 1159 61
510 1121 616 1158 diem
656 1134 678 1157 a
716 1120 779 1157 die
828 1119 896 1156 1110
945 1118 1089 1156 Martis
1129 1118 1167 1155 in
1210 1131 1273 1155 xv.
1315 1117 1398 1155 (1166
1437 1117 1544 1166 apud
1588 1116 1718 1154 Lond'
1757 1116 1806 1153 ad
1844 1115 2149 1153 certificandum

438 1196 476 1221 se
524 1183 701 1227 interim,
742 1186 780 1219 61
828 1181 933 1230 quod
982 1183 1078 1218 tunc
1128 1180 1218 1217 inde
1267 1179 1525 1228 responderet
1565 1178 1730 1216 domino
1770 1178 1864 1226 regi.
1923 1177 1983 1214 Ad
2032 1190 2151 1226 quem

438 1246 545 1283 diem
593 1245 702 1282 venit
751 1256 882 1281 comes
932 1247 970 1280 et
1020 1251 1117 1280 tunc
1167 1241 1310 1279 habuit
1359 1241 1485 1278 alium
1535 1241 1641 1278 diem
1691 1240 1797 1289 apud
1847 1239 2062 1289 Kenyton',
2113 1242 2152 1277 61

439 1307 644 1357 cognoscit
700 1305 805 1355 quod
863 1308 952 1354 post
1010 1317 1149 1353 pacem
1207 1304 1356 1341 factam
1428 1303 1533 1351 apud
1593 1302 1734 1340 Glouc'
1795 1301 1907 1339 misit
1964 1301 2153 1339 dominus

440 1384 508 1408 rex
554 1382 640 1407 sero
678 1372 840 1417 propter
879 1368 1011 1416 ipsum
1052 1370 1090 1404 et
1137 1366 1251 1403 duxit
1301 1366 1350 1403 ad
1397 1365 1525 1402 altare
1563 1365 1701 1402 dicens
1739 1364 1845 1413 qnod
1884 1363 2011 1401 voluit
2049 1363 2154 1413 quod

439 1433 590 1483 juraret
656 1444 774 1479 super
838 1430 963 1467 altare
1028 1429 1134 1478 quod
1200 1441 1411 1477 nunquam
1483 1427 1715 1476 loqueretur
1776 1426 1823 1463 de
1880 1425 2053 1464 Ricardo
2108 1426 2155 1463 de

443 1495 556 1533 Clare
613 1497 651 1530 61
708 1493 791 1541 ipse
848 1492 922 1529 hoc
985 1491 1161 1541 juravit:
1240 1493 1278 1528 61
1346 1502 1572 1538 numquam
1639 1491 1777 1537 postea
1843 1487 1996 1536 aliquid
2062 1487 2156 1525 inde

441 1558 600 1595 locutus
648 1555 725 1592 fuit
774 1567 845 1592 1166
884 1554 1036 1603 aliquid
1077 1557 1216 1602 postea
1256 1553 1347 1590 111116
1386 1552 1496 1597 fecit,
1537 1555 1576 1589 et
1616 1551 1692 1588 hoc
1732 1550 1832 1587 bene
1871 1553 1995 1598 patet.
2055 1550 2158 1596 Quia

441 1619 604 1669 quidam
653 1620 864 1663 magnates
911 1615 1033 1654 locuti
1084 1615 1250 1652 fuerunt
1297 1627 1390 1652 cum
1439 1626 1484 1651 60
1523 1614 1569 1650 (16
1619 1612 1834 1660 maritagio
1881 1611 1962 1649 filie
2011 1625 2080 1649 sue
2119 1615 2158 1650 et

443 1683 500 1719 ita
547 1680 651 1730 quod
699 1680 739 1716 111
788 1682 949 1716 tantum
998 1690 1229 1726 processum
1280 1676 1357 1713 fuit
1405 1675 1511 1724 (111011
1562 1675 1702 1712 debuit
1752 1674 1923 1719 affidari,
1974 1676 2013 1711 et
2061 1679 2159 1712 tunc

445 1744 556 1782 venit
600 1741 819 1782 comitissa,
861 1753 959 1777 uxor
1007 1753 1091 1783 sua,
1133 1742 1171 1777 et
1219 1739 1363 1776 cecidit
1413 1738 1463 1775 ad
1511 1737 1630 1786 pedes
1680 1737 1767 1786 ejus
1817 1739 1855 1773 et
1904 1736 2005 1773 dixit
2053 1736 2159 1786 quod

447 1806 531 1844 filia
570 1818 641 1842 sua
681 1807 840 1841 tantum
881 1803 1028 1840 fecerat
1067 1814 1159 1840 611111
1209 1801 1382 1838 Ricardo
1421 1800 1468 1837 de
1509 1799 1609 1837 Clar'
1651 1798 1758 1848 quod
1798 1811 1879 1836 non
1919 1798 2051 1846 potuit
2090 1798 2159 1835 alii

448 1866 640 1917 copulari,
693 1869 731 1903 et
783 1868 944 1913 propter
993 1864 1068 1901 hoc
1118 1875 1199 1900 non
1252 1862 1385 1911 potuit
1439 1865 1535 1899 tunc
1584 1860 1669 1898 filia
1721 1873 1792 1897 sua
1842 1859 2049 1904 maritari;
2103 1862 2161 1898 set

449 1934 611 1980 propter
649 1928 803 1966 dictum
844 1926 979 1964 uxoris
1020 1939 1088 1963 6116
1128 1930 1259 1963 6611116
1299 1937 1383 1961 6666
1423 1936 1504 1960 11011
1544 1925 1675 1971 potest
1723 1926 1861 1959 utrum
1900 1922 2160 1971 maritagium

449 1993 603 2030 factum
635 1991 685 2028 sit
716 1990 820 2027 inter
850 1989 982 2038 ipsum
1019 1987 1237 2025 Ricardum
1269 1990 1307 2024 61
1347 1986 1473 2023 filiam
1509 1998 1639 2022 suam.
1707 1984 1763 2022 Et
1798 1984 1896 2022 dicit
1928 1984 2033 2034 quod
2064 1997 2163 2022 uxor

450 2068 522 2093 sua
569 2054 603 2091 61
652 2053 753 2090 dixit
801 2052 905 2101 quod
955 2050 1217 2099 maritagium
1267 2049 1366 2086 illud
1415 2048 1570 2086 factum
1624 2048 1756 2084 fuerat
1803 2047 1910 2083 inter
1954 2059 2019 2085 606
2058 2047 2163 2096 apud

453 2117 649 2155 Sanctum
702 2113 970 2151 Edmundum
1024 2112 1121 2149 dum
1172 2111 1279 2148 idem
1319 2122 1452 2148 6011166
1492 2108 1677 2146 obsessus
1718 2108 1796 2145 fuit
1835 2107 1941 2156 apud
1973 2108 2163 2145 Merton'.

451 2179 729 2226 Interrogatus
793 2175 966 2224 qualiter
1041 2172 1284 2211 intellexerit
1369 2174 1671 2209 sacramentum
1738 2169 1851 2215 illud,
1909 2169 2006 2207 dicit
2059 2170 2164 2219 quod

452 2241 641 2278 dominus
680 2251 747 2276 rex
795 2237 851 2275 ita
890 2237 1092 2274 intellexit
1131 2235 1236 2285 quod
1277 2233 1656 2283 quietumclamaret
1694 2232 1729 2270 ei
1765 2232 2027 2281 maritagium
2063 2233 2165 2270 illud

452 2306 491 2340 et
520 2302 604 2350 ipse
635 2299 822 2337 similiter
852 2299 908 2336 ita
937 2297 1151 2335 intellexit.
1210 2298 1263 2334 Et
1292 2295 1391 2334 dicit
1420 2295 1527 2344 quod
1556 2295 1596 2331 in
1629 2294 1760 2332 forma
1790 2293 1899 2342 pacis
1928 2293 2031 2332 facte
2062 2295 2167 2332 inter

453 2378 518 2402 eos
559 2363 672 2401 nulla
711 2362 817 2399 facta
857 2361 935 2398 fuit
985 2361 1091 2397 inter
1129 2372 1195 2397 eos
1243 2358 1457 2396 conventio
1508 2358 1555 2394 de
1603 2355 1807 2405 aliquibus
1846 2356 1963 2393 terris
2002 2356 2080 2394 nisi
2120 2357 2167 2395 de

453 2425 677 2477 justiciaria
715 2427 876 2461 tantum
916 2426 954 2460 et
993 2420 1297 2460 constabularia
1326 2419 1446 2458 castri
1478 2419 1639 2464 Dovor',
1670 2431 1746 2468 que
1784 2418 1927 2455 habuit
1956 2418 2006 2455 ad
2040 2419 2166 2456 vitam

456 2502 571 2527 suam
610 2491 649 2525 et
688 2499 763 2536 que
803 2489 942 2535 postea
981 2484 1137 2522 remisit
1185 2483 1351 2521 domino
1391 2481 1486 2531 regi.
1565 2481 1622 2519 Et
1670 2480 1860 2518 dominus
1899 2493 1966 2518 rex
2005 2481 2054 2519 ad
2092 2481 2167 2520 hoc

456 2550 663 2600 respondit
709 2549 815 2598 quod
865 2547 1080 2586 conventio
1125 2546 1203 2583 fuit
1268 2546 1374 2582 inter
1419 2557 1485 2582 eos
1534 2544 1581 2582 de
1628 2543 1744 2581 terris
1783 2543 1824 2580 in
1869 2542 1998 2580 forma
2044 2545 2167 2593 pacis,

456 2618 495 2652 et
561 2613 653 2650 inde
717 2610 894 2648 ostendit
960 2609 1140 2647 rotulum
1209 2607 1456 2646 Cancellarie
1514 2606 1556 2643 in
1615 2619 1693 2655 quo
1750 2605 1982 2643 continetur
2038 2606 2168 2644 forma

456 2676 666 2726 cujusdam
717 2677 824 2712 carte
874 2673 979 2710 facte
1028 2671 1105 2720 ipsi
1145 2670 1298 2709 comiti.
1377 2669 1438 2706 Ad
1477 2669 1583 2718 (111611
1636 2680 1769 2706 comes
1813 2668 2026 2716 respondet
2063 2669 2168 2717 quod

456 2742 564 2777 carta
598 2737 667 2774 illa
702 2736 780 2773 fuit
810 2735 844 2772 ei
876 2733 1118 2772 transmissa
1152 2745 1221 2781 per
1250 2734 1526 2781 precentorem
1560 2730 1771 2768 Hereford’
1805 2732 1864 2767 set
1894 2729 2025 2767 noluit
2055 2730 2166 2768 illam

459 2800 644 2849 recipere.
722 2798 777 2835 Et
825 2809 958 2834 comes
1006 2795 1195 2832 similiter
1243 2793 1448 2843 cognoscit
1486 2793 1593 2842 quod
1632 2792 1821 2830 dominus
1871 2804 1937 2829 rex
1976 2792 2010 2829 61
2050 2792 2165 2837 dixit,

458 2861 618 2911 quando
652 2860 745 2898 fecit
780 2860 1078 2896 sacramentum
1115 2869 1248 2902 suurn,
1282 2855 1387 2905 quod
1422 2867 1503 2892 non
1539 2854 1703 2892 haberet
1737 2853 1907 2902 gratiam
1942 2866 2055 2890 suam
2092 2854 2169 2892 nisi

460 2924 685 2973 predictum
724 2924 1022 2959 sacramentum
1070 2920 1235 2968 juraret.
1321 2918 1418 2955 Post
1462 2917 1573 2954 venit
1612 2929 1744 2954 comes
1793 2920 1832 2953 et
1880 2915 1994 2964 petiit
2041 2916 2167 2953 alium

460 2987 566 3024 diem
596 2985 644 3023 ad
679 2982 981 3022 certificandum
1019 2995 1058 3019 se
1093 2981 1265 3030 plenius,
1298 2983 1342 3018 ut
1382 2980 1430 3017 ad
1464 2979 1570 3016 diem
1605 2979 1720 3016 illum
1750 2977 1885 3016 veniat
1914 2980 1952 3015 et
1981 2977 2170 3016 deliberet

461 3047 721 3096 niaritagium
770 3045 883 3085 illud,
933 3045 966 3081 si
1015 3043 1174 3092 poterit,
1224 3042 1388 3091 precise,
1429 3044 1482 3086 et,
1523 3041 1555 3078 si
1604 3054 1685 3078 non
1735 3039 1894 3089 poterit,
1943 3040 2047 3089 quod
2095 3040 2170 3078 hoc

461 3109 692 3148 emendabit
740 3107 962 3145 secundum
1014 3105 1376 3143 considerationem
1430 3103 1589 3152 parium
1643 3116 1822 3140 suorum.
1909 3102 2004 3139 Dies
2052 3102 2168 3139 datus

461 3176 520 3210 est
559 3171 594 3209 ei
632 3171 737 3219 apud
776 3169 905 3206 Lond’
938 3168 979 3204 in
1018 3166 1170 3204 octabis
1212 3166 1351 3205 Sancti
1391 3165 1554 3202 Hillarii
1596 3168 1634 3202 et
1673 3177 1806 3202 comes
1844 3164 2026 3202 concedit
2065 3164 2169 3213 quod

463 3234 693 3272 ulteriorem
732 3244 813 3268 non
854 3233 992 3280 queret
1030 3229 1279 3267 dilationem.

572 3323 655 3358 Rex
689 3317 985 3356 venerabilibus
1018 3317 1059 3352 in
1095 3316 1255 3354 Christo
1289 3314 1471 3365 patribus
1502 3314 1711 3357 universis,
1737 3313 1810 3350 Dei
1845 3312 1987 3361 gratia,
2020 3312 2169 3350 archie-

462 3383 648 3433 piscopis,
703 3380 913 3430 episcopis,
966 3378 1177 3416 abbatibus
1231 3381 1269 3415 et
1326 3377 1538 3426 prioribus,
1592 3380 1631 3413 et
1683 3375 1840 3412 dilectis
1892 3377 1931 3412 et
1987 3374 2171 3413 fidelibus

497 3461 511 3489 L<
554 3475 571 3492 τι
