2375 3587
214 223 281 263 26⁴

274 353 414 399 1236.

270 420 329 458 [m.
348 417 414 457 13.]

1147 226 1330 269 CLOSE
1366 225 1568 268 ROLLs.

511 419 654 457 debitis
702 434 777 470 que
829 421 944 460 nobis
993 422 1120 468 debet,
1172 422 1424 460 concedendo
1475 421 1509 458 ei
1555 420 1749 459 terminos
1801 417 2033 468 prolixiores
2085 429 2205 465 quam

511 494 636 527 nune,
658 482 789 528 habet,
825 487 862 521 et
899 488 942 521 ut
975 485 1112 522 minus
1150 484 1298 522 solvere
1336 486 1470 532 posset
1508 483 1557 520 ad
1596 481 1789 520 terminos
1822 480 1913 518 illos
1943 491 2064 528 quam
2097 477 2207 526 prius

511 543 661 581 solvere
702 545 922 583 consuevit.
1016 546 1096 584 Nos
1135 549 1270 583 autem
1319 558 1389 594 pro
1435 544 1620 593 expensis
1668 543 1749 581 suis
1797 542 1975 580 onerosis
2022 540 2057 578 ei
2102 540 2207 577 hanc

510 605 680 653 gratiam
720 606 754 643 ei
796 609 876 657 (sic)
927 608 1198 645 concessimus
1245 608 1349 656 quod
1389 610 1612 655 respectum
1653 604 1798 642 habeat
1845 604 1892 641 de
1940 602 2121 641 ducentis
2169 605 2206 640 et

509 666 803 716 quinquaginta
853 669 997 706 marcis
1036 682 1134 718 quas
1174 669 1288 706 nobis
1336 668 1500 706 solvisse
1547 667 1683 705 debuit
1733 666 1780 704 ad
1829 665 1983 703 Pascha
2029 665 2208 713 proximo

510 729 744 777 preteritum
796 743 902 768 anno
952 731 1062 779 regni
1112 730 1239 768 nostri
1292 744 1356 768 xx.
1403 733 1441 768 et
1491 730 1538 767 de
1587 728 1771 766 ducentis
1829 730 1868 765 et
1915 726 2208 776 quinquaginta

511 790 656 827 marcis
694 791 808 829 nobis
846 792 989 830 debitis
1026 793 1075 829 ad
1115 794 1263 830 festum
1313 793 1450 830 Sancti
1498 790 1706 829 Michaelis
1754 802 1860 827 anno
1908 789 2045 827 eodem
2084 801 2208 837 usque

511 852 559 888 ad
609 852 764 890 Pascha
811 867 918 891 anno
974 854 1085 902 regni
1144 854 1270 891 nostri
1330 853 1439 903 xxij.‚
1486 854 1543 891 ita
1587 853 1691 902 quod
1748 856 1843 889 tunc
1900 850 2038 888 reddat
2094 849 2209 887 nobis

511 913 704 952 ducentas
751 919 790 953 et
842 915 1137 964 quinquaginta
1192 928 1347 953 marcas
1396 919 1434 953 et
1484 916 1539 953 sic
1586 915 1633 952 de
1681 913 1853 951 termino
1900 913 1941 949 in
1989 911 2208 949 terminum

511 975 704 1013 ducentas
771 981 809 1014 et
883 977 1178 1026 quinquaginta
1235 990 1402 1022 marcas,
1462 977 1563 1015 sicut
1620 976 1730 1025 prius
1788 975 1938 1012 solvere
1994 972 2209 1010 debuisset.

512 1037 566 1074 Et
605 1037 692 1075 ideo
730 1037 840 1076 vobis
878 1039 1119 1077 mandamus
1149 1039 1254 1088 quod
1286 1039 1414 1077 eidem
1450 1038 1621 1077 Ricardo
1657 1040 1882 1086 respectum
1916 1035 2031 1072 illum
2066 1034 2209 1072 habere

511 1099 682 1137 faciatis.

618 1186 672 1224 Et
711 1187 948 1224 mandatum
983 1192 1041 1225 est
1077 1188 1260 1226 Galfrido
1293 1188 1339 1226 de
1376 1187 1580 1233 Turevssl',
1621 1185 1903 1224 archidiacono
1955 1182 2209 1227 Dublinensi‚

512 1248 759 1286 thesaurario
798 1248 991 1287 Hibernie
1021 1250 1125 1299 quod
1156 1250 1210 1288 sic
1241 1250 1325 1287 fieri
1355 1253 1393 1288 et
1423 1248 1633 1287 inrotulari
1665 1248 1798 1286 faciat.
1858 1247 1974 1284 Teste
2012 1249 2056 1283 ut
2077 1258 2209 1294 supra.

624 1362 696 1397 l'm
738 1365 853 1409 syxto
897 1362 1336 1399 ltmma›vn—Dominus
1376 1374 1442 1399 rex
1481 1361 1589 1398 dedit
1629 1359 1835 1398 licenciam
1875 1358 1989 1397 Sixto
2028 1358 2210 1396 Romano

511 1423 777 1460 concordandi
816 1437 907 1461 cum
957 1424 1095 1462 Aricia
1143 1424 1261 1462 Pech'
1312 1424 1358 1461 de
1412 1428 1541 1472 raptu,
1581 1423 1686 1460 unde
1724 1422 1811 1471 ipsa
1848 1434 1939 1458 eum
1978 1419 2208 1469 appellavit.

512 1484 567 1522 Et
624 1485 862 1522 mandatum
919 1491 977 1523 est
1024 1485 1327 1524 vicecomitibus
1386 1486 1514 1523 Lond’
1571 1485 1676 1534 quod
1724 1484 1763 1521 id
1820 1482 1905 1521 fieri
1957 1482 2208 1531 permittant.

513 1547 629 1584 Teste
668 1551 711 1584 ut
751 1560 882 1596 supra.

620 1651 697 1686 Pro
756 1651 862 1687 l'etro
918 1652 1458 1689 (irimhaadst—”Mandatum
1508 1654 1567 1688 est
1615 1648 1841 1688 vicecomiti
1885 1647 2054 1686 Eboraci
2105 1647 2208 1697 quod

512 1711 631 1749 faciat
678 1711 822 1749 habere
870 1712 988 1750 Petro
1028 1713 1251 1751 Grimbaud
1292 1713 1492 1760 arreragia
1532 1726 1603 1750 sua
1641 1712 1681 1749 in
1721 1710 1901 1748 manerio
1940 1711 1987 1748 de
2027 1709 2205 1747 Driffeud

511 1773 557 1810 de
605 1779 782 1822 tempore
830 1787 908 1823 quo
956 1775 1182 1812 manerium
1233 1776 1330 1812 illud
1381 1776 1459 1813 fuit
1498 1775 1539 1812 in
1589 1787 1712 1812 manu
1761 1787 1832 1811 sua
1871 1786 1939 1821 per
1975 1776 2204 1821 preceptum

512 1835 626 1884 regis.
686 1836 740 1873 Et
789 1848 869 1873 non
918 1837 1112 1885 impediat
1160 1851 1230 1875 nec
1280 1838 1464 1886 impediri
1514 1836 1723 1883 permittat
1761 1835 1986 1885 predictum
2024 1835 2204 1883 Petrum,

511 1897 725 1946 quominus
757 1897 882 1945 possit
912 1898 1055 1935 habere
1090 1898 1256 1936 liberam
1291 1899 1657 1937 aministrationem
1689 1897 1926 1935 catallorum
1962 1909 2124 1933 suorum
2165 1895 2204 1932 in

511 1959 690 1996 manerio
730 1959 970 2008 supradicto·

620 2063 788 2111 Notiny’,
829 2066 870 2099 tle
909 2066 1088 2101 tradendo
1122 2066 1159 2101 in
1192 2064 1664 2102 ballium.—Mandatum
1698 2067 1756 2101 est
1786 2061 2008 2101 vicecomiti
2041 2062 2204 2111 Noting'

509 2125 613 2173 quod
652 2125 684 2162 si
719 2125 925 2163 -Johannes
963 2126 1009 2163 de
1049 2126 1228 2174 Plesset',
1270 2131 1410 2176 captus
1449 2132 1488 2164 et
1526 2126 1712 2164 detentus
1750 2125 1791 2162 in
1826 2124 1988 2174 prisona
2021 2124 2125 2174 regis
2159 2124 2205 2162 de

511 2187 673 2236 Noting⁷
714 2201 783 2235 pro
820 2187 972 2225 roheria
1010 2195 1048 2225 et
1083 2201 1177 2237 pace
1219 2189 1321 2238 regis
1360 2189 1500 2234 fracta,
1542 2188 1646 2226 unde
1684 2189 1855 2225 rettatus
1894 2189 1966 2231 est,
2008 2186 2205 2224 invenerit

508 2248 541 2286 ei
591 2250 659 2299 xij.
709 2249 853 2288 liberos
900 2256 937 2287 et
985 2250 1131 2299 legales
1180 2251 1364 2289 homines
1413 2251 1459 2288 de
1509 2251 1703 2289 comitatu
1750 2262 1821 2287 suo
1860 2249 1920 2287 vel
1958 2249 2119 2287 aliunde
2157 2249 2203 2286 de

509 2311 649 2349 vicinis
697 2311 968 2357 comitatibus,
1018 2313 1086 2361 qui
1133 2326 1225 2350 eum
1272 2313 1559 2362 manucapient
1607 2311 1751 2350 habere
1799 2324 1932 2350 coram
1971 2311 2203 2361 justiciariis

508 2373 610 2422 regis
661 2374 709 2411 ad
759 2374 930 2423 primam
981 2375 1149 2413 assisam
1201 2381 1275 2413 etc.
1330 2375 1378 2412 ad
1419 2375 1609 2413 standum
1650 2374 1741 2412 inde
1776 2377 1894 2419 recto,
1933 2377 2030 2412 tunc
2069 2374 2200 2423 ipsum

508 2435 737 2473 Johannem
785 2437 864 2473 illis
913 2437 980 2487 xij.
1031 2438 1160 2475 tradat
1209 2437 1248 2474 in
1299 2436 1480 2482 ballium,
1531 2437 1634 2475 sicut
1673 2436 1896 2485 predictum
1949 2439 2021 2474 est.
2087 2436 2203 2473 Teste

508 2510 596 2546 rege
637 2497 741 2546 apud
781 2498 1003 2543 Mortelak‘,
1045 2499 1096 2536 ix.
1137 2498 1199 2536 die
1239 2498 1349 2543 Maii,
1390 2511 1459 2547 per
1498 2498 1560 2536 W.
1601 2498 1647 2536 (16
1687 2497 1812 2535 Rael'.

619 2603 1197 2650 lte1]marellis.—-Mandatum
1250 2606 1309 2640 est
1366 2601 1664 2641 constabulario
1721 2602 1859 2639 Turris
1915 2602 2043 2639 Lond'
2096 2601 2201 2651 quod

510 2664 585 2713 [de]
640 2664 829 2713 quarellis
877 2664 943 2713 qui
994 2669 1087 2702 sunt
1140 2665 1181 2701 in
1232 2665 1347 2701 Turi-i
1400 2664 1577 2712 predicta
1634 2664 1674 2701 in
1726 2663 1908 2701 custodia
1957 2677 2028 2701 sua
2080 2663 2200 2701 faciat

505 2724 649 2763 habere
679 2725 854 2763 Henrico
881 2724 928 2763 de
955 2725 1185 2764 Trublevill'
1223 2726 1332 2763 mille
1362 2725 1559 2776 quarellos
1594 2725 1846 2763 inflechiatos
1876 2728 1913 2762 et
1946 2725 2201 2773 inpennatos.

506 2787 622 2825 Teste
660 2791 704 2824 ut
743 2800 875 2836 supra.

613 2891 668 2927 De
701 2890 1274 2937 probatoribus.—Mandatum
1313 2895 1371 2929 est
1411 2890 1708 2929 constabulario
1746 2890 1865 2928 castri
1905 2889 2057 2928 Oxonie
2095 2890 2199 2939 quod

507 2951 756 2988 Willelmum
797 2952 891 2996 Noc,
943 2951 1195 2999 probatorem
1245 2965 1376 2998 suum,
1424 2965 1541 3001 quem
1591 2952 1785 2990 Ricardus
1832 2952 1879 2989 de
1928 2951 2126 2989 Harecurt
2164 2952 2199 2989 ei

504 3012 660 3050 liberari
699 3013 832 3057 faciet,
875 3013 1039 3061 recipiat
1087 3018 1125 3051 et
1174 3014 1283 3052 salvo
1332 3014 1546 3058 custodiat,
1594 3015 1718 3052 donec
1757 3013 1945 3051 dominus
1984 3025 2050 3050 rex
2088 3013 2196 3051 aliud

504 3075 596 3113 inde
634 3075 864 3124 preceperit.
942 3075 1057 3113 Teste
1096 3080 1141 3113 ut
1178 3089 1309 3125 supra.

612 3179 666 3215 De
721 3179 919 3226 quercubus
975 3179 1388 3217 ‹latia—Mandatum
1456 3181 1515 3217 est
1580 3177 1877 3217 constabulario
1934 3178 1980 3215 de
2048 3178 2196 3216 Sancto

504 3239 704 3278 Briavello
751 3239 855 3288 quod
912 3239 1055 3278 habere
1103 3240 1223 3278 faciat
1273 3241 1319 3279 R.
1369 3241 1506 3279 comiti
1556 3240 1731 3278 Pictavie
1778 3244 1815 3277 et
1864 3238 2078 3284 Cornubie,
2128 3253 2192 3278 xx.

502 3315 669 3352 quercus
726 3301 766 3339 in
825 3302 972 3339 foresta
1027 3302 1073 3340 de
1132 3302 1233 3340 Den'
1290 3303 1338 3340 ad
1390 3303 1529 3341 domos
1598 3315 1689 3340 suas
1741 3302 1787 3339 de
1846 3300 2059 3339 Thornbir’
2119 3315 2193 3351 que

502 3361 706 3402 combuste
747 3363 910 3402 fuerunt
950 3364 1202 3414 reparandas.
1282 3364 1479 3403 Teste'ut
1520 3376 1653 3413 supra.
