2375 3587
223 204 306 246 312

286 327 429 373 1236.

292 392 353 433 [m.
373 393 422 431 3.]

1153 208 1337 252 CLOSE
1382 207 1586 252 ROLLs.

631 405 982 452 Hgshernia.—Rex
1004 405 1230 455 justiciario
1263 405 1468 454 Hybernie
1496 408 1535 442 et
1563 404 1614 442 G.
1644 405 1692 442 de
1720 403 1953 448 Thurevill',
1976 402 2225 440 thesaurario

521 464 776 511 Dublinensi,
817 466 1001 504 salutem.
1078 467 1186 505 Bene
1225 466 1356 515 placet
1390 466 1505 504 nobis
1543 466 1648 515 quod
1681 465 1908 503 Willelmus
1947 463 2223 502 Bartholomei

521 530 666 564 terram
722 528 834 565 illam
890 542 966 578 que
1022 529 1099 566 fuit
1167 529 1376 577 cujusdam
1453 527 1745 578 Hyberniensis
1801 527 1842 565 in
1900 527 2128 565 Balitarsne
2184 529 2222 564 et

520 588 757 627 Mamehove
794 590 909 639 juxta
947 590 1193 639 Dungarvan
1229 593 1363 628 teneat
1401 591 1449 628 ad
1488 590 1648 627 firmam
1686 602 1757 638 pro
1789 603 1826 626 x.
1863 589 2009 627 marcis
2061 587 2220 632 annuis,

520 650 623 688 sicut
652 650 763 688 illam
795 652 1016 690 tradidistis
1044 652 1091 689 de
1122 652 1291 690 consilio
1321 652 1577 701 quorundam
1608 651 1796 689 fidelium
1829 653 2073 695 nostrorum,
2109 653 2228 699 prout

521 711 636 750 nobis
674 713 943 762 significastis,
982 714 1107 752 donec
1147 714 1196 752 ad
1244 718 1377 763 partes
1426 714 1517 752 illas
1564 713 1805 752 venerimus.
1882 712 2042 751 Cartam
2087 714 2222 750 autem

521 777 702 811 nostram
748 775 797 812 ad
844 788 1005 823 presens
1053 776 1087 813 ei
1149 776 1278 814 facere
1325 776 1529 814 noluimus
1576 776 1623 813 de
1662 778 1768 813 terra
1827 774 1896 813 illa
1954 774 2002 812 ad
2060 773 2221 811 firmam

520 839 753 884 perpetuam
802 837 976 874 tenenda
1031 840 1248 886 antequam
1298 837 1561 886 personaliter
1608 837 1817 875 veniamus
1867 835 1908 873 in
1956 835 2221 886 Hyberniam,

520 898 625 946 quod
663 898 737 935 erit
774 898 894 936 dante
928 899 1092 937 domino
1136 899 1177 937 in
1228 899 1422 949 proximo,
1463 903 1501 937 et
1551 902 1649 937 tunc
1698 899 1790 937 inde
1835 902 1874 937 et
1922 898 2011 936 aliis
2059 897 2222 947 agendis

521 960 669 998 nostris
707 960 900 998 faciemus
939 962 1043 1010 quod
1078 961 1296 1000 viderimus
1328 962 1526 1011 expedire.
1587 962 1703 1000 Teste
1738 975 1828 1011 rege
1861 961 1968 1010 apud
2002 960 2221 1006 Alverton',

521 1021 572 1059 ix.
613 1021 676 1059 die
717 1021 978 1072 Septembris.

633 1144 686 1179 Im
721 1145 922 1191 quervnbus
960 1144 1374 1183 dame-Mandatum
1406 1148 1467 1183 est
1498 1144 1677 1183 Johaniii
1707 1145 1755 1183 de
1803 1145 1962 1191 Nevill',
2003 1143 2223 1194 justiciario

523 1205 680 1250 foreste,
712 1205 815 1253 quod
854 1205 895 1243 in
930 1205 1077 1244 foresta
1115 1207 1162 1244 de
1198 1207 1388 1245 Gauteriz
1420 1207 1541 1245 faciat
1572 1206 1718 1245 habere
1749 1206 1884 1245 abbati
1923 1207 2069 1246 Sancte
2100 1206 2226 1244 Marie

524 1266 695 1305 Eboraci
734 1281 798 1305 xx.
837 1280 1006 1316 quercus
1043 1269 1090 1306 de
1129 1269 1232 1307 dono
1272 1269 1374 1318 regis
1424 1269 1473 1306 ad
1522 1269 1862 1307 reedificationem
1901 1268 2224 1307 molendinorum

524 1342 687 1367 suorum
726 1343 800 1378 que
840 1343 966 1379 nuper
1004 1331 1216 1370 combusta
1255 1332 1433 1370 fuerunt.
1511 1332 1627 1369 Teste
1675 1345 1763 1380 rege
1813 1332 1918 1380 apud
1958 1331 2223 1375 Dunelmum,

524 1392 577 1441 xj.
618 1392 679 1429 die
722 1392 981 1441 Septembris.

635 1513 711 1548 Fr„
741 1513 866 1549 Alana
901 1514 942 1549 de
972 1514 1267 1552 Nerill’.-—Rex
1289 1513 1506 1552 baronibus
1525 1514 1572 1552 de
1594 1513 1816 1559 Scaccario,
1838 1513 2027 1552 salutem.
2079 1513 2224 1552 Sciatis

526 1586 598 1611 nos
636 1574 876 1611 concessisse
914 1578 952 1612 et
999 1580 1109 1612 carta
1154 1579 1291 1614 nostra
1339 1575 1600 1614 confirmasse
1648 1589 1719 1625 pro
1766 1574 1879 1613 nobis
1927 1578 1965 1612 et
2012 1574 2225 1614 heredibus

524 1635 672 1672 nostris
702 1635 830 1673 Alano
859 1635 905 1672 de
936 1636 1078 1673 Nevill'
1111 1640 1257 1675 terram
1288 1650 1379 1675 cum
1415 1637 1670 1686 pertinentiis
1700 1650 1774 1686 que
1805 1637 1880 1674 fuit
1910 1637 2033 1683 Petri,
2065 1636 2225 1675 comitis

527 1696 750 1741 Brit-annis,
792 1697 832 1734 in
872 1697 1053 1747 Hynton’
1094 1698 1320 1736 habendam
1360 1703 1398 1736 et
1437 1699 1653 1737 tenendam
1689 1699 1736 1737 de
1775 1698 1891 1737 nobis
1933 1702 1971 1736 et
2012 1697 2224 1737 heredibus

525 1759 673 1796 nostris
723 1759 850 1797 eidem
890 1760 1018 1798 Alano
1056 1764 1094 1798 et
1133 1760 1344 1799 heredibus
1383 1762 1464 1799 suis
1503 1762 1628 1800 donec
1667 1774 1739 1799 nos
1788 1761 1849 1799 vel
1888 1761 2050 1799 heredes
2098 1761 2225 1799 nostri

526 1834 613 1858 eam
651 1821 939 1860 reddiderimus
987 1823 1104 1860 rectis
1152 1823 1365 1861 heredibus
1412 1837 1481 1872 per
1526 1823 1776 1861 voluntatem
1825 1826 2003 1861 nostram
2051 1823 2111 1861 vel
2159 1836 2227 1873 per

526 1895 678 1930 pacem,
719 1883 917 1921 reddendo
956 1883 1048 1921 inde
1087 1883 1203 1922 nobis
1242 1887 1280 1922 et
1318 1883 1532 1922 heredibus
1571 1884 1719 1922 nostris
1757 1884 1969 1922 annuatim
2000 1885 2046 1921 ad
2077 1885 2225 1922 festum

528 1944 664 1982 Sancti
722 1944 930 1982 Michaelis
1009 1959 1134 1983 unum
1202 1959 1273 1995 par
1350 1946 1566 1984 calcarium
1632 1947 1915 1984 deauratorum
1982 1960 2052 1996 pro
2116 1947 2227 1985 omni

526 2006 703 2044 servicio.
763 2006 816 2044 Et
856 2007 886 2043 si
928 2008 1028 2045 forte
1080 2011 1226 2046 terrani
1267 2009 1488 2057 predictam
1529 2021 1600 2046 nos
1639 2008 1700 2046 vel
1739 2008 1903 2046 heredes
1933 2008 2061 2046 nostri
2109 2009 2226 2047 rectis

527 2068 739 2105 heredibus
814 2069 1102 2107 reddiderimus
1159 2083 1228 2119 per
1290 2070 1541 2108 voluntatem
1600 2074 1780 2108 nostram
1836 2070 1897 2107 vel
1960 2083 2029 2119 per
2085 2083 2224 2120 pacem

527 2130 750 2178 predictum
792 2130 966 2168 Alanum
1007 2132 1067 2169 vel
1106 2132 1270 2169 heredes
1309 2145 1401 2170 suos
1438 2132 1530 2169 inde
1574 2144 1655 2170 non
1694 2131 1968 2170 dissaisiemus
2007 2135 2225 2182 antequam

527 2191 763 2230 rationabile
812 2192 1058 2230 escambium
1111 2194 1290 2243 ejusdem
1331 2198 1434 2232 terre
1473 2194 1528 2232 eis
1567 2193 1792 2231 fecerimus.
1869 2193 1926 2232 Et
1978 2194 2065 2231 ideo
2115 2194 2226 2233 vobis

528 2254 768 2292 mandamus
819 2255 923 2303 quod
978 2255 1033 2293 sic
1084 2256 1295 2294 inrotulari
1347 2256 1518 2294 faciatis.
1599 2255 1715 2294 Teste
1763 2269 1854 2305 rege
1906 2257 2013 2306 apud
2066 2257 2225 2295 Novum

526 2317 710 2353 Castrum
751 2329 868 2365 super
907 2316 1076 2366 Tyriam,
1118 2318 1186 2367 xij.
1227 2318 1290 2356 die
1331 2317 1593 2367 Septembris.

636 2401 873 2440 Mandatum
913 2406 972 2440 est
1012 2403 1166 2441 Thome
1204 2404 1250 2441 de
1291 2403 1487 2441 Muleton'
1531 2403 1636 2453 quod
1665 2403 1707 2441 in
1743 2403 1890 2442 foresta
1919 2404 1967 2442 de
1997 2404 2223 2454 Englewud

527 2463 648 2501 faciat
696 2464 841 2502 habere
880 2464 1090 2503 Fratribus
1129 2465 1452 2504 Predicatoribus
1501 2465 1548 2503 de
1603 2465 1783 2504 Carleolo
1835 2480 1898 2503 xx.
1957 2479 2126 2515 quercus
2175 2467 2224 2504 ad

526 2525 683 2564 edificia
721 2539 793 2563 sua
832 2526 1014 2565 facienda
1053 2527 1100 2565 de
1138 2527 1243 2566 dono
1277 2527 1394 2577 regis.

647 2659 723 2694 Pro
785 2659 978 2694 viridariis·
1043 2660 1172 2697 ssu-este
1238 2657 1802 2696 Aorh11›ninia—Mandatum
1871 2664 1931 2696 est
2001 2659 2226 2698 vicecomiti

529 2718 797 2757 Norhumbrie
837 2719 941 2768 qnod
980 2719 1189 2757 viridarios
1220 2720 1365 2758 foreste
1395 2719 1663 2757 Norhumbrie
1703 2733 1783 2757 non
1824 2724 1948 2769 ponat
1989 2721 2030 2758 in
2070 2721 2221 2767 assisis,

527 2781 671 2830 juratis
709 2781 771 2818 vel
810 2780 1165 2829 recognitionibus,
1207 2794 1278 2830 pro
1305 2781 1461 2830 >quibus
1494 2785 1675 2830 oporteat
1726 2794 1791 2819 eos
1844 2782 1948 2820 exire
1987 2783 2225 2821 comitatum

528 2843 765 2891 predictum,
806 2855 897 2880 cum
936 2842 1115 2880 viridarii
1153 2843 1283 2881 nostri
1322 2843 1544 2881 secundum
1591 2843 1759 2881 assisam
1816 2847 1854 2881 et
1892 2845 2226 2883 consuetudinem

528 2904 672 2942 foreste
712 2917 792 2941 non
831 2903 1000 2941 debeant
1039 2904 1133 2953 poni
1168 2905 1209 2942 in
1249 2905 1382 2955 aliqua
1420 2905 1558 2950 assisa,
1599 2905 1732 2955 jurata
1769 2906 1832 2943 vel
1862 2906 2149 2955 recognitione,
2180 2921 2226 2946 eo

528 2966 632 3014 quod
681 2968 838 3014 oportet
886 2978 951 3003 eos
998 2966 1127 3004 officio
1176 2979 1247 3004 suo
1286 2967 1327 3003 in
1382 2967 1488 3004 dicta
1538 2967 1687 3004 foresta
1737 2968 1961 3005 necessario
2000 2968 2223 3007 intendere.

530 3027 646 3065 Teste
684 3039 775 3076 rege
813 3027 918 3076 apud
957 3027 1115 3080 Novum
1157 3029 1342 3066 Castrum
1382 3041 1502 3077 super
1541 3028 1696 3078 Tynam
1735 3029 1815 3078 xvj.
1853 3029 1915 3066 die
1958 3029 2222 3078 Septembris.

638 3157 692 3192 De
748 3157 896 3192 b'remi'is
947 3156 1452 3203 capz‘mzdis.-—Mandatum
1505 3159 1564 3193 est
1624 3156 1849 3194 vicecomiti
1897 3156 2073 3196 Eboraci
2120 3158 2224 3208 quod

528 3217 658 3266 capiat
697 3217 750 3254 xl.
791 3217 976 3255 matrices
1011 3216 1182 3255 bremias
1221 3218 1263 3255 in
1303 3217 1454 3256 vivario
1493 3217 1540 3255 de
1589 3217 1701 3255 Foss‘
1751 3218 1801 3255 ad
1839 3230 1938 3266 opus
1986 3218 2023 3256 J.
2064 3219 2224 3257 comitis

529 3279 658 3324 Linc’,
688 3279 737 3316 ad
776 3278 972 3316 vivarium
1013 3291 1131 3316 suum
1168 3279 1215 3317 de
1254 3279 1383 3317 Ponte
1422 3279 1566 3317 Fracto
1600 3279 1924 3317 instaurandum.
1984 3280 2099 3319 Teste
2137 3294 2226 3331 rege

527 3341 633 3389 apud
667 3340 934 3386 Dunolmum,
977 3340 1056 3380 xix.
1094 3340 1157 3378 die
1207 3339 1471 3390 Septembris.
