2375 3587
142 325 283 372 1236.

139 389 286 430 [m.7‹1.]

1016 211 1072 250 20
1112 209 1318 250 HENRY
1360 210 1440 251 ΠΙ.
1999 213 2081 252 369

484 403 806 442 Εείσθετν’.-Ινο
844 405 891 442 de
925 405 1057 443 Veteri
1092 405 1222 443 Ponte
1253 406 1475 443 attornavit
1512 405 1763 444 Willelmum
1798 406 1845 444 de
1881 405 2079 455 Orogelyn

375 466 414 502 et
454 464 704 503 Willelmum
742 467 789 504 de
828 466 1036 505 Kirketon'
1076 467 1117 504 in
1158 467 1317 516 loquela
1356 480 1432 516 que
1480 470 1540 505 est
1586 467 1690 505 inter
1740 468 1994 517 Stephanum
2034 467 2081 505 de

377 525 531 563 Anvers
587 530 807 576 petentem,
861 531 901 566 et
948 529 1224 567 Alexandrum
1292 529 1433 567 Bacun
1500 532 1720 575 tenentem,
1788 530 1836 567 de
1902 529 2080 578 quinque

375 586 541 636 virgatis
588 591 690 626 terre
737 593 776 627 et
824 603 892 629 sex
940 590 1121 629 solidatis
1170 591 1350 629 redditus
1400 603 1492 629 cum
1531 591 1786 639 pertinentiis
1825 591 1866 628 in
1908 592 2077 629 Frolles-

375 650 535 696 wurth',
577 651 682 688 unde
718 652 825 690 idem
864 652 1089 690 Alexander
1136 652 1292 691 vocavit
1340 652 1475 701 ipsum
1523 653 1691 690 Ivonem
1738 653 1787 690 ad
1835 657 2076 699 warantum,

376 711 445 760 qui
484 711 519 749 ei
558 713 853 753 warantizavit.
930 714 1046 752 Teste
1086 727 1175 763 rege
1213 714 1320 763 apud
1359 715 1528 761 Persor',
1568 714 1697 764 xxiiij.
1737 714 1801 752 die
1839 714 1952 752 Julii.

483 825 539 861 De
586 825 762 862 „Iohanne
806 826 1091 873 Blancbully.——
1109 825 1348 863 Mandatum
1396 827 1456 863 est
1512 824 1741 863 vicecomiti
1799 824 1916 863 Berk’
1975 825 2078 874 quod

378 885 608 936 ubicunque
656 886 864 925 Johannes
903 886 1129 937 Blancbuly
1177 887 1367 925 inventus
1406 887 1529 925 fuerit
1567 887 1609 924 in
1649 886 1770 925 ballia
1810 900 1894 933 sua,
1936 900 2078 936 corpus

379 960 498 985 suum
537 948 704 987 arestari
734 949 855 986 faciat
895 951 933 986 et
972 949 1082 987 salvo
1122 949 1316 987 custodiri
1365 949 1492 988 donec
1531 949 1633 987 illud
1671 949 1753 998 regi
1794 949 1893 988 scire
1941 949 2079 987 fecerit

375 1012 414 1048 et
467 1022 536 1047 rex
588 1010 680 1048 inde
728 1011 982 1049 voluntatem
1025 1024 1140 1049 suam
1188 1011 1223 1049 ei
1275 1011 1374 1051 scire
1432 1011 1584 1050 fecerit.
1658 1011 1774 1050 Teste
1826 1024 1916 1061 rege
1969 1011 2074 1060 apud

375 1071 548 1117 Persor‘,
590 1072 698 1123 xxvj.
739 1072 800 1110 die
835 1072 949 1110 Julii.

481 1150 636 1189 Eodem
702 1151 821 1189 modo
887 1152 1128 1191 mandatum
1190 1155 1250 1191 est
1310 1151 1615 1191 vicecomitibus
1676 1151 1797 1198 Suht,
1862 1151 2075 1197 Cornubie,

373 1212 566 1259 Devonie,
606 1216 645 1252 et
684 1212 844 1251 ballivis
886 1213 1003 1253 Suht'
1047 1228 1118 1264 pro
1156 1214 1295 1253 eodem
1335 1213 1510 1263 negotio.
1571 1213 1688 1252 Teste
1727 1216 1772 1251 ut
1811 1226 1942 1263 supra.

486 1336 642 1383 U'allia,
683 1339 726 1374 de
764 1339 1010 1375 dictatoribus
1049 1335 1330 1384 troium—Rex
1364 1334 1510 1372 dilecto
1545 1334 1662 1372 fratri
1696 1337 1735 1372 et
1774 1334 1883 1372 fideli
1923 1347 1994 1372 suo
2027 1334 2075 1372 L.

374 1395 545 1446 principi
604 1398 650 1436 de
707 1399 943 1446 Abberfrau‚
1002 1398 1164 1436 domino
1222 1396 1445 1441 Snaudon',
1504 1396 1691 1434 salutem.
1770 1395 1916 1435 Sciatis
1972 1396 2077 1445 quod

374 1459 664 1498 constituimus
712 1460 988 1499 venerabiles?³
1035 1463 1168 1510 patres
1215 1459 1263 1497 R.
1304 1458 1644 1496 Herefordensem
1684 1460 1723 1496 et
1762 1458 2076 1495 Landavensem

372 1521 578 1570 episcopos
635 1525 674 1560 et
726 1523 893 1561 dilectos
949 1525 987 1561 et
1044 1522 1182 1560 fideles
1234 1523 1394 1559 nostros
1451 1520 1675 1558 Walterum
1732 1520 1779 1557 de
1837 1519 2074 1557 Baskervill'

371 1585 409 1620 et
467 1583 717 1622 Willelmum
774 1585 905 1622 filium
964 1584 1120 1622 Warini
1176 1583 1218 1620 in
1272 1581 1456 1632 partibus
1516 1582 1768 1627 Suthwallie‚
1817 1584 1856 1620 et
1913 1582 2078 1620 dilectos

371 1644 508 1683 fideles
546 1649 707 1684 nostros
747 1647 971 1685 Henricum
1009 1646 1057 1683 de
1104 1645 1364 1693 Alditheleg'‚
1405 1644 1629 1682 Fulconem
1669 1643 1801 1681 filium
1843 1643 2000 1681 Warini
2038 1646 2077 1681 et

373 1706 594 1745 Hervicum
645 1709 785 1758 Bagod
825 1709 867 1746 in
914 1708 1095 1758 partibus
1144 1706 1422 1752 Northwallie‚
1480 1706 1698 1744 dictatores
1754 1709 1891 1755 treuge
1947 1719 2077 1754 nuper

372 1772 484 1818 capte
523 1769 629 1808 inter
675 1783 749 1809 nos
796 1774 836 1809 et
882 1784 951 1809 vos
990 1784 1012 1808 a
1058 1770 1160 1808 festo
1210 1768 1351 1808 Sancti
1391 1767 1532 1806 Jacobi
1581 1768 1765 1817 Apostoli
1809 1780 1916 1805 anno
1964 1767 2077 1816 regni

370 1832 499 1869 nostri
551 1832 742 1871 vicesimo
782 1846 906 1882 usque
954 1832 996 1870 in
1045 1845 1173 1870 unum
1221 1843 1390 1877 annum,
1441 1831 1490 1868 ad
1530 1830 1830 1868 emendandum
1879 1830 2073 1879 intercep-

371 1895 504 1935 tiones
542 1907 618 1943 que
666 1894 766 1933 fient
815 1908 862 1933 ex
913 1897 1025 1944 parte
1077 1896 1216 1931 nostra
1264 1895 1405 1931 contra
1455 1894 1640 1942 treugam
1686 1891 1910 1941 predictam
1949 1894 1988 1929 et
2027 1892 2077 1929 ad

371 1957 668 1996 emendandum
718 1956 908 1995 similiter
958 1969 1003 1994 ea
1052 1969 1127 2006 que
1177 1955 1401 2003 intercepta
1451 1956 1547 1992 sunt
1600 1956 1741 1992 contra
1790 1953 1985 1992 dilectum
2038 1956 2077 1991 et

372 2020 528 2059 fidelem
584 2022 768 2057 nostrum
826 2019 875 2057 G.
943 2018 1242 2063 Maremallum,
1300 2016 1489 2055 comitem
1556 2016 1717 2062 Penbr'‚
1776 2029 1846 2065 per
1912 2028 1980 2054 vos
2038 2019 2076 2054 et

372 2085 613 2131 Morganum
670 2082 717 2119 de
774 2081 951 2132 Carlyun
999 2084 1038 2119 et
1094 2079 1194 2118 alios
1250 2079 1441 2129 inprisios
1493 2081 1647 2117 vestros
1702 2078 1744 2115 in
1803 2077 1883 2116 alia
1938 2080 2078 2126 treuga

371 2144 612 2194 precedenti.
689 2144 745 2181 Et
784 2143 871 2181 ideo
916 2156 986 2182 vos
1036 2154 1225 2191 rogamus
1277 2141 1381 2190 quod
1434 2140 1519 2179 vice
1570 2153 1684 2178 versa
1737 2139 1837 2177 tales
1880 2152 1927 2177 ex
1965 2143 2077 2188 parte

371 2210 503 2245 vestra
554 2206 770 2244 dictatores
821 2206 1000 2255 ejusdem
1054 2208 1192 2253 treuge
1242 2202 1472 2252 assignetis,
1528 2201 1596 2251 qui
1643 2202 1773 2240 sciant
1826 2204 1864 2239 et
1904 2201 2076 2250 possint,

371 2281 463 2307 cum
520 2281 680 2306 necesse
719 2268 852 2313 fuerit,
892 2266 1206 2316 interceptiones
1245 2265 1373 2303 factas
1412 2267 1451 2302 et
1491 2264 1694 2302 faciendas
1734 2276 1816 2301 una
1864 2275 1956 2301 cum
1991 2276 2077 2312 pre-

371 2331 489 2369 dictis
520 2330 705 2368 fidelibus
743 2329 893 2367 nostris
930 2332 1050 2378 prout
1087 2329 1244 2378 justum
1285 2327 1408 2364 fuerit
1447 2326 1675 2371 emendare,
1717 2338 1798 2364 non
1841 2325 2077 2363 omittentes

371 2393 469 2442 quin
508 2405 553 2430 ea
592 2392 789 2430 facilitate
837 2404 916 2441 qua
960 2391 1140 2440 predicto
1188 2389 1385 2438 Morgano
1436 2388 1606 2426 fecimus
1660 2387 1865 2425 emendari
1920 2399 1966 2424 ea
2004 2399 2079 2436 que

371 2452 510 2494 contra
562 2455 694 2504 ipsum
744 2454 967 2502 intercepta
1017 2453 1183 2490 fuerunt
1235 2452 1277 2488 in
1329 2454 1471 2499 treuga
1522 2450 1602 2488 alia
1655 2449 1814 2488 faciatis
1871 2449 2078 2487 emendari

371 2517 548 2567 predicto
600 2516 739 2554 comiti
798 2518 838 2553 et
887 2515 976 2553 aliis
1025 2527 1101 2564 que
1151 2512 1200 2551 ab
1252 2513 1340 2562 ipso
1394 2513 1589 2561 Mol-gano
1643 2515 1737 2549 sunt
1782 2513 1922 2550 contra
1970 2511 2078 2560 ipsos

371 2580 605 2627 intercepta,
662 2591 712 2615 ne
768 2577 908 2615 debeat
967 2589 1013 2614 ea
1064 2575 1286 2620 occasione,
1345 2574 1451 2623 quod
1508 2573 1724 2619 nollemus,
1781 2573 1889 2611 inter
1944 2572 2077 2621 ipsum

371 2642 560 2681 comitem
599 2644 637 2678 et
675 2640 900 2689 predictum
941 2639 1182 2688 Morganum
1222 2637 1317 2675 oriri
1356 2636 1575 2675 contentio.
1664 2635 1912 2685 Significetis
1956 2634 2078 2672 etiam

370 2703 487 2742 nobis
533 2715 632 2753 quos
680 2702 729 2739 ad
777 2701 986 2751 negotium
1035 2702 1305 2738 memoratum
1354 2698 1633 2748 exequendum
1681 2710 1728 2735 ex
1776 2700 1887 2746 parte
1945 2700 2079 2734 vestra

371 2765 565 2804 duxeritis
604 2764 822 2813 assignare,
863 2763 1124 2813 injungentes
1166 2760 1310 2800 vestris
1352 2761 1457 2810 quod
1498 2762 1666 2798 caveant
1705 2758 1782 2797 sibi
1820 2771 1891 2808 pro
1925 2757 2077 2796 viribus

370 2828 454 2866 suis
500 2827 547 2865 de
594 2825 883 2875 interceptione
917 2825 1051 2874 aliqua
1088 2823 1272 2861 facienda
1309 2825 1450 2861 contra
1488 2834 1561 2860 nos
1610 2824 1648 2859 et
1696 2823 1869 2867 nostros,
1918 2823 1957 2858 et
2004 2833 2076 2857 nos

371 2890 477 2928 idem
516 2887 711 2926 faciemus
749 2887 796 2925 de
835 2886 998 2932 nostris,
1038 2886 1218 2923 volentes
1257 2884 1362 2935 quod
1408 2886 1591 2933 treugam
1639 2882 1861 2932 predictam
1906 2881 2077 2919 firmiter

371 2951 595 2990 observent.
673 2949 791 2987 Teste
830 2961 921 2997 rege
960 2948 1065 2997 apud
1105 2947 1274 2993 Persor’,
1314 2947 1423 2996 xxvj.
1463 2945 1526 2983 die
1565 2944 1678 2984 Jiilii.

481 3038 566 3075 Rex
612 3026 832 3074 venerabili
875 3035 917 3072 in
967 3034 1127 3073 Christo
1175 3033 1282 3083 patri
1328 3033 1377 3070 R.
1427 3032 1567 3070 eadem
1613 3032 1744 3081 gratia
1791 3029 2076 3068 Herefordensi

370 3101 568 3151 episcopo,
609 3098 790 3136 salutem.
879 3096 1024 3135 Sciatis
1079 3095 1186 3145 quod
1241 3094 1529 3133 constituimus
1584 3106 1653 3132 vos
1705 3096 1744 3130 et
1806 3090 2073 3130 venerabilem

369 3166 526 3212 patrem
557 3160 863 3198 Lanclavensen]
898 3158 1129 3207 episcopum
1164 3160 1202 3194 et
1235 3156 1401 3195 dilectos
1432 3159 1470 3194 et
1500 3155 1637 3193 fideles
1670 3157 1829 3192 nostros
1850 3153 2073 3191 Walterum

371 3225 418 3263 de
465 3221 703 3262 Baskervill’
752 3223 791 3258 et
839 3219 1091 3258 Willelmum
1138 3217 1269 3256 filium
1318 3217 1474 3257 Warini
1522 3217 1738 3255 dictatores
1780 3219 1917 3264 treuge
1960 3217 2074 3263 capte

370 3287 477 3325 inter
513 3297 587 3323 nos
625 3286 664 3322 et
692 3283 741 3323 L.
771 3281 996 3332 principem
1034 3280 1082 3318 de
1120 3279 1356 3326 Abberfrau,
1396 3279 1608 3318 dominum
1650 3277 1870 3322 Snaudon’,
1911 3289 1934 3313 a
1971 3275 2074 3314 festo

1018 3377 1080 3408 *In
1095 3376 1166 3409 MS.
1185 3380 1192 3393 ‘
1206 3374 1399 3409 venerabili.

422 3458 529 3492 18690
1907 3447 1927 3479 2
1949 3448 1977 3478 Α
