2375 3587
263 222 344 261 516

327 354 468 399 1236.

314 422 372 460 [m.
389 418 479 456 18111

339 1271 479 1317 1237.

1230 215 1417 257 CLOSE
1462 214 1666 257 ROLLS.

674 414 1097 452 Esse.1·.——Willelm11s
1130 413 1177 450 de
1214 411 1431 450 Culewrth'
1464 413 1503 449 et
1525 410 1754 448 Willelmus
1787 410 1835 447 de
1872 409 2022 448 Sancto
2052 408 2273 447 Edmundo

565 477 759 526 assignati
798 479 893 514 sunt
931 475 1145 525 justiciarii
1184 475 1233 511 ad
1273 473 1441 510 assisam
1481 473 1528 510 de
1566 474 1696 510 morte
1734 471 1998 510 antecessoris
2036 470 2273 519 capiendam

564 552 686 588 quam
726 539 935 576 Johannes
966 538 1074 575 filius
1110 536 1255 584 Rogeri
1289 535 1336 572 de
1372 534 1599 585 Sympling'
1633 534 1846 572 aramiavit
1880 546 2017 571 versus
2050 532 2273 570 Henricum

568 602 614 639 de
646 601 839 639 Hamhal'
875 601 923 638 (19
954 598 1248 650 quinquaginta
1293 597 1395 635 acris
1434 601 1536 634 terre
1568 610 1661 635 cum
1695 596 1951 646 pertinentiis
1986 595 2026 632 in
2068 594 2274 632 Bracsted'

569 667 609 701 et
646 664 887 701 mandatum
941 665 1001 699 est
1040 661 1269 699 vicecomiti
1310 660 1451 697 Essex'
1491 660 1597 708 quod
1637 672 1659 696 a
1708 659 1770 696 die
1820 657 1960 697 Sancti
2008 657 2186 707 Hyllarii
2233 656 2275 694 in

571 726 801 775 quindecim
859 724 942 762 (lies
999 736 1132 761 coram
1190 723 1341 760 eisdem
1399 722 1535 760 venire
1592 721 1715 760 faciat
1772 721 1942 759 assisam
2000 719 2113 757 illam
2169 719 2275 768 apud

575 789 785 828 Straford‘.
844 787 961 825 Teste
998 798 1087 835 rege
1127 785 1233 834 apud
1272 784 1454 833 Echleg'‚
1497 784 1604 833 xxvj.
1643 784 1706 821 die
1746 782 1992 821 Decembris.

682 865 881 904 Beatricia
915 877 1014 902 uxor
1052 863 1217 901 Roberti
1256 863 1302 901 de
1333 863 1482 900 Briuns
1522 862 1742 900 attornavit
1772 862 1859 899 loco
1891 863 1992 910 [suo]
2026 860 2278 898 Willelmum

573 929 619 966 de
655 928 884 966 Torneham
924 927 973 964 ad
1011 926 1251 964 lucrandum
1290 925 1352 962 vel
1383 925 1632 974 perdendum
1663 925 1702 962 in
1734 923 1893 973 loquela
1923 936 1999 972 que
2030 922 2280 961 summonita

572 995 632 1028 est
669 1003 802 1028 coram
836 988 1073 1039 justiciariis
1111 988 1158 1025 de
1206 988 1343 1025 Banco
1391 987 1498 1025 inter
1532 987 1638 1036 ipsos
1684 985 1905 1024 Robertum
1943 989 1982 1023 et
2022 983 2279 1029 Beatriciam,

574 1056 765 1102 petentes,
805 1054 844 1089 et
884 1050 1120 1095 Robertmn,
1171 1062 1383 1098 personam
1423 1049 1586 1087 ecclesie
1625 1049 1672 1086 de
1711 1048 1934 1098 Thayden’,
1967 1049 2191 1092 tenentem,
2232 1046 2279 1083 de

575 1128 639 1152 xx.
679 1118 718 1151 et
756 1114 809 1163 vj.
849 1113 952 1151 acris
990 1116 1091 1151 terre
1131 1112 1171 1148 in
1208 1111 1430 1161 Thayden'.
1491 1111 1607 1149 Teste
1640 1123 1730 1159 rege
1760 1110 1866 1158 apud
1903 1109 2104 1154 Clarend',
2141 1107 2281 1157 xxviij.

575 1178 638 1215 die
677 1175 921 1215 Decembris.

686 1264 885 1301 Martinus
924 1262 971 1299 (19
1010 1262 1134 1309 Legh‘
1175 1261 1397 1298 attornavit
1436 1261 1522 1298 1090
1566 1274 1637 1298 suo
1677 1259 1898 1298 Raslulfum
1938 1259 1985 1296 de
2024 1258 2194 1296 Ashton'
2235 1257 2284 1295 ad

577 1326 817 1365 lucrandum
860 1325 920 1362 vel
961 1324 1208 1373 perdendum
1254 1324 1295 1360 in
1335 1323 1494 1371 loquela
1531 1336 1607 1372 que
1646 1327 1705 1360 est
1744 1322 1848 1359 inter
1886 1322 2019 1371 ipsum
2059 1320 2284 1358 Martinum

578 1397 616 1427 et
656 1388 930 1426 Alexandrum
972 1387 1018 1424 (19
1053 1386 1262 1424 Aldinton'
1305 1386 1345 1422 111
1381 1385 1492 1424 curia
1525 1385 1628 1434 regis
1662 1385 1708 1422 de
1742 1383 1998 1432 Merleberge,
2031 1383 2078 1421 (19
2111 1383 2285 1432 quadam

580 1451 847 1490 conventione
902 1451 1007 1487 inter
1059 1463 1125 1487 eos
1178 1449 1284 1486 facta
1336 1449 1382 1485 (19
1431 1461 1511 1486 11110
1563 1447 1769 1496 mesuagio
1817 1460 1909 1485 cum
1949 1445 2206 1495 pertinentiis
2245 1445 2286 1482 in

582 1513 839 1560 Mei-loberga
898 1512 1016 1549 Teste
1057 1524 1145 1559 rege
1185 1511 1289 1559 apud
1330 1511 1585 1549 Clareudon'.
1624 1511 1677 1560 xj.
1719 1510 1781 1546 (119
1821 1509 2018 1546 Januarii.

691 1592 903 1629 Abbatissa
952 1592 998 1628 (19
1048 1591 1231 1628 Tarrent'
1283 1589 1506 1627 attornax’it
1549 1602 1683 1627 coram
1732 1589 1805 1638 iiij.
1866 1587 2066 1625 militibus
2114 1587 2163 1624 ad
2215 1587 2289 1624 hoc

583 1655 716 1693 missis
770 1654 968 1691 Thomam
1009 1653 1266 1702 capellanum
1307 1653 1353 1689 de
1394 1652 1576 1689 'l'arrent'
1612 1655 1651 1689 et
1682 1651 1933 1689 Willelmum
1966 1651 2012 1686 (19
2048 1650 2288 1695 Brumham,

583 1719 786 1761 clericum,
839 1717 886 1753 ad
940 1716 1179 1754 lucrandum
1234 1715 1294 1752 vel
1348 1714 1595 1763 perdendum
1651 1714 1691 1750 111
1743 1713 1903 1763 loquela
1959 1725 2034 1761 que
2091 1717 2150 1749 est
2187 1711 2293 1749 inter

583 1781 751 1818 eandem
790 1778 1037 1816 abbatissam
1078 1787 1116 1815 et
1156 1777 1367 1815 (lominum
1410 1790 1541 1825 regem
1581 1789 1659 1826 quo
1698 1779 1876 1812 waranto
1914 1775 2051 1812 eadem
2091 1773 2294 1812 abbatissa

585 1846 719 1881 teneat
775 1845 961 1890 quartam
1020 1845 1172 1889 partem
1230 1840 1348 1876 unius
1405 1842 1589 1877 carucate
1640 1842 1740 1876 terre
1794 1851 1887 1876 cum
1945 1836 2200 1886 pertinentiis
2251 1837 2292 1874 in

586 1905 788 1953 Cussigh'.
847 1904 964 1941 Teste
1004 1916 1093 1950 rege
1132 1903 1238 1952 apud
1280 1903 1481 1946 Clarend',
1525 1902 1592 1951 xij.
1630 1901 1692 1939 (119
1732 1896 1929 1938 Januarii.

697 1985 822 2022 Adam
880 1984 927 2020 (19
983 1984 1169 2033 Peryton'
1229 1982 1449 2021 attornavit
1527 1981 1731 2023 'robertum
1790 1982 1835 2018 (19
1896 1980 2098 2018 Carswell'
2156 1982 2296 2018 contra

603 2047 807 2085 101191111111
848 2047 894 2083 (19
934 2046 1129 2095 Elynton’
1171 2046 1218 2083 de
1257 2046 1283 2094 j.
1323 2050 1511 2082 carucata
1550 2046 1651 2081 terre
1690 2044 1730 2080 in
1773 2043 1988 2093 Elynton’.
2049 2043 2167 2080 Teste
2207 2055 2296 2091 rege

589 2110 692 2159 apud
738 2109 968 2149 werewell',
1011 2108 1094 2157 xiij.
1136 2108 1197 2144 (119
1237 2107 1435 2145 Januarii.
1500 2107 1730 2155 {a'aneellmq
1777 2108 1877 2149 Quia
1914 2107 2098 2153 superius.

701 2189 832 2226 Abbas
898 2189 944 2225 de
1012 2188 1182 2233 Rading‘
1251 2187 1475 2224 attornavit
1542 2186 1793 2224 Willelmum
1859 2186 1906 2223 de
1974 2185 2194 2223 Wautham
2260 2187 2298 2222 et

592 2252 807 2290 Ricardum
849 2251 1000 2288 Gerout
1039 2258 1180 2287 contra
1220 2249 1470 2286 willelmum
1512 2248 1559 2285 de
1592 2248 1630 2284 la
1662 2247 1794 2285 Grene
1829 2251 1867 2285 et
1904 2246 2093 2292 Aliciam‚
2134 2258 2299 2284 uxorem

591 2315 691 2364 ejus,
732 2314 779 2351 de
817 2312 1030 2350 medietate
1071 2325 1134 2348 xx.
1174 2317 1212 2348 et
1252 2311 1371 2348 unius
1412 2323 1502 2348 acre
1542 2314 1644 2347 terre
1683 2309 1724 2346 in
1767 2308 2126 2348 Sabrichewurth’.
2184 2307 2300 2346 Teste

594 2389 682 2425 rege
719 2375 824 2424 apud
865 2374 1053 2423 Rading',
1095 2374 1173 2424 xvj.
1215 2374 1277 2411 die
1317 2372 1517 2410 Januarii.

704 2454 827 2503 Reyn’
878 2465 977 2490 uxor
1026 2452 1180 2490 Thome
1231 2453 1277 2489 de
1329 2451 1571 2489 Bernefeud’
1620 2450 1844 2488 attor-navit
1892 2449 1980 2488 loco
2041 2461 2112 2487 suo
2168 2448 2302 2497 ipsum

597 2517 796 2553 Thomam
851 2519 991 2552 contra
1050 2516 1269 2564 Symonem
1328 2515 1374 2551 de
1434 2512 1647 2551 Sandwico
1704 2512 1745 2549 in
1804 2512 1962 2561 loquela
2016 2524 2094 2560 que
2146 2513 2206 2549 est
2261 2510 2303 2547 in

596 2579 791 2617 comitatu
841 2577 990 2615 Kancie
1035 2577 1141 2614 inter
1186 2577 1292 2625 ipsos
1340 2577 1540 2613 Thomam
1590 2578 1629 2612 et
1673 2575 1800 2624 Reyn'
1848 2575 1896 2612 (19
1942 2572 2305 2612 consuetudinibus

597 2646 635 2679 et
674 2640 862 2678 serviciis.
921 2640 1038 2677 Teste
1076 2652 1166 2688 rege
1204 2639 1310 2688 apud
1351 2637 1630 2682 Cautum-iam,
1672 2636 1804 2685 primo
1842 2637 1905 2674 die
1945 2635 2101 2674 Marcii.

707 2719 906 2756 Henricus
964 2718 1071 2756 filius
1129 2718 1293 2756 Geroldi
1350 2716 1572 2755 attornavit
1630 2715 1799 2766 Aylwin'
1857 2716 1905 2753 de
1973 2715 2099 2765 Tyule
2166 2717 2306 2752 contra

599 2781 820 2820 Walterum
868 2780 998 2817 filium
1057 2780 1218 2817 Ricardi
1269 2780 1315 2816 de
1372 2778 1527 2816 duabus
1575 2777 1757 2826 partibus
1814 2777 1980 2815 dimidie
2033 2777 2158 2825 shope
2214 2788 2305 2814 cum

599 2842 852 2892 pertinentiis
891 2843 932 2879 in
972 2842 1212 2879 Windesor’.
1273 2842 1391 2879 Teste
1430 2854 1520 2889 rege
1560 2839 1723 2885 ibidem,
1756 2840 1836 2877 xix.
1877 2839 1939 2877 die
1978 2838 2177 2877 Januarii.

710 2923 778 2967 H.,
819 2922 1008 2972 Elyensis
1038 2922 1261 2971 episcopus,
1298 2921 1520 2959 attornavit
1560 2920 1646 2958 loco
1681 2933 1752 2958 suo
1794 2919 1993 2957 Thomam
2025 2919 2073 2957 de
2103 2918 2306 2957 Bateford’

601 2989 639 3023 et
670 2984 896 3023 Gilbertum
928 2984 1297 3021 F01·estai·11111121³ad
1328 2983 1570 3021 lucrandum
1600 2982 1661 3019 vel
1692 2982 1938 3031 perdendum
1969 2981 2010 3018 in
2042 2980 2202 3030 loquela
2231 2993 2307 3029 que

603 3051 662 3086 est
718 3047 759 3083 in
816 3046 1010 3084 comitatu
1066 3046 1206 3084 Essex’
1268 3046 1373 3084 inter
1431 3045 1661 3083 Johannem
1717 3044 1764 3081 de
1822 3043 2032 3089 Litlebur',
2090 3043 2307 3080 Ricardum

604 3110 734 3147 filium
791 3108 951 3152 Ε1111119,
1010 3107 1177 3145 Joceum
1235 3107 1367 3145 filium
1426 3106 1617 3152 matildis,
1684 3106 1879 3154 Agnetem
1946 3105 1994 3142 de
2048 3104 2306 3157 Wffiheford',

606 3171 832 3210 Goldemar’
873 3169 920 3206 de
959 3170 1237 3218 Trmnpyton’,
1277 3173 1316 3207 et
1355 3169 1470 3207 Edel'
1522 3181 1685 3206 uxorem
1724 3168 1824 3217 ejus,
1865 3170 2058 3216 petentes,
2099 3169 2138 3204 et
2175 3165 2309 3214 ipsum

603 3233 790 3271 abbatem
830 3232 930 3282 (sic),
967 3234 1185 3276 tenentem,
1226 3232 1274 3269 de
1323 3231 1504 3269 manerio
1548 3231 1595 3268 de
1645 3228 1864 3267 Hadestok’
1907 3241 1999 3266 cum
2043 3227 2312 3276 pertinentiis.

609 3296 725 3333 Teste
764 3306 853 3343 rege
891 3293 997 3341 apud
1037 3293 1227 3338 Windes‘‚
1268 3294 1348 3343 xvj.
1389 3293 1451 3330 die
1488 3292 1686 3330 Januarii.

856 3398 869 3412 *
881 3395 1091 3429 Substituted
1106 3397 1159 3429 for
1177 3401 1183 3412 ‘
1199 3397 1390 3429 Johannem
1407 3374 1447 3429 de
1463 3396 1622 3428 Pulebam
1636 3399 1671 3429 et
1687 3395 1853 3436 Franceys
1869 3394 1900 3426 le
1915 3394 2089 3436 Huysserss
