2375 3587
257 212 341 254 270

318 335 461 383 1236.

315 401 374 442 [m.
401 400 471 443 11]

1192 213 1376 256 CLOSE
1412 214 1615 256 ROLLS.

662 412 718 447 De
774 413 955 449 tradendo
1006 414 1049 450 in
1104 411 1438 458 ballium—Quia
1494 424 1561 449 rex
1617 411 1770 460 accepit
1821 424 1890 460 per
1945 409 2250 461 inquisitionem

556 471 705 510 factam
753 486 821 522 per
869 476 1101 522 preceptum
1149 473 1252 522 regis
1297 472 1402 521 quod
1449 472 1656 511 Johannes
1700 472 1789 511 Calf
1834 472 2011 522 appellat
2049 472 2250 520 Rogerum

555 532 685 571 filium
742 534 935 572 Willehni
991 539 1030 572 et
1087 534 1238 572 Gevam
1296 546 1470 572 sororem
1529 546 1643 572 suam
1699 534 1746 571 de
1802 537 1931 571 morte
1987 532 2149 571 Roberti
2204 532 2252 570 de

556 595 774 644 Wytewell'
831 596 921 634 odio
977 600 1016 634 et
1071 600 1163 646 atya
1218 600 1257 633 et
1314 608 1394 633 non
1452 608 1497 633 60
1556 595 1660 645 quod
1721 595 1815 633 inde
1870 594 2088 644 culpabiles
2145 594 2250 638 sint;

554 658 791 695 mandatum
831 662 891 696 est
923 658 1147 697 vicecomiti
1183 657 1355 696 Eboraci
1394 658 1499 707 quod
1538 658 1570 695 si
1610 660 1775 706 uterque
1814 657 1992 706 ipsorum
2031 656 2176 705 Rogeri
2214 657 2253 693 et

556 719 663 757 Geve
711 721 907 758 invenerit
956 720 990 758 ei
1039 720 1107 771 xij.
1156 719 1300 769 probos
1347 723 1385 758 et
1427 720 1574 768 legales
1615 719 1800 757 homines
1848 719 1894 757 de
1939 718 2134 757 comitatu
2182 730 2253 756 suo

555 781 621 829 qui
671 782 955 830 manucapient
1014 794 1105 819 eum
1164 781 1309 819 habere
1361 794 1495 820 coram
1545 780 1779 831 justiciariis
1831 780 1932 830 regis
1982 780 2030 818 ad
2080 780 2252 829 primam

556 843 721 880 assisam
753 847 842 889 etc„
880 848 974 882 tunc
1009 844 1114 893 ipsos
1153 843 1286 882 tradat
1324 844 1365 881 in
1402 843 1570 881 ballium
1611 846 1683 881 etc.
1754 842 1870 880 Teste
1909 855 1998 892 rege
2038 845 2082 880 ut
2121 854 2251 890 supra.

664 966 719 1000 De
753 967 1173 1012 perdamariana—Rex
1212 965 1447 1015 perdonavit
1487 965 1588 1014 Elye
1621 964 1845 1009 Westman,
1876 963 2081 1013 quondam
2110 962 2254 1013 majori

557 1025 774 1072 wintonie,
813 1027 1022 1065 dimidiam
1062 1040 1238 1066 marcam
1279 1041 1354 1077 que
1398 1027 1446 1065 ab
1484 1040 1528 1064 eo
1567 1026 1741 1075 exigitur
1780 1039 1848 1075 per
1895 1025 2254 1063 summonitionem

559 1087 752 1127 Scaccarii
813 1089 914 1137 regis
971 1090 1018 1127 de
1076 1090 1391 1128 amerciamento
1448 1088 1604 1126 itineris
1659 1087 1975 1138 justiciariorum
2032 1086 2135 1136 regis
2189 1086 2256 1135 qui

557 1151 701 1189 ultimo
736 1151 1029 1190 itineraverunt
1069 1153 1173 1201 apud
1213 1151 1477 1202 Wyntoniam
1517 1163 1587 1200 pro
1625 1150 1848 1188 disseisina.
1926 1150 1981 1187 Et
2019 1148 2256 1186 mandatum

556 1217 615 1251 est
654 1212 869 1251 baronibus
907 1214 953 1251 de
987 1214 1192 1252 Soaecavio
1230 1214 1334 1263 quod
1370 1214 1503 1262 ipsum
1539 1213 1685 1263 Elyam
1728 1213 1775 1250 de
1810 1211 1879 1249 illa
1917 1210 2085 1248 dimidia
2122 1222 2257 1248 marca

557 1275 739 1324 quietum
778 1289 862 1313 esse
902 1275 1067 1314 faciant.
1143 1276 1258 1313 Teste
1297 1288 1386 1324 rege
1422 1278 1465 1313 ut
1505 1287 1637 1323 supra.

665 1395 902 1433 Mandatum
937 1399 996 1433 est
1036 1396 1211 1433 Henrico
1248 1395 1330 1433 filio
1369 1394 1550 1433 Nicholai
1591 1394 1697 1443 quod
1747 1393 1832 1431 sine
1883 1392 2076 1431 dilatione
2116 1392 2256 1430 reddat

559 1457 753 1505 Magistro
818 1458 993 1496 Heln-ico
1058 1458 1104 1495 de
1183 1458 1297 1495 (Jern'
1376 1457 1454 1495 xlv.
1531 1456 1677 1494 solidos
1742 1468 1840 1505 quos
1906 1455 2053 1504 recepit
2119 1456 2258 1492 contra

558 1518 870 1567 prohibitionem
904 1519 1006 1568 regis
1037 1520 1083 1557 de
1115 1519 1228 1557 bonis
1264 1519 1420 1557 abbatie
1458 1519 1605 1557 Sancte
1639 1517 1765 1555 Marie
1796 1516 2011 1567 Wyntonie
2045 1519 2256 1566 postquam

558 1580 717 1618 abbatia
752 1582 819 1619 illa
854 1582 989 1620 extitit
1027 1583 1067 1619 in
1103 1595 1227 1620 manu
1263 1582 1380 1631 regis,
1415 1581 1588 1619 sciturus
1621 1580 1726 1629 quod
1765 1579 1843 1617 nisi
1878 1578 2027 1624 fecerit,
2062 1591 2129 1616 rex
2167 1578 2258 1616 inde

560 1655 598 1679 se
637 1643 765 1692 capiet
810 1644 858 1680 ad
904 1657 996 1681 eum
1046 1648 1237 1693 tanquam
1284 1644 1332 1680 ad
1383 1642 1589 1680 custodem
1637 1640 1806 1679 abbatie.
1881 1640 1998 1678 Teste
2038 1642 2081 1677 ut
2127 1652 2258 1689 supra.

563 1707 791 1755 [ffamwlled]
828 1708 925 1750 (jezia
968 1708 1152 1743 redditum.
1194 1708 1265 1742 suit
1304 1708 1417 1742 breve.

666 1828 720 1863 De
746 1826 1168 1874 pet-donasumm—Rex
1199 1825 1433 1875 perdonavit
1465 1825 1638 1862 Roberto
1668 1824 1714 1861 de
1746 1822 1977 1868 cantuaria,
2002 1821 2144 1860 clerico
2174 1835 2258 1868 suo,

560 1888 695 1926 decem
735 1901 889 1926 marcas
929 1902 997 1937 per
1035 1902 1133 1938 quas
1172 1888 1296 1926 finem
1337 1887 1430 1926 fecit
1470 1899 1561 1925 cum
1605 1900 1695 1935 rege
1733 1899 1804 1935 pro
1851 1884 2035 1923 habenda
2081 1884 2261 1923 custodia

562 1950 682 1988 unius
720 1951 832 1988 cunei
876 1950 1096 1988 monetarie
1136 1950 1240 1999 regis
1275 1949 1505 1988 Cantuarie.
1584 1948 1638 1986 Et
1676 1947 1915 1986 mandatum
1954 1950 2013 1984 est
2044 1945 2261 1985 baronibus

560 2012 606 2049 de
648 2012 853 2050 Scaccario
891 2012 995 2061 quod
1035 2012 1166 2061 ipsum
1208 2010 1427 2049 Robertum
1479 2010 1526 2047 de
1571 2009 1759 2059 predictis
1801 2022 1838 2046 x.
1886 2008 2030 2047 marcis
2079 2008 2260 2057 quietum

561 2087 644 2111 esse
684 2074 846 2112 faciant.
925 2075 1040 2112 Teste
1079 2087 1168 2123 rege
1208 2078 1251 2111 ut
1290 2087 1423 2122 supra.

677 2197 727 2231 Ι)«’
767 2197 926 2243 quadam
970 2197 1094 2231 verina
1138 2197 1307 2231 sarienda
1348 2196 1450 2242 almael
1497 2191 2171 2230 11'es-tmministerium.-—Mandatu1n
2202 2194 2262 2228 est

563 2257 726 2303 Hugoni
784 2257 830 2293 de
885 2257 1116 2299 Pares-liulf,
1175 2257 1424 2294 thesaurario
1483 2255 1597 2300 regis,
1657 2255 1760 2304 quod
1818 2254 1902 2291 fieri
1960 2253 2080 2291 faciat
2138 2265 2259 2290 unam

562 2319 739 2356 verinam
780 2319 993 2355 rotundam
1033 2319 1260 2367 ponendum
1303 2319 1341 2354 in
1384 2318 1555 2355 rotunda
1594 2319 1766 2354 fenestra
1808 2316 1909 2362 regis
1947 2317 2065 2363 juxta
2112 2315 2261 2352 lectum

564 2381 666 2429 regis
705 2381 745 2417 in
784 2394 941 2418 camera
982 2381 1084 2430 regis
1123 2381 1229 2429 apud
1271 2379 1686 2424 Westmonasterium,
1720 2378 1823 2416 sicut
1855 2378 2080 2415 willelmus
2112 2377 2262 2414 Hardel

563 2442 596 2479 ei
635 2443 738 2480 dicet
779 2456 825 2479 ex
878 2446 986 2491 pai-te
1040 2443 1155 2491 regis,
1196 2443 1252 2480 ita
1291 2442 1396 2491 quod
1448 2441 1586 2479 verina
1626 2441 1695 2478 illa
1739 2453 1830 2478 cum
1870 2439 2129 2477 festinatione
2176 2438 2260 2476 fiat.

563 2505 677 2542 Teste
716 2517 805 2553 rege
844 2505 947 2553 apud
988 2504 1213 2549 MerewelF,
1254 2504 1390 2554 xxviij.
1432 2504 1494 2541 die
1535 2503 1642 2540 Maii.

672 2625 728 2660 De
776 2630 932 2671 respectu
982 2623 1434 2671 lm]nelca—Mandatum
1483 2626 1542 2660 est
1590 2621 1824 2672 justiciariis
1873 2621 1920 2658 (16
1967 2620 2104 2658 Banco
2155 2620 2261 2670 quod

563 2685 716 2734 loquele
767 2698 841 2734 que
893 2688 951 2722 est
1004 2698 1142 2722 corum
1190 2685 1246 2722 eis
1300 2685 1338 2722 111
1389 2685 1500 2722 curia
1549 2684 1651 2733 regis
1699 2683 1804 2732 apud
1855 2682 2261 2720 Westmonasterium

563 2747 668 2785 inter
697 2747 946 2785 Willelmum
986 2747 1032 2784 (16
1072 2747 1246 2784 Ferariis
1285 2747 1448 2784 nomine
1487 2746 1603 2794 regis,
1636 2748 1853 2794 petentem,
1885 2747 1925 2782 et
1960 2744 2182 2782 Henricum
2214 2744 2262 2781 (16

564 2810 735 2853 Lettres,
772 2812 993 2853 tenentem,
1027 2809 1073 2846 (16
1113 2809 1255 2857 viginti
1296 2813 1334 2846 et
1364 2807 1519 2846 duabus
1560 2807 1714 2845 bovatis
1745 2811 1845 2844 terre
1885 2819 1976 2844 011111
2007 2805 2262 2854 pertinentiis

563 2871 604 2908 in
669 2871 872 2919 Bingham
936 2871 1222 2919 supersedeant
1286 2871 1411 2908 donec
1473 2870 1581 2907 aliud
1643 2869 1734 2906 inde
1799 2868 2037 2905 mandatum
2094 2881 2116 2905 a
2172 2879 2263 2916 rege

563 2932 748 2970 habuerit
790 2933 871 2982 (sic)
912 2932 1163 2969 mandatum.
1223 2932 1338 2969 Teste
1378 2944 1468 2980 rege
1509 2935 1552 2968 ut
1587 2944 1719 2979 supra.

676 3057 749 3092 l'rm
793 3057 949 3101 Ηιιψων
984 3057 1025 3091 dc
1056 3054 1571 3092 A[hinistm».—-Mandatum
1610 3057 1669 3091 est
1707 3052 1941 3103 justiciariis
1980 3050 2263 3089 itinerantibus

563 3118 604 3154 in
661 3117 855 3155 comitatu
923 3117 1063 3154 (ilouc'
1122 3117 1225 3166 quod
1292 3117 1459 3154 assisam
1518 3116 1565 3153 de
1623 3118 1750 3153 morte
1815 3113 2076 3152 antecessoris
2141 3127 2261 3162 quam

562 3179 792 3217 -Willehnus
842 3178 888 3216 de
939 3181 1081 3215 (tomi-t
1129 3182 1167 3215 et
1217 3178 1344 3215 Maria
1392 3191 1492 3215 uxor
1538 3178 1636 3227 ejus,
1682 3176 1825 3214 Petrus
1873 3175 1919 3212 (16
1967 3175 2183 3212 Gatesden'
2224 3179 2263 3212 et

564 3240 711 3279 Cecilia
749 3252 848 3276 uxor
886 3240 986 3288 ejus.
1022 3239 1221 3277 Radulfus
1268 3240 1315 3277 de
1357 3239 1504 3277 Sancto
1552 3239 1743 3276 Audoeno
1783 3240 1822 3275 et
1871 3236 2123 3274 Godesheud’
2164 3249 2263 3274 uxor

562 3304 661 3351 ejus,
717 3301 939 3339 Willelmus
996 3302 1137 3338 Russel
1189 3304 1227 3339 et
1285 3302 1414 3339 Alicia
1473 3314 1571 3338 uxor
1622 3301 1721 3349 ejus,
1775 3298 2075 3336 aramiaverunt
2126 3310 2264 3336 versus

565 3364 780 3409 Hugonem
820 3363 866 3400 de
906 3362 1114 3400 Albini-aco
1153 3363 1199 3400 de
1237 3363 1416 3400 manerio
1455 3363 1501 3400 de
1542 3362 1807 3399 Bendrinton'
1858 3372 1949 3397 cum
1994 3359 2261 3408 pertinentiis,
