2375 3587
1206 200 1392 243 CLOSE
1436 199 1641 242 ROLLS.

571 395 739 434 barones
806 397 931 435 totius
999 397 1110 446 regni
1160 396 1285 435 nostri
1339 399 1378 433 et
1436 397 1655 433 tractatum
1713 393 1907 432 haberent
1963 392 2173 431 nobiscum
2231 393 2278 431 de

571 461 679 496 statu
742 462 881 497 nostro
928 462 966 497 et
1003 459 1117 508 regni
1164 459 1294 496 nostri
1343 458 1464 495 iidem
1513 455 1815 504 archiepiscopi,
1863 455 2050 505 episcopi,
2099 454 2277 500 abbates,

570 519 722 569 priores
760 523 798 558 et
837 521 969 559 clerici
1008 524 1133 558 terras
1173 519 1370 557 habentes
1409 531 1484 568 que
1523 518 1572 555 ad
1608 517 1796 555 ecclesias
1826 530 1918 555 suas
1948 530 2029 555 non
2059 516 2277 566 pertinent,

570 582 751 628 comites,
802 582 984 628 barones,
1033 582 1197 626 milites,
1247 584 1285 619 et
1333 580 1449 618 liberi
1498 579 1686 617 homines
1733 591 1804 628 pro
1838 592 1878 617 se
1916 582 1956 616 et
1995 578 2078 616 suis
2116 578 2279 617 villanis

569 643 685 682 nobis
723 648 1007 683 concesserunt
1045 645 1087 681 in
1126 643 1325 681 auxilium
1366 642 1613 680 tricesimam
1653 644 1811 691 partem
1844 641 2031 679 omnium
2065 640 2278 678 mobilium

572 719 737 745 suorum
786 706 1069 756 apparentium
1118 705 1222 743 sicut
1269 718 1315 742 ea
1361 703 1569 741 habebunt
1620 703 1662 740 in
1720 705 1946 751 autumpno
2005 702 2047 740 in
2104 701 2280 740 crastino

572 769 846 807 Exaltationis
888 768 1035 807 Sancte
1074 767 1214 805 Crucis
1254 779 1362 804 anno
1400 769 1476 804 etc,
1518 766 1600 816 xxj.
1645 765 1806 815 quando
1855 764 1973 803 blada
2019 777 2092 803 sua
2131 764 2281 803 fuerint

570 832 809 877 coadunata,
850 831 1035 869 videlicet
1074 830 1121 867 de
1161 828 1305 874 bladis,
1346 829 1512 874 carucis,
1552 827 1705 874 ovibus,
1742 827 1886 874 vacciS,
1919 827 2063 877 porcis,
2094 827 2280 872 haracfis,

571 895 684 943 equis
725 893 928 933 caretariis
986 892 1203 941 assignatis
1247 892 1297 929 ad
1338 891 1587 942 waygnagia,
1634 894 1673 929 et
1715 891 1806 929 aliis
1846 890 2057 940 pecoribus
2098 892 2137 927 et
2166 888 2282 928 bonis

571 956 746 1006 exceptis
785 956 900 994 bonis
938 968 1014 1004 que
1062 954 1229 1003 predicti
1281 954 1571 1003 archiepiscopi
1620 956 1659 991 et
1707 953 1882 1002 episcopi
1926 956 1965 991 et
1999 952 2075 990 alie
2114 965 2283 1001 persone

572 1018 838 1058 ecclesiastice
876 1017 1027 1055 habent
1067 1017 1107 1053 in
1156 1016 1335 1054 ecclesiis
1375 1014 1675 1065 parochialibus
1719 1015 1801 1054 sive
1840 1014 2052 1064 prebendis
2090 1017 2130 1053 et
2168 1014 2284 1053 terris

572 1082 620 1120 ad
660 1081 879 1130 prebendas
927 1084 965 1117 et
1013 1078 1199 1117 ecclesias
1248 1078 1520 1127 parrochiales
1559 1077 1836 1127 spectantibus
1885 1077 2061 1127 exceptis
2109 1090 2206 1115 auro
2245 1080 2284 1115 et

572 1146 750 1193 argento,
791 1141 1007 1192 palefridis,
1048 1140 1274 1186 dextrariis,
1315 1140 1564 1185 summariis,
1611 1140 1806 1187 runcinis,
1848 1141 1984 1186 armis,
2026 1139 2282 1186 utensilibus,

572 1210 612 1244 et
652 1205 770 1251 vasis,
820 1203 1088 1253 colligendam
1140 1216 1208 1251 per
1256 1215 1403 1240 manus
1451 1202 1691 1240 dilectorum
1741 1204 1779 1239 et
1827 1201 2008 1239 fidelium
2053 1204 2284 1240 nostrorum

573 1268 718 1317 Rogeri
776 1268 823 1305 de
880 1265 1068 1311 Leburn',
1126 1265 1306 1304 Simonis
1357 1265 1405 1302 de
1462 1264 1601 1314 Craye,
1658 1263 1824 1302 Henrici
1877 1264 1924 1301 de
1964 1264 2283 1310 Wintereshull’,

574 1331 766 1369 Huwardi
823 1330 869 1367 dc
927 1328 1067 1373 Bikel',
1125 1331 1163 1365 et
1221 1327 1383 1365 Ricardi
1440 1327 1488 1364 de
1546 1326 1812 1372 Wokendon’,
1866 1327 1933 1376 qui
1990 1326 2185 1377 jurabunt
2242 1327 2283 1364 in

573 1392 778 1443 presencia
834 1390 1082 1429 vicecomitis
1140 1390 1292 1427 Kancie
1348 1389 1453 1439 quod
1511 1389 1724 1438 negocium
1787 1391 1972 1427 nostrum
2029 1389 2076 1427 de
2136 1389 2286 1427 auxilio

573 1460 709 1494 nostro
757 1454 969 1493 assidendo
1035 1456 1074 1491 et
1139 1452 1365 1500 colligendo
1430 1464 1501 1501 pro
1567 1464 1683 1500 posse
1736 1464 1808 1489 suo
1865 1451 1964 1490 bene
2021 1455 2060 1490 et
2116 1452 2288 1490 fideliter

573 1521 819 1568 exequentur
875 1530 945 1566 per
1000 1516 1138 1554 omnia
1198 1515 1421 1553 secundum
1484 1527 1599 1552 suam
1661 1514 1965 1560 conscientiam,
2024 1517 2063 1553 et
2119 1514 2287 1564 predicti

574 1581 724 1619 milites
762 1583 801 1618 ct
840 1579 1008 1618 clericus
1054 1578 1148 1627 eligi
1196 1577 1348 1616 faciant
1386 1580 1559 1628 quatuor
1601 1577 1748 1626 legales
1795 1577 1981 1615 homines
2028 1577 2076 1615 de
2114 1577 2287 1626 singulis

575 1644 682 1682 villis
729 1656 829 1692 quos
864 1642 1085 1680 vicecomes
1125 1644 1261 1678 noster
1309 1639 1473 1684 Kancie‚
1516 1639 1682 1677 statutis
1730 1639 1952 1677 hundredis
2001 1640 2042 1677 in
2091 1639 2287 1678 comitatu

576 1705 728 1744 Kancie
775 1704 892 1743 certis
939 1703 1001 1741 die
1049 1706 1087 1741 et
1135 1703 1222 1740 loco
1270 1702 1319 1740 ad
1368 1703 1607 1739 mandatum
1662 1714 1816 1747 eorum,
1866 1714 2001 1740 coram
2049 1701 2105 1739 eis
2152 1702 2288 1740 venire

577 1768 708 1811 faciet,
757 1768 825 1817 qui
882 1765 1077 1816 jurabunt
1134 1778 1269 1803 coram
1327 1764 1477 1802 eisdem
1538 1764 1578 1800 in
1646 1763 1853 1813 presencia
1918 1763 2174 1803 baillivorum
2240 1765 2288 1803 de

523 1826 527 1830 ’
576 1831 746 1879 singulis
787 1829 908 1874 villis,
957 1828 990 1866 si
1038 1827 1231 1865 interesse
1280 1826 1493 1869 voluerint,
1543 1826 1648 1875 quod
1705 1825 1901 1864 auxilium
1959 1826 2059 1863 illud
2115 1826 2290 1865 fideliter

577 1892 809 1932 assidebunt
865 1895 905 1929 et
970 1889 1209 1929 rationabile
1274 1889 1453 1938 precium
1521 1892 1726 1938 apponent
1791 1888 1980 1927 omnibus
2037 1888 2155 1927 rebus
2211 1902 2287 1939 que

577 1955 841 2005 appreciande
881 1953 1032 1991 fuerint
1080 1953 1301 1990 secundum
1345 1963 1605 1989 communem
1645 1956 1683 1988 et
1722 1951 1873 1999 justam
1913 1951 2215 1990 estimationem
2250 1955 2288 1990 et

577 2018 767 2063 valorem,
817 2015 948 2065 gratia
999 2015 1061 2053 vel
1116 2014 1207 2052 odio
1260 2015 1321 2052 vel
1373 2013 1452 2050 alia
1503 2015 1711 2051 occasione
1757 2024 1839 2049 non
1892 2013 2150 2062 impediente.
2236 2016 2289 2052 Et

578 2084 714 2130 postea
751 2077 969 2128 particulas
1018 2076 1259 2115 catalloruni
1308 2074 1493 2113 omnium
1543 2078 1581 2112 et
1629 2074 1807 2123 precium
1847 2074 2062 2112 ostendent
2098 2075 2288 2124 predictis

576 2146 749 2193 quatuor
800 2139 1001 2178 militibus
1040 2143 1080 2177 et
1118 2139 1261 2177 clerico
1301 2142 1340 2176 ct
1387 2138 1502 2187 juxta
1545 2137 1815 2186 provisionem
1854 2137 2035 2186 ipsorum
2075 2138 2288 2187 pecuniam

577 2205 689 2242 illam
728 2203 919 2252 colligent
958 2206 997 2240 et
1035 2201 1185 2239 eisdem
1229 2199 1430 2238 militibus
1478 2203 1517 2237 et
1565 2199 1708 2237 clerico
1755 2199 1937 2237 deferent
1984 2202 2023 2237 et
2060 2199 2290 2240 liberabunt

578 2280 646 2318 per
712 2266 859 2305 taillias
934 2268 973 2302 ct
1047 2263 1200 2302 rotulos
1277 2262 1496 2312 particulas
1572 2261 1829 2299 continentes
1903 2263 2178 2311 reponendam
2245 2264 2287 2302 in

578 2330 757 2380 prioratu
812 2328 958 2367 Sancte
1010 2326 1222 2364 Trinitatis
1288 2325 1531 2365 Cantuarie;
1593 2323 1884 2373 archiepiscopi
1938 2337 2043 2370 vero,
2098 2325 2287 2376 episcopi,

581 2392 745 2431 abbates
774 2394 813 2429 et
851 2390 1002 2439 priores
1042 2389 1082 2426 in
1122 2388 1239 2427 terris
1280 2388 1362 2426 suis
1403 2392 1441 2425 et
1486 2386 1741 2424 libertatibus
1785 2387 1827 2424 in
1867 2386 2066 2425 comitatu
2111 2389 2290 2437 predicto

580 2468 649 2504 per
686 2456 857 2504 quatuor
895 2452 1041 2501 legales
1090 2451 1240 2489 milites
1289 2464 1382 2488 suos
1430 2450 1491 2488 vel
1540 2448 1686 2487 liberos
1734 2452 1772 2487 et
1820 2449 1969 2498 legales
2016 2449 2216 2498 homines,
2258 2452 2291 2490 si

581 2517 732 2554 milites
787 2527 868 2552 non
927 2513 1156 2558 habuerint,
1216 2512 1341 2550 simili
1397 2512 1516 2549 modo
1574 2514 1701 2549 totam
1763 2511 1984 2560 predictam
2048 2511 2290 2551 tricesimam

583 2578 852 2622 assidendam,
891 2576 1160 2625 colligendam
1201 2580 1239 2613 et
1277 2574 1528 2612 liberandam
1568 2573 1758 2622 predictis
1796 2576 1968 2622 quatuor
2005 2574 2205 2612 militibus
2254 2579 2293 2614 et

582 2641 761 2691 predicto
810 2639 952 2677 clerico
1008 2638 1057 2675 ad
1113 2638 1188 2675 hoc
1245 2636 1464 2675 attornatis
1522 2635 1750 2684 procedent.
1810 2635 1865 2672 Et
1922 2635 2129 2674 sciendum
2187 2638 2293 2687 quod

584 2702 753 2753 predicti
791 2704 963 2751 quatuor
1006 2700 1192 2738 homines
1230 2700 1277 2737 de
1316 2698 1488 2747 singulis
1526 2698 1633 2735 villis
1672 2710 1753 2735 non
1793 2696 1987 2747 jurabunt
2026 2698 2074 2735 de
2122 2700 2294 2749 propriis

585 2765 741 2806 catallis
776 2764 858 2802 suis
895 2776 967 2801 nec
1001 2763 1151 2801 eisdem
1204 2761 1384 2811 precium
1433 2763 1638 2810 apponent
1677 2763 1736 2798 set
1786 2759 1854 2797 alii
1891 2763 2063 2809 quatuor
2110 2762 2295 2801 homines

585 2830 632 2868 de
691 2826 862 2876 singulis
908 2825 1027 2871 villis,
1058 2825 1108 2862 ad
1155 2825 1230 2863 hoc
1278 2823 1391 2862 electi
1440 2836 1508 2872 per
1555 2822 1706 2860 milites
1754 2822 1968 2871 predictos,
2005 2822 2200 2873 jurabunt
2246 2825 2294 2863 de

585 2890 743 2931 catallis
799 2888 1068 2938 predictorum
1127 2887 1306 2936 priorum
1358 2888 1530 2936 quatuor
1580 2885 1793 2922 hominum
1849 2885 2072 2923 secundum
2122 2886 2295 2925 formam

585 2953 835 3005 predictam3
876 2950 1013 2987 nullus
1057 2953 1192 2987 autem
1232 2961 1382 2998 pauper
1434 2948 1557 2986 homo
1606 2947 1669 2985 vel
1721 2947 1866 2985 mulier
1915 2947 2068 2997 aliquid
2119 2949 2169 2986 ad
2221 2949 2296 2988 hoc

587 3015 764 3056 conferet
812 3012 889 3050 nisi
935 3011 1081 3049 habeat
1120 3011 1161 3048 in
1202 3010 1318 3048 bonis
1356 3010 1573 3060 plusquam
1612 3009 1666 3046 xl.
1707 3008 1930 3047 denarious.
2009 3009 2136 3048 Debet
2173 3011 2295 3049 etiam

588 3078 698 3117 reddi
737 3075 907 3126 pecunia
946 3074 1125 3122 predicta
1163 3073 1213 3111 ad
1258 3073 1331 3110 hos
1380 3072 1478 3110 duos
1527 3071 1736 3117 terminos,
1775 3071 1962 3110 videlicet
2008 3072 2204 3110 medietas
2257 3074 2299 3111 in

588 3139 765 3180 crastino
815 3136 955 3177 Sancti
1004 3135 1161 3173 Andree
1199 3148 1306 3173 anno
1351 3134 1463 3183 regni
1508 3133 1639 3172 nostri
1685 3133 1782 3184 xxij.
1775 3163 1798 3179 .,
1848 3136 1886 3171 et
1931 3133 2056 3171 altera
2102 3135 2297 3173 medietas

588 3204 631 3241 in
698 3199 874 3240 crastino
946 3197 1092 3236 Sancte
1163 3196 1376 3234 Trinitatis
1446 3208 1554 3233 anno
1622 3195 1774 3233 eodem.
1861 3196 1943 3233 Nos
2010 3198 2146 3233 autem
2204 3209 2296 3235 con-

589 3264 783 3305 cessimus
838 3257 1436 3308 archiepiscopis,episcopis,
1495 3256 1720 3302 abbatibus,
1789 3256 2002 3306 prioribus,
2067 3257 2297 3306 comitibus,

589 3325 806 3366 baronibus
844 3325 883 3361 et
922 3320 1033 3360 vobis
1081 3319 1269 3358 omnibus
1317 3319 1406 3357 aliis
1455 3319 1502 3357 de
1550 3332 1673 3368 regno
1721 3321 1872 3365 nostro,
1912 3319 2018 3368 quod
2066 3322 2150 3357 tam
2190 3323 2301 3358 carta

590 3392 728 3428 nostra
791 3386 839 3424 de
896 3383 1044 3422 foresta
1113 3394 1234 3432 quam
1292 3381 1371 3419 alia
1427 3383 1537 3419 carta
1593 3383 1731 3419 nostra
1787 3381 1834 3420 de
1890 3380 2144 3420 libertatibus
2200 3394 2299 3431 quas
