2375 3587
153 326 294 374 1235.

149 393 208 433 [m.
240 391 309 432 10.]

1021 189 1073 230 19
1116 184 1322 227 HENRY
1362 183 1447 224 ΙΙΙ.
2033 174 2086 214 99

386 395 541 443 partem
570 391 751 431 vendidit
779 394 818 429 et
848 390 970 428 aliam
1000 390 1156 438 partem
1185 383 1409 425 venditioni
1439 381 1617 431 exponit.
1713 379 1767 416 Et
1806 372 2089 414 mandavimus

384 456 513 494 eidem
543 454 707 493 Matheo
743 453 850 503 quod
884 452 932 490 de
969 450 1148 500 predicta
1190 452 1296 487 terra
1338 445 1495 484 nullam
1538 442 1660 481 faciat
1703 438 1983 479 venditionem
2028 432 2090 471 vel

385 517 686 556 alienationem.
764 515 819 553 Et
867 513 945 552 nisi
983 511 1133 558 fecerit,
1173 513 1219 549 tu
1252 508 1338 547 fieri
1372 506 1510 545 facias.
1570 505 1687 542 Teste
1721 504 1766 540 ut
1806 511 1939 549 supra.

494 595 735 636 Consimiles
772 595 904 633 littere
941 592 1089 631 directe
1128 593 1224 630 sunt
1260 587 1439 638 predicto
1477 584 1655 623 Matheo.

498 718 576 754 Pro
622 716 801 764 magsistro
850 714 999 751 Minoia
1047 707 1503 760 TempZi.—Mandatu1n
1559 705 1618 741 est
1676 698 1903 739 Alexandro
1958 696 2095 732 Bacun

390 779 496 830 quod
549 780 712 816 centum
769 777 915 815 solidos
969 773 1096 812 annui
1162 771 1354 815 redditus,
1419 779 1518 817 quos
1584 776 1716 803 comes
1784 763 1950 809 Conayn
1987 754 2097 793 dedit

392 841 585 891 magistro
640 843 678 878 et
733 837 925 877 fratribus
983 835 1134 874 Milicie
1188 832 1346 881 Templi
1404 831 1445 867 in
1503 827 1650 876 Anglia
1709 820 1987 873 percipiendos
2050 816 2098 852 de

392 903 573 942 manerio
604 903 651 940 de
680 899 999 949 Wassingburg’‚
1030 897 1181 936 eisdem
1220 894 1415 943 magistro
1452 896 1492 930 et
1522 888 1715 928 fratribus
1747 885 1832 923 sine
1862 879 2099 920 difficultate

392 965 538 1004 habere
584 964 718 1009 faciat,
756 963 859 1002 sicut
906 961 996 999 illos
1045 959 1246 1010 percipere
1292 956 1587 995 consueverunt
1635 953 1852 997 antequam
1899 942 2101 993 predictus

393 1028 523 1065 honor
550 1029 653 1065 esset
683 1025 725 1062 111
757 1037 882 1062 manu
910 1022 1028 1072 regis,
1087 1021 1205 1058 Teste
1234 1020 1279 1057 ut
1309 1029 1443 1066 supra.
1502 1014 1578 1052 Per
1607 1013 1655 1050 R.
1685 1009 1816 1048 filium
1848 1002 2045 1044 Nicholai.

509 1150 561 1186 De
598 1148 792 1185 maeremio
830 1147 879 1182 ad
917 1144 1047 1181 aulam
1084 1144 1126 1178 ‹Ie
1158 1135 1685 1178 Keninton'.-Mandatum
1716 1133 1776 1168 est
1807 1124 2104 1167 constabulario

398 1211 576 1250 Windes'
615 1209 720 1259 quod
767 1207 888 1245 faciat
935 1204 1080 1243 habere
1127 1202 1321 1252 magistro
1359 1198 1566 1242 Nicholao‚
1607 1190 1860 1242 carpentario
1908 1187 2025 1237 regis,
2065 1189 2104 1223 et

397 1273 513 1312 sociis
553 1272 635 1310 suis
673 1269 937 1308 maeremium
976 1268 1017 1305 in
1058 1266 1207 1304 foresta
1244 1264 1291 1301 de
1329 1260 1522 1303 Windes'‚
1564 1256 1632 1295 ubi
1672 1254 1773 1293 illud
1811 1248 2106 1300 competentius

398 1339 437 1374 et
484 1333 734 1374 commodius
782 1343 920 1380 capere
966 1331 1169 1379 poterunt,
1218 1326 1266 1364 ad
1314 1324 1450 1363 aulam
1510 1319 1713 1371 quandam
1762 1315 1811 1354 ad
1860 1324 1959 1363 opus
2005 1310 2108 1360 regis

400 1397 623 1437 faciendam
660 1394 765 1445 apud
806 1393 1042 1431 Keninton’.
1130 1391 1247 1427 Teste
1285 1391 1328 1425 ut
1369 1398 1503 1435 supra.

514 1519 587 1554 Pro
631 1516 832 1553 Amamicn
880 1515 921 1549 «Ie
959 1513 1096 1550 Sancto
1140 1510 1314 1547 Amouda
1365 1508 1405 1543 tle
1452 1504 1623 1542 custodia
1669 1500 1785 1536 castri
1831 1505 1865 1534 et
1911 1496 2109 1532 comitatus

404 1577 764 1629 Herejforzl'.—Rex
784 1573 1002 1614 baronibus
1022 1572 1105 1611 suis
1125 1571 1172 1609 de
1190 1568 1397 1610 Scaccario
1419 1566 1605 1605 salutem.
1658 1560 1805 1601 Sciatis
1825 1557 1930 1609 quod
1950 1567 2108 1595 conces-

402 1644 530 1683 simus
556 1641 703 1680 dilecto
732 1642 771 1677 et
798 1637 907 1676 fideli
935 1638 1073 1675 nostro
1094 1633 1310 1672 Amaurico
1337 1631 1384 1668 de
1406 1629 1556 1668 Sancto
1577 1623 1762 1663 Amando
1789 1621 1895 1671 quod
1923 1632 1945 1657 a
1965 1618 2108 1656 Pente-

402 1709 525 1748 coste,
546 1715 653 1742 anno
673 1701 786 1751 regni
806 1699 935 1738 nostri
954 1697 1066 1747 xviij.
1090 1708 1214 1745 usque
1241 1694 1290 1732 ad
1309 1692 1589 1734 Pentecosten,
1612 1698 1720 1725 anno
1748 1682 1859 1732 regni
1880 1680 2007 1719 nostri
2028 1679 2108 1716 xix.

403 1768 549 1806 habeat
596 1768 760 1804 centum
806 1774 961 1800 marcas
1010 1760 1057 1797 de
1108 1756 1284 1796 exitibus
1339 1753 1555 1792 comitatus
1605 1747 1735 1786 nostri
1788 1743 1998 1782 Hereford'
2040 1753 2110 1790 pro

405 1829 587 1870 custodia
624 1826 803 1877 ejusdem
841 1823 1058 1862 comitatus
1088 1824 1127 1859 et
1165 1818 1285 1858 castri
1316 1815 1443 1855 nostri
1474 1810 1683 1852 Hereford'
1713 1813 1892 1857 tempore
1921 1804 2111 1854 predicto,

407 1893 475 1931 ubi
513 1891 624 1941 prius
662 1901 744 1927 non
779 1886 927 1936 recepit
963 1883 1041 1922 nisi
1079 1885 1221 1933 quater
1254 1878 1401 1929 viginti
1440 1887 1618 1918 marcas3
1660 1874 1699 1910 et
1738 1869 1844 1920 quod
1883 1866 2028 1905 habeat
2066 1865 2113 1902 de

407 1954 581 1995 exitibus
618 1950 806 2002 predictis
855 1962 877 1987 a
925 1947 1104 1998 predicto
1151 1943 1321 1983 termino
1360 1940 1619 1979 Pentecostes
1667 1946 1775 1972 anno
1813 1931 1968 1969 decimo
2006 1939 2115 1965 nono

408 2030 533 2068 usque
571 2015 620 2053 ad
658 2013 808 2051 festum
844 2009 981 2049 Sancti
1020 2006 1232 2046 Michaelis
1270 2016 1378 2042 anno
1417 2001 1558 2040 eodem
1604 2009 1676 2047 pro
1714 1993 1898 2034 custodia
1936 1990 2115 2041 predicta

407 2079 553 2130 viginti
590 2079 629 2115 et
662 2075 837 2125 quinque
870 2084 1038 2111 marcas.
1115 2069 1171 2107 Et
1209 2067 1297 2105 ideo
1344 2063 1457 2103 vobis
1507 2060 1746 2099 mandamus
1785 2054 1890 2105 quod
1937 2053 1993 2091 sic
2029 2050 2115 2089 fieri

410 2148 448 2184 et
477 2137 689 2181 inrotulari
720 2136 892 2175 faciatis.
970 2133 1087 2171 Teste
1126 2133 1171 2169 ut
1210 2141 1345 2179 supra.

525 2266 598 2302 Pro
635 2262 762 2299 abbatf²
799 2260 841 2294 de
882 2251 1330 2293 (fie›·tes·’.—Mandatum
1369 2249 1428 2285 est
1462 2240 1761 2284 constabulario
1797 2237 1976 2276 Windes‘
2011 2234 2117 2285 quod

411 2325 678 2379 quadraginta
724 2331 891 2371 quercus
934 2318 1062 2366 [quas]
1104 2326 1171 2351 rex
1218 2311 1326 2350 dedit
1374 2307 1509 2347 abbati
1558 2306 1605 2343 de
1655 2303 1802 2342 Certes’
1843 2300 1885 2338 in
1924 2299 1960 2335 le
2000 2297 2117 2334 Frith

412 2390 521 2429 infra
572 2388 765 2425 forestam
817 2382 865 2420 de
918 2378 1110 2423 Windes'‚
1164 2373 1286 2413 faciat
1339 2371 1374 2409 ei
1426 2369 1572 2408 habere
1629 2366 1671 2403 in
1729 2365 1768 2402 la
1819 2362 1959 2410 Rugge
2010 2359 2118 2396 infra

414 2452 582 2491 eandem
630 2448 835 2490 forestam,
884 2440 964 2480 nisi
1010 2452 1076 2478 eas
1122 2435 1309 2475 habuerit
1357 2433 1398 2472 in
1446 2432 1485 2470 la
1533 2429 1651 2468 Frith
1700 2439 1769 2477 per
1818 2424 1916 2463 alias
1964 2422 2119 2460 litteras

415 2514 520 2564 regis
557 2511 649 2550 inde
683 2508 719 2547 ei
756 2507 940 2546 directas.
999 2502 1117 2541 Teste
1155 2501 1202 2538 ut
1239 2509 1373 2548 supra.

524 2637 603 2673 Pro
661 2633 802 2669 Thema
855 2630 897 2665 de
953 2621 1384 2674 &myst—Mandatum
1442 2619 1502 2656 est
1558 2611 1786 2653 vicecomiti
1841 2609 1959 2648 Dors'
2016 2606 2121 2657 quod

417 2697 618 2747 arreragia
654 2691 864 2732 duodecim
910 2687 1105 2726 librarum
1153 2684 1200 2722 de
1239 2681 1414 2722 termino
1453 2677 1608 2717 Pasche
1646 2673 1829 2725 proximo
1866 2669 2045 2721 preteriti
2084 2672 2123 2706 et

418 2762 541 2801 etiam
580 2754 780 2804 arreragia
817 2753 864 2789 de
903 2750 992 2788 aliis
1031 2746 1229 2792 terminis,
1277 2744 1311 2783 si
1359 2755 1439 2792 qua
1484 2739 1680 2778 debentur
1722 2736 1875 2773 Thome
1914 2733 1961 2770 de
2000 2730 2122 2779 Gorg'

418 2825 466 2862 de
504 2819 691 2872 predictis
729 2813 939 2854 duodecim
978 2810 1104 2856 libris,
1140 2821 1216 2858 que
1255 2806 1290 2845 ei
1329 2802 1543 2843 annuatim
1583 2799 1779 2838 debentur
1823 2796 1872 2833 ad
1917 2793 2123 2844 perficien-

419 2888 516 2925 dum
564 2879 708 2930 viginti
753 2876 890 2920 libras,
940 2886 1021 2911 una
1067 2884 1161 2910 cum
1208 2866 1388 2907 manerio
1430 2865 1476 2903 de
1526 2860 1752 2906 Pourstok’,
1792 2858 1921 2896 eidem
1972 2855 2124 2892 Thome

422 2949 508 2987 sine
545 2942 739 2983 dilatione
776 2936 990 2988 persolvat.
1049 2933 1165 2971 Teste
1204 2933 1249 2969 ut
1288 2940 1422 2978 supra.

536 3071 608 3107 Pro
644 3067 856 3112 flasset-amo
886 3062 928 3097 de
959 3055 1302 3096 P2·atezlis.--Rex
1332 3049 1569 3102 perdonavit
1608 3047 1839 3096 Engeramo
1869 3042 1915 3079 de
1943 3039 2128 3078 Pratellis

423 3133 600 3186 quinque
651 3137 818 3170 marcaS‚
862 3134 938 3172 que
976 3119 1025 3158 ab
1065 3131 1110 3157 eo
1152 3116 1371 3166 exiguntur
1417 3126 1488 3163 per
1526 3106 1888 3148 summonitionem
1929 3100 2126 3141 Scaccarii

424 3195 528 3245 regis
558 3193 606 3230 de
638 3187 805 3239 prestito
834 3185 940 3223 facto
960 3182 1193 3230 Engeramo
1214 3177 1320 3228 patri
1350 3189 1422 3215 suo
1451 3175 1494 3212 in
1524 3170 1731 3212 obsidione
1760 3165 1879 3206 castri
1900 3162 2125 3201 Bedeford'.

425 3260 482 3298 Et
519 3253 758 3294 mandatum
806 3250 866 3285 est
911 3243 1128 3284 baronibus
1166 3241 1213 3279 de
1263 3237 1469 3279 Scaccario
1516 3234 1621 3284 quod
1662 3232 1796 3280 ipsum
1848 3227 2126 3274 Engeramum

425 3322 472 3359 de
510 3313 699 3368 predictis
743 3309 920 3360 quinque
971 3304 1117 3344 marcis
1155 3302 1337 3353 quietum
1385 3311 1470 3338 esse
1518 3295 1683 3334 faciant.
1760 3290 1876 3328 Teste
1910 3289 1955 3325 ut
1993 3297 2126 3335 supra.

427 3383 504 3423 Per
541 3377 774 3430 episcopum
813 3368 1129 3408 Karleolensem.
