2375 3587
241 185 323 226 274

304 314 431 360 1236

301 382 360 420 [m.
379 380 444 418 11.]

1172 187 1357 230 CLOSE
1402 183 1608 229 ROLLS.

651 384 703 419 De
742 386 935 420 maerentia
973 386 1021 420 ad
1061 385 1310 420 molendinum
1351 381 1817 428 Natingl’.——Mandatum
1865 383 1925 418 est
1972 379 2149 417 Johanni
2187 379 2234 417 de

538 445 696 491 Nevill’,
744 445 965 495 justiciario
1012 445 1168 489 foreste,
1209 444 1313 493 quod
1349 443 1612 480 maeremium
1647 443 1751 491 quod
1790 444 2036 491 prostratum
2076 441 2153 479 fuit
2191 441 2233 478 in

538 505 656 544 bosco
690 507 792 555 regis
830 507 877 544 de
916 506 1084 556 Willeye
1123 510 1300 553 tempore
1340 503 1500 541 Radulfi
1538 503 1611 540 filii
1651 503 1835 541 Nicholai
1873 504 1921 541 ad
1955 502 2233 541 molendinum

537 568 639 617 regis
691 568 765 606 sub
815 571 944 607 castro
992 567 1155 615 Noting'
1206 565 1474 614 reparandum
1525 565 1736 614 permittat
1787 564 2010 603 vicecomiti
2067 564 2231 613 Noting‘

536 630 729 668 abducere
776 630 824 667 ad
872 628 1165 678 reparationem
1213 626 1435 665 molendini
1478 626 1658 676 predicti.
1717 626 1773 665 Et
1810 639 1857 664 ex
1895 639 1973 675 quo
2009 625 2233 675 predictum

535 692 798 729 maeremium
828 690 1014 729 defecerit
1052 702 1120 738 per
1148 688 1280 726 visum
1316 687 1619 726 forestariorum
1648 689 1687 725 et
1710 687 1989 725 viridariorum
2027 686 2235 736 permittat

536 754 666 802 ipsum
729 753 1006 791 vicecomitem
1073 752 1201 789 facere
1268 749 1466 798 prosterni
1524 752 1563 788 et
1620 748 1763 787 abduci
1819 749 1861 786 in
1918 749 2058 787 eodem
2116 747 2235 786 bosco

537 815 797 852 maeremium
835 815 883 851 ad
922 812 1204 851 sufficientiam
1243 812 1291 849 ad
1339 811 1564 860 predictum
1612 810 1889 848 molendinum
1937 810 2231 859 reparandum:

537 877 743 925 permittat
776 877 897 914 etiam
929 875 1100 912 eundem
1134 873 1410 912 vicecomitem
1443 872 1589 911 habere
1627 873 1870 911 estoverium
1905 885 2024 910 suum
2056 872 2097 910 in
2130 872 2233 923 haya

536 938 582 975 de
622 938 828 976 Betswode
866 937 913 975 de
951 940 1110 974 mortuo
1148 939 1187 974 et
1226 935 1330 974 sicco
1368 934 1498 973 bosco.
1558 935 1674 972 Teste
1713 937 1757 972 ut
1795 947 1927 983 supra.

647 1060 721 1096 l’ra
749 1060 874 1107 priore
903 1065 936 1094 et
965 1058 1155 1095 monachis
1184 1058 1225 1093 «Ie
1254 1056 1529 1094 Hurl'.—-Rex
1561 1068 1629 1105 per
1659 1058 1808 1094 cartam
1836 1047 1950 1093 suam
1983 1056 2234 1095 confirmavit

535 1122 655 1171 priori
694 1125 732 1158 et
771 1120 980 1158 monachis
1019 1120 1065 1157 de
1105 1119 1222 1156 Hurl’
1271 1118 1467 1168 quasdam
1506 1118 1711 1157 libertates
1757 1122 1795 1156 et
1838 1118 2085 1168 quietancias
2123 1119 2233 1168 prius

533 1185 588 1222 eis
627 1197 649 1221 a
687 1181 1026 1232 predecessoribus
1065 1181 1180 1230 regis,
1221 1180 1379 1229 regibus
1417 1181 1574 1230 Anglie,
1608 1193 1828 1227 concessas,
1861 1180 2006 1231 quibus
2039 1181 2232 1230 quasdam

533 1245 737 1283 libertates
768 1248 807 1282 et
839 1244 1090 1293 quietancias
1121 1243 1271 1280 eisdem
1301 1242 1423 1292 priori
1452 1246 1490 1280 et
1521 1243 1732 1281 monachis
1763 1242 1810 1280 de
1844 1243 2099 1281 concessione
2132 1242 2235 1292 regis

534 1308 580 1345 de
615 1319 718 1344 novo
747 1306 861 1344 duxit
892 1305 1107 1350 addendas,
1144 1304 1246 1342 sicut
1280 1304 1321 1341 in
1351 1307 1461 1342 carta
1490 1304 1594 1353 regis
1623 1317 1744 1353 quam
1775 1304 1867 1342 inde
1896 1303 2047 1343 habent
2076 1304 2235 1353 plenius

534 1368 776 1406 continetur.
862 1370 915 1405 Et
966 1367 1205 1404 mandatum
1258 1369 1317 1404 est
1368 1365 1603 1415 justiciariis
1653 1366 1835 1415 proximo
1884 1366 2134 1404 itineraturis
2184 1366 2234 1404 ad

535 1430 682 1479 placita
730 1430 874 1467 foreste
918 1430 959 1466 in
1003 1429 1200 1467 comitatu
1239 1426 1357 1465 Berk’
1398 1428 1503 1476 quod
1546 1430 1699 1466 cartam
1738 1427 1850 1465 illam
1889 1440 2022 1466 coram
2062 1427 2117 1466 eis
2155 1428 2234 1477 legi

534 1495 572 1529 et
620 1490 824 1529 libertates
871 1494 909 1529 et
957 1490 1205 1540 quietancias
1250 1489 1292 1526 in
1332 1501 1377 1526 ea
1415 1492 1625 1527 contentas
1663 1489 1719 1526 eis
1758 1489 1885 1527 teneri
1923 1488 2090 1535 faciant,
2130 1489 2233 1528 sicut

535 1554 758 1603 predictum
797 1556 869 1591 est.
929 1552 1045 1590 Teste
1082 1564 1172 1601 rege
1211 1550 1317 1600 apud
1356 1551 1586 1598 Merewell',
1625 1550 1708 1602 viij.
1749 1551 1811 1589 die
1851 1550 1978 1588 Junii.

645 1675 698 1711 De
753 1671 1264 1722 qm·rc11b113.-—Ma11datum
1322 1673 1381 1708 est
1439 1670 1618 1708 Johanni
1683 1670 1730 1708 de
1797 1670 1953 1716 Nevill'‚
2009 1670 2234 1721 justiciario

534 1737 691 1781 foreste,
730 1735 833 1784 quod
872 1734 904 1772 si
943 1734 1123 1772 nondum
1162 1732 1306 1770 habere
1340 1732 1477 1770 fecerit
1516 1732 1578 1771 W.
1612 1732 1659 1769 de
1693 1731 1869 1777 Kirkeh’,
1904 1732 2054 1770 decano
2094 1732 2234 1772 Sancti

534 1798 701 1835 Martini
741 1797 882 1842 Lond’,
922 1796 1098 1845 quinque
1137 1807 1306 1844 quercus
1346 1794 1394 1831 ad
1433 1795 1696 1832 maeremium
1729 1794 1770 1831 in
1801 1806 1920 1843 parco
1957 1794 2004 1832 de
2044 1794 2232 1832 Hadfeld’

534 1873 602 1909 per
652 1859 890 1897 mandatum
940 1858 1042 1907 regis
1091 1857 1126 1895 ei
1176 1856 1268 1894 inde
1313 1855 1424 1905 prius
1470 1855 1680 1901 directum,
1732 1858 1827 1894 tunc
1879 1856 1969 1894 illas
2026 1856 2067 1894 in
2115 1868 2233 1906 parco

533 1922 709 1971 predicto
747 1921 781 1958 ei
820 1920 964 1958 habere
1002 1919 1136 1964 faciat,
1176 1930 1258 1956 non
1297 1917 1484 1956 obstante
1520 1930 1565 1955 eo
1612 1917 1716 1967 quod
1758 1917 1957 1956 Walter-us
2004 1918 2051 1956 de
2097 1918 2233 1967 Burgo

533 1983 757 2021 manerium
815 1983 862 2021 de
914 1981 1118 2020 Haldfeld'
1167 1980 1272 2029 cepit
1322 1979 1363 2017 111
1416 1992 1584 2017 manum
1635 1979 1751 2028 regis.
1827 1979 1943 2017 Teste
1991 1992 2080 2029 rege
2128 1980 2233 2029 apud

533 2045 798 2090 wintoniam,
842 2045 892 2084 ix.
932 2044 994 2082 die
1034 2042 1163 2081 Junii.

644 2165 697 2201 De
752 2161 1266 2213 qnet-cubzia—Mandatum
1324 2164 1383 2198 est
1439 2159 1610 2198 Ricardo
1661 2160 1707 2198 de
1756 2160 1999 2199 Muntfichet
2046 2161 2151 2211 quod
2199 2161 2231 2198 si

534 2227 713 2264 nondum
752 2225 896 2263 habere
935 2225 1072 2263 fecerit
1110 2223 1239 2262 eidem
1276 2223 1337 2261 W.
1377 2222 1553 2272 quinque
1597 2234 1765 2272 quercus
1816 2223 1857 2260 in
1902 2223 2050 2261 foresta
2092 2223 2231 2261 Essex'

533 2290 581 2326 ad
620 2288 883 2326 maeremium
916 2288 1007 2325 iude
1046 2286 1277 2324 faciendum
1312 2285 1361 2323 ad
1394 2285 1604 2334 grangiam
1635 2285 1839 2335 quandam
1871 2285 2094 2324 faciendam
2126 2285 2232 2335 apud

534 2352 760 2389 manerium
801 2351 903 2399 regis
942 2350 989 2388 de
1028 2349 1219 2398 Neuport,
1261 2348 1364 2386 sicut
1412 2361 1479 2385 rex
1518 2348 1628 2397 prius
1668 2348 1703 2386 ei
1743 2348 1964 2394 mandavit,
2006 2350 2102 2386 tunc
2141 2348 2231 2386 illas

533 2413 707 2462 quinque
746 2425 913 2461 quercus
951 2412 985 2449 ei
1025 2410 1168 2448 habere
1199 2410 1320 2448 faciat
1353 2410 1395 2446 in
1431 2409 1549 2448 bosco
1583 2410 1630 2447 de
1668 2410 1901 2455 Hadhfeld’,
1934 2422 2016 2448 non
2048 2409 2232 2448 obstante

534 2488 579 2512 eo
607 2475 711 2524 quod
743 2474 943 2512 Walterus
982 2474 1029 2511 de
1064 2473 1199 2522 Burgo
1238 2472 1465 2510 manerium
1501 2472 1548 2509 de
1583 2471 1803 2525 Hadhfeld’
1839 2471 1942 2521 cepit
1981 2472 2022 2509 in
2061 2484 2229 2510 manum

535 2537 651 2586 regis.
710 2538 825 2574 Teste
864 2548 954 2585 rege
992 2538 1037 2573 ut
1075 2547 1208 2583 supra.

642 2657 696 2692 De.
724 2656 990 2702 perdonatione
1022 2653 1285 2691 nsure.——Rex
1314 2653 1549 2702 perdonavit
1578 2652 1753 2691 Roberto
1782 2653 1830 2691 de
1860 2653 2070 2703 Pedhling’
2102 2656 2230 2692 totam

534 2730 698 2754 usuram
728 2716 953 2754 debitorum
982 2715 1024 2752 in
1055 2714 1200 2765 quibus
1230 2717 1389 2752 tenetur
1412 2716 1537 2761 Isaac,
1563 2715 1691 2753 Judeo
1720 2715 1901 2765 Noting’‚
1932 2718 1971 2754 et
2001 2715 2228 2762 Benedicto,

533 2779 661 2816 Judeo
708 2778 923 2824 Warewic',
973 2777 1083 2815 salva
1129 2777 1318 2826 predictis
1357 2776 1495 2815 Judeis
1538 2780 1643 2816 sorte
1681 2777 1951 2826 predictorum
1990 2777 2229 2816 debitorum.

534 2841 588 2879 Et
626 2841 863 2878 mandatum
901 2842 961 2878 est
999 2839 1232 2890 justiciariis
1268 2839 1318 2876 ad
1355 2839 1579 2877 custodiam
1615 2839 1836 2878 Judeorum
1875 2839 2089 2889 assignatis
2126 2840 2231 2890 quod

532 2903 578 2940 de
602 2915 720 2939 usura
748 2902 924 2951 predicta
951 2901 1084 2950 ipsum
1114 2900 1334 2939 Robertum
1364 2900 1545 2950 quietum
1575 2913 1659 2939 esse
1687 2904 1726 2939 et
1755 2902 1804 2939 ad
1834 2905 1982 2940 sortem
2013 2902 2229 2940 eorundem

532 2964 756 3002 debitorum
813 2963 1000 3012 predictis
1056 2963 1195 3000 Judeis
1252 2962 1495 3000 reddendam
1551 2963 1680 3001 eidem
1737 2963 1909 3002 Roberto
1972 2963 2230 3002 rationabiles

534 3026 728 3064 terminos
765 3025 909 3063 habere
947 3025 1110 3063 faciant.
1186 3024 1304 3063 Teste
1342 3027 1386 3062 ut
1425 3038 1557 3074 supra.

641 3147 697 3182 De
733 3147 922 3182 roboribus
960 3144 1373 3183 ‹latis.-—--Mandatum
1412 3147 1471 3183 est
1510 3146 1732 3195 Reginaldo
1770 3146 1817 3184 de
1850 3145 1952 3184 Albo
1986 3146 2230 3186 Monasterio

533 3208 637 3257 quod
675 3207 716 3244 in
756 3207 905 3244 foresta
943 3207 990 3244 de
1029 3206 1206 3244 Windes’
1247 3207 1369 3245 faciat
1418 3207 1562 3245 habere
1607 3207 1779 3246 Roberto
1823 3208 1870 3245 de
1918 3208 2049 3254 Cant’,
2089 3208 2230 3248 clerico

533 3269 635 3318 regis
673 3269 721 3306 de
757 3268 910 3317 capella.
954 3268 1071 3317 regis,
1112 3268 1190 3306 tria.
1236 3267 1378 3307 robora
1425 3269 1474 3306 ad
1521 3269 1656 3308 focum
1704 3282 1822 3307 suum
1867 3269 1915 3307 de
1961 3269 2066 3308 dono
2113 3271 2229 3320 regis.

535 3331 651 3368 Teste
668 3338 672 3339 ⁷
690 3333 735 3368 ut
750 3338 906 3379 *supra
