2375 3587
190 351 331 400 1237.

196 419 253 458 [m.
275 417 341 456 15.]

1053 222 1105 263 21
1149 218 1357 262 HENRY
1396 218 1481 261 ΠΙ.
2043 210 2124 254 431

425 428 564 466 capere
613 418 839 468 permittas,
917 418 1099 456 Inveniri
1147 417 1269 455 etiam
1319 416 1444 454 facias
1491 414 1620 453 eidem
1676 411 1855 451 Hamoni
1908 408 2129 458 cariagium

425 479 474 517 ad
513 481 771 519 venationem
821 480 933 518 illam
972 481 1021 518 ad
1070 493 1143 518 nos
1191 478 1424 517 cariandam
1473 476 1578 525 apud
1628 472 2050 516 Westmonasterium,
2091 472 2131 507 et

427 541 616 581 similiter
652 543 712 581 sal
750 543 800 581 ad
837 556 926 580 eam
966 542 1190 581 saliendam
1231 541 1263 579 si
1311 550 1472 578 necesse
1519 537 1655 575 fuerit.
1733 536 1789 574 Et
1828 537 1987 573 custum
2026 531 2131 582 quod

427 604 476 642 ad
514 605 591 644 hoc
629 606 823 655 posueris,
864 618 954 643 cum
993 605 1156 643 venatio
1203 604 1273 641 illa
1311 603 1408 641 illuc
1455 599 1623 645 venerit,
1665 598 1885 648 acquiet-ari
1924 596 2132 635 faciemus.

428 666 546 706 Teste
584 680 675 717 rege
713 668 820 717 apud
858 667 1043 714 Merton‘,
1083 666 1153 717 xij.
1194 666 1257 704 die
1296 664 1461 714 Aprilis.

536 781 592 817 De
643 782 857 818 maeremz'io
907 782 956 818 acl
1006 780 1187 828 capellam
1242 781 1284 816 'in
1336 784 1458 814 castro
1519 771 2021 812 H'1²11tonia-Mandatum
2074 770 2134 807 est

430 842 587 880 custodi
637 842 783 880 foreste
831 842 878 880 de
927 842 1027 880 Bere
1065 841 1171 892 quod
1221 839 1368 878 habere
1422 838 1543 876 faciat
1593 834 1819 874 vicecomiti
1867 833 1970 881 regis
2015 831 2132 871 Suht'

430 904 708 942 maerennium
767 904 809 942 in
867 905 1016 943 foresta
1072 903 1177 953 regis
1232 903 1279 940 de
1336 901 1437 939 Bere
1495 899 1544 937 ad
1600 898 1858 941 cheverones,
1917 895 2041 943 gistas
2097 896 2136 930 et

430 966 641 1015 planchias
679 967 885 1005 faciendos
933 967 982 1005 ad
1030 965 1309 1016 operacioneni
1359 962 1510 1012 capelle
1559 960 1662 1010 regis
1712 958 1853 998 Sancti
1901 957 2056 1006 Judocy
2094 955 2135 992 in

431 1032 561 1067 castro
598 1029 703 1079 regis
745 1029 951 1068 Wintonie
990 1028 1230 1067 faciendam.
1308 1025 1427 1064 Teste
1466 1036 1556 1074 rege
1596 1025 1641 1061 ut
1679 1033 1813 1071 supra.

540 1133 635 1171 Dies
672 1134 791 1172 datus
829 1136 890 1172 est
927 1145 1142 1172 commune
1181 1132 1228 1169 de
1267 1128 1516 1179 Aldingebir'
1556 1131 1596 1166 et
1635 1125 1844 1175 Stephano
1878 1124 1925 1162 de
1965 1123 2138 1172 Segrave

433 1196 480 1233 de
519 1195 677 1245 loquela
714 1209 790 1246 que
828 1198 888 1233 est
926 1195 1032 1233 inter
1065 1207 1130 1233 eos
1169 1206 1304 1232 coram
1344 1191 1509 1230 domino
1549 1202 1640 1239 rege
1685 1188 1732 1226 de
1780 1185 2139 1225 consuetudinibus

432 1262 471 1297 et
510 1258 687 1297 serviciis
724 1271 747 1296 a
785 1259 848 1296 die
887 1258 1040 1296 Pasche
1078 1257 1118 1295 in
1158 1270 1222 1295 xv.
1258 1255 1342 1293 dies
1381 1266 1514 1293 coram
1553 1252 1692 1291 eodem
1732 1262 1837 1299 rege,
1877 1248 1972 1299 quia
2016 1279 2024 1287 .
2072 1277 2080 1285 .
2129 1275 2140 1286 .

436 1322 667 1371 [Cancelled]
704 1323 803 1366 Quia
844 1329 894 1359 est
931 1323 973 1359 in
1012 1328 1110 1369 tergso
1148 1320 1268 1357 ¹rotuli
1304 1319 1427 1356 istius.

544 1427 623 1463 Pro
673 1428 781 1464 Luca
832 1428 873 1462 de
923 1422 1424 1463 Drzmzarcu—Mandatum
1479 1422 1539 1458 est
1589 1418 1762 1457 Ricardo
1813 1417 1861 1455 de
1914 1415 2141 1454 Munfichet

436 1489 541 1537 quod
580 1487 725 1526 habere
764 1488 885 1526 faciat
924 1487 1033 1525 Luce
1077 1486 1125 1524 de
1174 1485 1363 1523 Drumar’
1414 1483 1456 1521 in
1507 1481 1630 1520 ballia
1679 1479 1819 1518 Jacobi
1868 1478 1990 1517 Hoes’
2041 1478 2141 1515 duos

435 1551 589 1596 damoS‚
629 1551 676 1588 de
713 1550 817 1589 dono
855 1549 974 1599 regis.
1033 1549 1151 1587 Teste
1199 1560 1288 1596 rege
1336 1546 1442 1595 apud
1491 1544 1679 1589 Merton',
1720 1542 1820 1592 xiiij.
1865 1541 1927 1579 die
1975 1540 2140 1590 Aprilis.

545 1657 629 1693 Rex
667 1655 884 1693 baronibus
923 1654 1005 1692 suis
1043 1654 1090 1691 de
1131 1652 1352 1697 Scaccario,
1397 1650 1583 1688 salutem.
1645 1646 1792 1687 Sciatis
1830 1645 1936 1695 quod
1975 1645 2141 1695 perdon-

436 1718 594 1756 avimus
633 1718 741 1756 Luce
779 1718 825 1755 de
864 1717 1054 1754 Drumar'
1098 1729 1161 1753 xx.
1204 1714 1353 1753 solidos
1406 1725 1505 1762 quos
1558 1709 1797 1749 tailliatores
1846 1707 2142 1746 dominicorum

438 1784 669 1819 nostrorum
708 1780 750 1818 in
789 1779 986 1818 comitatu
1034 1778 1189 1816 Wiltes’
1237 1776 1473 1814 assederunt
1523 1785 1633 1811 anno
1685 1771 1797 1820 regni
1851 1769 1979 1807 nostri
2031 1768 2144 1819 xviij.

437 1856 555 1892 super
593 1842 780 1881 homines
817 1842 865 1880 de
904 1842 1073 1880 Burton'
1113 1840 1220 1890 quod
1259 1841 1319 1877 est
1361 1836 1576 1875 menbrum
1616 1835 1664 1873 de
1702 1833 1819 1880 Mer',
1861 1845 1941 1870 una
1979 1844 2071 1871 cum
2110 1844 2144 1870 c.

438 1905 586 1944 solidos
623 1918 723 1955 quos
762 1904 945 1943 dedimus
983 1903 1112 1941 eidem
1152 1902 1261 1940 Luce
1304 1900 1352 1938 de
1397 1898 1563 1947 tallagio
1612 1896 1739 1935 assiso
1791 1907 1909 1945 super
1961 1893 2147 1932 homines

439 1968 609 2006 manerii
647 1968 694 2005 de
731 1968 826 2005 Mer'
866 1965 971 2016 quod
1011 1965 1117 2003 idem
1157 1964 1289 2002 Lucas
1328 1961 1472 2001 habuit
1510 1961 1558 1999 de
1592 1958 1714 1998 ballio
1753 1960 1904 1997 nostro.
1964 1957 2020 1996 Et
2060 1956 2148 1995 ideo

440 2030 552 2069 vobis
603 2030 846 2069 mandamus
901 2028 1007 2078 quod
1064 2039 1198 2077 ipsum
1251 2026 1406 2064 Lucam
1457 2024 1549 2062 inde
1601 2022 1785 2072 quietum
1837 2033 1922 2060 esse
1972 2018 2146 2059 faciatis

443 2093 562 2132 Teste
600 2106 691 2143 rege
728 2095 774 2131 ut
813 2104 947 2141 supra.

548 2172 603 2211 Et
641 2171 881 2210 mandatum
921 2174 980 2208 est
1014 2168 1241 2208 vicecomiti
1276 2167 1433 2206 Wiltes'
1468 2166 1574 2216 quod
1607 2165 1654 2203 de
1689 2162 1877 2213 predictis
1909 2175 1974 2199 xx.
2012 2160 2150 2200 solidis

440 2234 574 2284 ipsum
622 2236 775 2272 Lucam
822 2245 961 2283 pacem
1005 2231 1152 2270 habere
1190 2230 1399 2280 permittat
1438 2232 1477 2267 et
1520 2227 1654 2266 averia
1694 2225 1820 2276 ipsius
1858 2238 1904 2263 ea
1942 2224 2150 2263 occasione

442 2300 559 2347 capta
596 2296 631 2335 ei
670 2295 881 2334 deliberari
922 2294 1056 2333 faciat.
1117 2294 1234 2331 Teste
1274 2306 1363 2342 rege
1402 2295 1446 2329 ut
1485 2304 1620 2340 supra.

552 2403 608 2438 De
644 2414 818 2438 consensu
861 2401 952 2448 reglis
980 2401 1020 2436 *in
1052 2399 1261 2436 elec-tionem
1291 2399 1333 2433 <Ie
1355 2393 1720 2433 Bikenacr'.—Rex
1749 2391 1937 2430 electioni
1970 2391 2074 2430 facte
2103 2391 2150 2428 de

444 2464 566 2502 fratre
605 2463 776 2509 Andrea,
816 2462 1019 2512 quondam
1063 2460 1271 2510 suppriore
1309 2459 1357 2497 de
1396 2456 1633 2508 Bykenacr',
1676 2455 1717 2493 in
1757 2454 1930 2503 priorem
1969 2453 2149 2504 ejusdem

442 2526 531 2572 loci,
590 2525 744 2575 regium
802 2523 988 2562 adhibuit
1044 2535 1253 2561 assensum
1310 2525 1349 2559 et
1405 2521 1596 2558 favorem.
1684 2519 1738 2555 Et
1795 2516 2034 2554 mandatum
2092 2519 2151 2554 est

444 2587 650 2625 Willelnio
698 2586 783 2623 filio
847 2585 1021 2630 Ricardi,
1070 2583 1176 2633 quod
1226 2583 1261 2621 ei
1313 2583 1360 2620 de
1410 2580 1589 2631 predicto
1640 2579 1821 2628 prioratu
1874 2580 1913 2615 et
1962 2576 2151 2616 omnibus

444 2649 572 2695 terris,
613 2648 857 2686 tenementis
895 2650 933 2685 et
971 2644 1291 2696 possessionibus
1330 2645 1379 2682 ad
1418 2643 1552 2692 ipsum
1591 2641 1815 2691 prioratum
1855 2638 2151 2689 pertinentibus

443 2712 605 2761 plenam
653 2710 843 2749 seisinam
893 2708 1037 2747 habere
1085 2708 1222 2746 faciat.
1296 2707 1413 2744 Teste
1452 2718 1541 2755 rege
1580 2704 1686 2753 apud
1726 2702 2148 2748 westmonasterium,

445 2788 508 2812 xv.
548 2773 610 2811 die
649 2772 812 2822 Aprilis.

556 2879 634 2914 Pro
660 2879 789 2925 priore
827 2884 858 2913 et
881 2877 1075 2924 fratribus
1113 2874 1311 2922 hospitalis
1344 2880 1451 2909 ‹ua-tra
1485 2869 1884 2919 Bisopesfsate.—Rex
1916 2868 2151 2917 perdonavit

446 2939 567 2989 priori
613 2942 653 2976 et
701 2937 893 2975 fratribus
938 2936 1153 2985 hospitalis
1199 2938 1312 2973 extra
1360 2934 1621 2983 Bisopesgate
1673 2931 1850 2981 quinque
1900 2943 2053 2968 marcas
2102 2930 2152 2967 ad

447 3014 544 3052 quas
574 2999 779 3038 amerciati
809 3000 974 3036 fuerunt
1005 3011 1139 3036 coram
1171 2996 1406 3046 justiciariis
1434 2995 1481 3033 de
1512 2995 1661 3032 foresta
1692 2993 1836 3030 ultimo
1866 2991 2152 3029 itinerantibus

447 3064 487 3100 in
527 3062 723 3100 comitatu
761 3061 918 3098 Essex'.
978 3060 1034 3098 Et
1071 3059 1311 3097 mandatum
1350 3061 1409 3096 est
1457 3055 1675 3095 baronibus
1714 3055 1761 3092 de
1802 3053 2008 3092 scaccario
2046 3053 2151 3102 quod

448 3125 645 3175 predictos
673 3124 845 3173 priorem
875 3126 913 3161 et
943 3123 1106 3160 fratrem
1139 3122 1186 3159 de
1215 3121 1404 3170 predictis
1434 3133 1470 3159 v.
1503 3119 1649 3157 marcis
1680 3117 1861 3166 quietum
1896 3128 1981 3153 esse
2015 3115 2149 3153 faciat.

449 3189 565 3225 Teste
604 3199 693 3235 rege
732 3186 837 3234 apud
877 3183 1298 3228 Westnionasterium,
1338 3182 1450 3232 xviij.
1490 3181 1553 3218 die
1591 3180 1755 3229 Aprilis.

557 3266 613 3303 Et
651 3265 890 3302 mandatum
930 3267 989 3300 est
1027 3262 1252 3300 vicecomiti
1287 3261 1429 3299 Essex'
1464 3260 1569 3310 quod
1604 3271 1741 3307 pacem
1781 3256 1836 3294 eis
1875 3256 1967 3293 inde
2008 3256 2150 3294 habere

448 3329 584 3375 faciat,
632 3332 671 3365 et
717 3327 850 3364 averia
897 3326 1077 3375 ipsorum
1130 3337 1176 3362 ea
1226 3324 1435 3362 occasione
1483 3324 1602 3370 capta
1647 3321 1703 3358 eis
1750 3317 1974 3362 deliberari.
2034 3319 2153 3361 Teste

449 3404 538 3440 rege
577 3393 621 3429 ut
659 3401 791 3438 supra.
