2375 3587
192 343 335 389 1236.

183 410 242 449 [m.
267 409 333 447 ia]

1075 223 1126 261 21
1171 219 1376 260 HENRY
1418 218 1499 259 Hi.
2053 213 2132 254 407

546 418 617 453 Pro
656 418 817 455 Nicaea«)
857 419 900 455 de
940 415 1436 455 Bolerill’.—-Mandatum
1475 418 1535 451 est
1565 412 1788 451 vicecomiti
1823 408 2001 447 Devonic
2030 407 2135 456 quod

430 478 670 517 demandam
723 492 842 528 quam
893 479 988 518 facit
1037 479 1203 517 Nicolao
1241 478 1289 515 de
1327 475 1512 515 Bolevill'
1553 475 1600 512 de
1651 473 1829 521 scutagio
1877 472 1926 509 ad
1964 469 2135 518 primani

431 541 800 579 transfretationem
840 541 942 591 rogis
991 545 1029 580 et
1077 541 1124 579 de
1173 539 1353 588 scutagio
1401 541 1490 587 post
1539 537 1713 585 primam
1763 531 2133 572 transfretationem

432 603 535 653 regis
574 607 612 642 et
651 604 698 642 de
737 604 919 654 scutagio
949 604 996 642 de
1030 603 1203 648 Elvein’,
1237 604 1359 652 ponat
1399 601 1440 638 in
1483 602 1705 648 respectum
1737 609 1861 646 usque
1899 595 1948 633 ad
1987 594 2135 631 festum

433 665 571 705 Sancti
611 665 789 712 Hfflarii,
830 678 938 704 anno
977 666 1089 715 regni
1129 665 1209 715 xxj.
1287 665 1404 702 Teste
1439 665 1483 700 ut
1523 673 1656 710 supra.

542 763 620 799 Pro
668 762 838 800 Hem-1500
878 764 919 797 de
970 759 1441 810 (,'apella—Mandatum
1491 760 1549 795 est
1599 753 1824 794 vicecomiti
1874 752 1991 791 Suht'
2032 750 2137 800 quod

431 824 673 863 demandam
720 827 885 862 centum
935 824 1168 869 solidorum,
1219 834 1340 872 quam
1395 820 1491 858 facit
1540 817 1717 857 Henrico
1765 816 1812 854 de
1862 813 2023 863 Capella
2071 824 2138 861 per

434 886 795 926 summonitionem
828 886 1025 925 Scaccarii
1058 885 1160 935 regis
1189 885 1236 922 de
1265 883 1579 921 amerciamento
1610 880 1716 918 facto
1743 890 1875 916 coram
1907 873 2139 925 justiciariis

434 949 538 999 regis
577 948 722 987 ultimo
757 948 1042 987 itinerantibus
1083 948 1123 985 in
1163 946 1359 985 comitatu
1399 957 1483 988 suo,
1520 945 1643 993 ponat
1678 941 1719 978 111
1754 943 1978 988 respectum
2016 949 2138 986 usque

435 1012 477 1049 in
512 1025 574 1051 xv.
610 1011 693 1050 dies
733 1024 756 1049 a
792 1011 854 1048 die
896 1011 1035 1050 Sancti
1075 1008 1239 1047 Hillarii
1274 1021 1380 1046 anno
1414 1007 1527 1055 regni
1563 1005 1658 1054 xxj.‚
1696 1009 1739 1040 ut
1774 1006 1870 1040 tunc
1912 999 2140 1049 inquiratur

435 1077 571 1112 utrum
606 1075 713 1114 idem
754 1073 956 1112 Henricus
990 1071 1150 1122 quietus
1185 1083 1270 1109 esse
1303 1068 1443 1107 debeat
1478 1068 1525 1106 de
1565 1065 1753 1116 predictis
1789 1066 1950 1102 centum
1988 1060 2138 1105 solidis,

435 1148 572 1175 necne.
648 1137 766 1175 Teste
806 1148 895 1185 rege
935 1134 1039 1184 apud
1079 1133 1230 1179 Ashel',
1272 1131 1408 1181 xxviij.
1450 1130 1513 1168 die
1554 1126 1799 1167 Decembris.

543 1233 621 1269 Pro
656 1234 813 1270 [imberto
855 1227 1364 1268 Passelezre.--Mandatum
1400 1228 1459 1264 est
1494 1224 1664 1262 Ricardo
1699 1222 1745 1260 de
1780 1219 2005 1258 Muniichet
2038 1216 2142 1268 quod

436 1294 580 1333 habere
629 1294 751 1333 faciat
799 1293 974 1332 Roberto
1022 1291 1245 1330 Passelewe
1294 1301 1418 1327 unam
1467 1288 1630 1325 damam
1671 1285 1712 1322 in
1763 1284 1911 1321 foresta
1951 1280 2054 1330 regis
2102 1279 2143 1316 in

435 1355 557 1395 ballia
591 1369 663 1395 sua
697 1355 764 1394 ubi
801 1354 1096 1405 competentius
1128 1352 1216 1402 capi
1251 1350 1397 1401 poterit
1430 1350 1479 1387 ad
1511 1361 1610 1398 opus
1643 1359 1774 1391 suum,
1808 1345 1855 1383 de
1889 1344 1994 1382 dono
2026 1341 2142 1391 regis.

438 1418 555 1457 Teste
594 1421 639 1457 ut
678 1431 811 1468 supra.

546 1516 601 1552 Dc·
639 1516 757 1552 assis-a
810 1515 979 1551 vinorum
1020 1507 1609 1549 vendendorum.——Mandatum
1650 1506 1710 1542 est
1759 1501 1919 1541 ballivis
1969 1499 2144 1550 Cycestr'

437 1576 542 1627 quod
590 1589 659 1626 per
696 1576 835 1614 villam
875 1587 990 1613 suam
1029 1572 1195 1612 clamari
1244 1574 1283 1609 et
1320 1570 1490 1608 firmiter
1538 1566 1739 1617 prohiberi
1788 1578 1835 1603 ex
1883 1566 1996 1613 parte
2043 1561 2147 1610 regis

439 1638 590 1678 faciant
639 1651 688 1676 110
736 1638 825 1687 quis
873 1635 1112 1675 sextercium
1163 1633 1247 1673 vini
1297 1632 1407 1670 rubei
1457 1630 1587 1669 carius
1627 1628 1774 1666 vendat
1821 1638 1943 1676 quam
1990 1637 2060 1674 pro
2108 1637 2145 1661 x.

439 1700 627 1747 denariis,
658 1712 730 1738 nec
760 1698 1001 1738 sextercium
1032 1697 1117 1736 vini
1147 1696 1226 1734 albi
1258 1694 1392 1745 gallici
1423 1693 1553 1732 carius
1583 1703 1705 1741 quam
1736 1702 1806 1739 pro
1836 1688 1920 1738 viij.
1952 1685 2147 1730 denariis3

440 1767 479 1802 et
527 1764 631 1802 hanc
669 1763 838 1802 assisam
880 1763 936 1800 ita
984 1759 1112 1799 teneri
1160 1758 1283 1797 faciat
1329 1770 1378 1795 ne
1418 1769 1488 1805 pro
1530 1751 1845 1803 transgressione
1885 1763 1956 1788 sua
1995 1762 2063 1787 rex
2101 1748 2150 1785 ad

441 1827 531 1865 illos
571 1839 610 1864 se
648 1838 787 1875 capere
826 1823 979 1863 debeat.
1058 1822 1174 1860 Teste
1214 1824 1258 1858 ut
1296 1832 1430 1868 supra.

551 1906 705 1944 Eodem
755 1905 874 1943 modo
922 1902 1163 1941 mandatum
1211 1902 1271 1938 est
1310 1897 1538 1937 vicecomiti
1587 1894 1778 1938 Berkes';
1836 1894 1875 1930 et
1923 1889 2066 1940 majori
2113 1892 2151 1927 et

443 1968 602 2007 ballivis
641 1967 861 2017 Wigornie,
903 1965 1074 2004 Wiltes’.
1146 1963 1378 2012 [c'ansalhul]
1415 1962 1513 2003 (juia
1557 1961 1597 1996 ίη
1636 1966 1733 2006 tet-310
1776 1956 1882 1993 istius
1925 1954 2052 1990 rotuli.

557 2065 632 2101 Pro
670 2064 900 2109 Balaelezcz'm,
931 2062 1061 2099 comite
1099 2062 1141 2096 «Ie
1183 2056 1609 2095 (r'z'm'.—Mandatum
1648 2057 1707 2091 est
1745 2049 1972 2090 vicecomiti
2012 2047 2151 2086 Esscx'

443 2125 549 2176 quod
579 2125 792 2175 loquelam,
813 2137 888 2173 que
923 2125 982 2161 est
1010 2122 1051 2159 in
1079 2120 1275 2160 comitatu
1307 2131 1377 2157 suo
1407 2130 1476 2167 per
1509 2115 1626 2154 breve
1658 2113 1762 2163 regis
1795 2113 1900 2149 inter
1931 2109 2153 2148 Robertum

445 2188 493 2226 de
533 2187 699 2233 Sevans,
730 2188 946 2236 petentem,
979 2187 1017 2222 et
1050 2181 1343 2227 Baldewinuni,
1376 2179 1566 2218 comitem
1598 2177 1645 2214 de
1681 2175 1822 2226 Gysn’,
1855 2175 2075 2216 tenentem,
2109 2170 2156 2207 de

445 2263 478 2289 0.
529 2249 630 2289 acris
678 2248 787 2287 bosci
834 2261 927 2287 cum
974 2244 1231 2296 pertinentiis
1280 2243 1322 2280 in
1372 2240 1624 2285 Toleshunt'‚
1674 2240 1798 2288 ponat
1843 2236 1885 2273 in
1929 2236 2155 2283 respectum

446 2325 573 2362 usque
610 2312 659 2350 ad
697 2310 859 2350 octabas
908 2306 1210 2347 Purificationis
1264 2305 1387 2343 Beate
1435 2302 1573 2348 Maria,
1615 2313 1722 2339 anno
1770 2298 1881 2348 regni
1930 2296 2033 2346 regis
2073 2295 2154 2345 xxj.

449 2374 566 2413 Teste
604 2376 649 2412 ut
689 2385 822 2424 supra.

558 2471 636 2507 Pro
691 2470 860 2506 Henrico
915 2469 958 2503 de
1012 2461 1529 2503 Ferlinton.—Mandatum
1582 2461 1642 2497 est
1694 2455 1927 2507 justiciariis
1975 2453 2157 2503 proximo

449 2531 699 2571 itineraturis
738 2530 779 2567 in
820 2529 1018 2568 comitatu
1058 2527 1173 2567 Suht'
1215 2526 1263 2564 ad
1311 2523 1460 2574 placita
1508 2522 1653 2560 foreste
1698 2519 1803 2569 quod
1842 2530 1911 2555 rex
1950 2516 1991 2553 in
2032 2514 2158 2553 tribus

449 2593 689 2633 adventibus
729 2592 811 2631 suis
853 2604 977 2641 usque
1023 2590 1157 2628 Ashel'
1207 2600 1313 2627 anno
1362 2585 1474 2635 regni
1521 2597 1585 2622 xx.
1635 2585 1674 2620 et
1721 2581 1802 2631 xxj.
1853 2579 1939 2628 capi
1979 2577 2073 2616 fecit
2110 2578 2159 2615 ad

450 2658 585 2696 focum
624 2668 741 2694 suum
782 2668 846 2692 xx.
887 2666 1055 2704 quercus
1104 2652 1145 2689 in
1194 2651 1313 2689 bosco
1361 2647 1528 2686 Henrici
1577 2645 1624 2683 de
1673 2643 1882 2682 Ferlinton
1922 2641 1969 2679 de
2009 2639 2159 2683 Ashel’‚

451 2719 557 2770 quod
631 2718 736 2756 idem
811 2716 1012 2755 Henricus
1083 2727 1163 2753 non
1235 2714 1409 2761 ponatur
1466 2709 1507 2746 in
1574 2704 1890 2745 misericordiam
1956 2701 2162 2741 occasione

451 2781 723 2833 predictarum
762 2793 826 2818 xx.
866 2791 1099 2829 quercuum.
1177 2777 1294 2813 Teste
1333 2776 1377 2812 ut
1417 2785 1549 2821 supra.

564 2880 641 2916 Pro
681 2878 848 2914 Henrico
888 2877 930 2912 cle
972 2870 1499 2912 Truhlevilff.-—Mandatuni
1535 2869 1594 2905 est
1628 2862 1844 2903 baronibus
1873 2862 1919 2900 de
1956 2860 2162 2900 Scaccario

455 2940 560 2990 quod
614 2939 856 2977 demandam
896 2950 987 2974 xxx.
1024 2947 1252 2974 marcarum
1286 2945 1407 2983 quain
1443 2929 1598 2968 faciunt
1632 2926 1810 2965 Henrico
1849 2925 1896 2962 de
1931 2922 2163 2961 Trublevill’

456 3015 525 3052 per
572 3000 932 3040 summonitionem
999 2997 1196 3037 Scaccarii
1247 2996 1348 3044 regis
1397 2994 1549 3042 ponant
1596 2990 1637 3027 in
1686 2990 1913 3037 respectum
1953 2997 2077 3034 usque
2116 2983 2164 3022 ad

457 3063 618 3103 octabas
672 3063 812 3102 Sancti
860 3061 1024 3098 Hillarii
1074 3072 1183 3097 anno
1242 3057 1351 3106 regni
1410 3054 1513 3103 regis
1566 3053 1645 3090 xxi.
1738 3050 1854 3087 Teste
1914 3060 2001 3094 rege
2059 3045 2164 3095 apud

458 3126 697 3165 Clarendon’
752 3124 890 3174 xxviij.
946 3123 1009 3160 die
1062 3120 1306 3159 Decembris.

568 3214 624 3251 Et
663 3213 902 3251 mandatum
941 3215 1000 3248 est
1039 3208 1265 3248 vicecomiti
1306 3205 1483 3244 Devouie
1541 3201 1647 3251 quod
1699 3200 1866 3238 eandem
1919 3197 2162 3234 demandam

459 3289 581 3327 quam
622 3275 718 3314 facit
755 3275 884 3312 eidem
926 3273 1101 3310 Henrico
1140 3284 1209 3320 per
1252 3267 1612 3307 summonitionem
1663 3260 1859 3302 Scaccarii
1900 3259 2002 3307 regis
2041 3261 2165 3307 ponat

461 3340 503 3377 in
533 3340 759 3388 respectum
790 3336 839 3374 ad
869 3335 1041 3373 eundem
1071 3333 1305 3378 terminum,
1338 3334 1376 3368 et
1407 3327 1720 3367 ainerciamenta
1748 3322 1875 3372 ipsius
1896 3334 1941 3359 ea
1961 3320 2166 3359 occasione

462 3406 579 3451 capta
617 3401 651 3438 ei
690 3399 855 3437 interim
896 3395 1107 3446 replegiari
1146 3394 1281 3433 faciat.
1364 3392 1481 3429 Teste
1520 3392 1565 3426 ut
1604 3398 1735 3436 supra.
