2375 3587
208 184 261 224 32

265 306 410 353 1234.

255 372 313 412 [m.
350 371 420 412 21.]

1135 184 1318 227 CLOSE
1358 182 1561 226 ROLLS.

616 385 690 420 Pro
729 385 855 421 abbate
892 385 934 420 de
977 381 1488 420 sz'tlesden‘.—Mandatum
1526 382 1586 418 est
1622 380 1800 418 Johanni
1838 381 1886 419 de
1917 381 2061 420 Nevill’
2091 381 2196 431 quod

504 446 712 494 permittat
750 445 934 483 abbatem
973 445 1019 482 de
1060 444 1279 482 Bitlesden'
1327 442 1472 481 habere
1509 455 1630 492 equas
1668 445 1706 481 et
1753 443 1957 481 haratium
1996 456 2114 481 suum
2153 443 2192 481 in

504 507 650 545 foresta
689 508 735 545 de
774 507 1029 552 Wichewod’‚
1070 506 1172 544 sicut
1201 505 1345 543 habere
1375 505 1581 544 consuevit
1612 507 1831 554 antequam
1865 518 1933 543 rex
1971 505 2195 543 custodiam

502 569 680 618 ejusdem
719 568 862 607 foreste
899 567 1183 611 commiserat;
1236 567 1361 605 donec
1409 566 1597 604 dominus
1648 579 1716 604 rex
1763 566 1919 615 plenius
1969 566 2195 616 inquisierit

502 630 673 680 qualiter
723 630 926 668 haratium
975 642 1092 667 suum
1141 629 1237 667 illuc
1275 628 1418 666 habere
1469 627 1622 674 debeat,
1672 631 1710 666 et
1758 628 1867 666 aliud
1914 642 1937 666 a
1975 641 2063 677 rege
2102 628 2195 666 inde

503 691 686 730 habuerit
719 692 970 731 mandatum.
1031 691 1145 729 Teste
1176 704 1265 739 rege
1303 690 1407 739 apud
1448 690 1635 739 Rading’,
1676 703 1740 728 xx.
1785 690 1848 728 die
1882 689 2126 729 Decembris.

614 780 666 816 De
710 780 827 816 hallia
861 781 1000 827 foreste
1050 780 1091 815 de
1138 778 1466 816 Slmt02·2·'.-—Rex
1521 777 1673 816 Thome
1730 778 1765 815 le
1818 777 1951 827 Napel‘
2007 778 2192 816 salutem.

502 840 752 890 Precipimus
817 840 890 879 tibi
946 841 1062 890 quod,
1106 840 1271 878 dimissa
1329 840 1507 877 Johanni
1556 840 1604 877 de
1653 840 1796 878 Nevill’
1865 840 1987 878 bailia
2048 840 2194 878 foreste

502 905 635 940 nostre
673 903 720 940 de
761 903 960 949 Sothovr’,
1006 903 1069 941 cui
1117 915 1204 940 eam
1255 902 1302 940 ad
1353 902 1606 941 voluntatem
1658 904 1838 940 nostram
1890 902 2193 940 custodiendam

502 964 790 1010 commisimus,
842 966 891 1003 ad
933 978 1005 1003 nos
1053 964 1189 1003 venias
1238 963 1446 1002 nobiscum
1496 964 1716 1002 locuturus.
1803 964 1921 1003 Teste
1966 978 2055 1014 rege
2089 965 2195 1014 apud

503 1025 692 1072 Windes',
727 1040 790 1065 xx.
821 1027 883 1064 die
917 1027 1160 1065 Decembris.
1235 1026 1310 1064 Per
1348 1028 1395 1064 G.
1429 1026 1475 1064 de
1508 1026 1794 1065 Craucumb'.'²·'³=

609 1114 665 1150 De
731 1115 846 1150 balcia
905 1127 972 1162 que
1030 1115 1114 1161 fuit
1165 1114 1273 1150 Petri
1337 1113 1801 1151 Mimeean.——Doniinus
1861 1126 1929 1152 rex
1991 1113 2195 1153 commisit

502 1174 679 1212 <Iohanni
719 1175 766 1213 de
804 1175 945 1213 Nevilly
984 1175 1148 1213 balliam
1188 1175 1299 1212 illam
1339 1188 1415 1224 que
1472 1175 1549 1214 fuit
1598 1175 1706 1214 Petri
1755 1175 1970 1222 Mimecan,
2018 1176 2191 1215 custodi-

501 1236 644 1274 endam
693 1251 896 1287 quousque
943 1238 989 1276 de
1036 1237 1212 1287 predicto
1258 1236 1377 1275 Petro
1434 1237 1505 1275 fiat
1552 1238 1657 1287 quod
1705 1238 1927 1276 secundum
1975 1238 2103 1288 legem
2155 1240 2194 1277 et

501 1300 830 1337 consuetudinem
869 1300 980 1349 regni
1018 1300 1136 1338 fuerit
1175 1298 1405 1337 faciendum
1444 1300 1490 1338 de
1539 1300 1697 1349 appello
1735 1313 1805 1349 pro
1849 1303 1978 1340 morte
2016 1300 2194 1339 hominis

502 1360 606 1398 unde
654 1361 878 1410 appellatus
926 1364 998 1399 est.
1088 1361 1144 1399 Et
1195 1361 1435 1399 mandatum
1482 1365 1543 1400 est
1595 1362 1821 1401 vicecomiti
1873 1362 2026 1401 Oxonie
2073 1362 2192 1412 quod,

502 1423 718 1472 assumptis
757 1436 889 1462 secum
929 1423 1145 1462 forestariis
1187 1426 1226 1462 et
1261 1424 1458 1462 viridariis
1497 1427 1536 1462 et
1574 1424 1664 1462 aliis
1703 1424 1837 1474 probis
1874 1425 2109 1464 hominibus
2146 1425 2194 1463 de

501 1484 693 1522 comitatu
737 1498 820 1530 suo,
862 1481 1020 1523 accedat
1058 1498 1183 1535 usque
1231 1486 1279 1524 ad
1336 1486 1485 1524 dictam
1524 1485 1688 1524 bailiam
1726 1489 1766 1525 et
1802 1487 2016 1536 diligenter
2060 1486 2193 1525 videat

500 1546 671 1594 qualiter
699 1547 843 1585 vestita
872 1547 991 1585 fuerit
1016 1547 1133 1585 viridi
1163 1550 1200 1586 et
1226 1548 1439 1587 venatione
1469 1551 1506 1586 et
1536 1548 1577 1585 in
1608 1561 1686 1597 quo
1716 1551 1824 1587 statu
1855 1549 1959 1587 idem
1985 1549 2194 1588 Johannes

501 1620 523 1644 a
561 1608 716 1646 Thoma
753 1609 788 1647 le
824 1609 955 1658 Naper
994 1622 1081 1647 eam
1119 1611 1322 1659 receperit.
1382 1610 1437 1648 Et
1476 1611 1715 1648 mandatum
1763 1613 1822 1649 est
1868 1611 1996 1650 eidem
2039 1611 2193 1649 Thome

499 1670 602 1718 quod
640 1669 801 1708 balliam
839 1671 950 1709 illam
990 1670 1129 1710 liberet
1180 1672 1355 1721 predicto
1392 1672 1570 1711 Johanni
1626 1676 1665 1711 et
1712 1673 1760 1711 ad
1803 1673 2014 1712 dominum
2058 1687 2190 1723 regem

499 1731 646 1770 veniat.
722 1733 837 1770 Teste
876 1735 920 1771 ut
957 1747 1088 1782 supra.

605 1820 730 1858 Jmlei.
810 1822 881 1858 Pro
926 1823 1078 1858 leoham
1117 1824 1198 1866 silio
1242 1822 1735 1861 'll'ae'llelm12—Mandatum
1774 1826 1833 1862 est
1875 1823 2108 1874 justiciariis
2143 1823 2192 1861 ad

499 1881 721 1919 custodiam
773 1882 990 1920 Judeorum
1041 1883 1255 1932 assignatis
1310 1885 1415 1934 quod
1472 1885 1731 1923 rationabiles
1794 1886 1989 1924 terminos
2048 1885 2192 1924 habere

501 1941 648 1980 faciant
693 1943 863 1983 Roberto
906 1945 989 1983 filio
1034 1945 1224 1984 Willelmi
1272 1950 1311 1985 et
1358 1947 1486 1985 Alano
1534 1947 1649 1986 fratri
1696 1961 1768 1986 suo
1814 1949 1863 1986 ad
1911 1962 1974 1987 xx.
2022 1961 2190 1994 marcas,

500 2003 643 2054 quibus
681 2008 868 2044 tenentur
904 2009 1050 2053 Aaron,
1094 2008 1222 2047 Judeo
1270 2008 1453 2054 Eboraci,
1505 2012 1549 2048 ut
1595 2010 1708 2055 dicit,
1756 2010 1990 2049 reddendas.
2076 2010 2192 2048 Teste

500 2078 589 2115 rege
627 2068 731 2116 apud
770 2068 980 2118 Kenyton',
1020 2070 1116 2120 xxij.
1156 2070 1217 2109 die
1251 2071 1494 2110 Decembris.

608 2154 685 2190 Pro
734 2156 872 2192 ,Thema
928 2157 970 2193 de
1027 2158 1401 2196 Brz'thz'Z.---Eodem
1458 2159 1577 2197 modo
1633 2159 1869 2198 mandatum
1927 2162 1986 2198 est
2041 2159 2190 2197 eisdem

500 2214 729 2264 justiciariis
776 2216 821 2253 de
867 2219 1007 2266 quater
1053 2218 1197 2267 viginti
1246 2222 1284 2257 et
1333 2233 1399 2258 sex
1447 2220 1606 2267 marcis,
1640 2221 1681 2258 in
1729 2221 1874 2271 quibus
1922 2222 2097 2260 Thomas
2144 2221 2191 2260 de

501 2275 650 2314 Brithil
687 2277 813 2315 eidem
853 2277 980 2317 Judeo
1017 2282 1187 2326 tenetur,
1228 2284 1271 2318 ut
1309 2281 1470 2320 dicitur.
1549 2283 1666 2321 Teste
1705 2296 1795 2332 rege
1834 2286 1879 2321 ut
1918 2296 2049 2332 supra.

610 2364 661 2399 De
690 2366 880 2401 necteremz‘o
909 2367 958 2402 ad
1005 2369 1233 2414 operationes
1278 2370 1394 2406 rastri
1436 2369 1971 2408 Dirisarnm.—Mandatum
2011 2372 2070 2408 est
2099 2382 2191 2408 eon-

500 2423 716 2462 stabulario
746 2425 975 2464 Divisarum
1003 2428 1107 2477 quod
1136 2441 1204 2477 per
1235 2429 1367 2467 visum
1402 2430 1701 2468 forestariorum
1749 2434 1788 2470 et
1835 2431 2115 2470 viridariorum
2144 2432 2191 2470 de

500 2487 643 2523 foresta
672 2486 718 2524 de
752 2487 945 2536 Chippeh’
976 2489 1106 2538 capiat
1135 2492 1393 2530 maeremium
1424 2492 1465 2529 in
1495 2494 1633 2530 eadem
1665 2493 1813 2531 foresta
1852 2493 1902 2531 ad
1940 2494 2191 2542 operationes

499 2547 707 2585 domorum
753 2553 792 2587 et
837 2550 1020 2599 pontium
1077 2552 1196 2590 castri
1252 2553 1497 2601 Divisaruni,
1556 2567 1625 2604 per
1681 2555 1839 2593 talliam
1896 2555 2002 2593 inter
2056 2555 2189 2604 ipsum

498 2609 837 2648 constabularium
876 2615 914 2650 et
951 2613 1148 2662 predictos
1186 2615 1412 2654 forestarios
1450 2619 1489 2654 et
1522 2617 1744 2656 viridarios.
1819 2618 1937 2656 Teste
1966 2630 2056 2667 rege
2085 2618 2190 2667 apud

499 2670 710 2721 Kenyton',
748 2673 859 2723 xxiij.
899 2674 960 2712 die
993 2675 1234 2715 Decembris.

604 2759 805 2797 Hibernia.
882 2762 959 2798 Pro
1001 2764 1189 2800 Ain-selmo
1230 2766 1763 2805 Maresectam—Mandatum
1811 2769 1870 2805 est
1920 2766 2093 2806 Geroldo
2140 2768 2188 2805 de

496 2819 756 2869 Prendregast
792 2822 896 2871 quod
933 2823 1124 2871 instaura,
1165 2827 1311 2864 catalla
1348 2830 1386 2865 et
1423 2829 1560 2867 omnia
1600 2829 1714 2875 bona,
1755 2842 1831 2879 que
1873 2830 2051 2868 amoveri
2092 2830 2186 2869 fecit

497 2881 544 2918 de
581 2883 684 2920 terra
722 2882 915 2923 Ainselmi
959 2885 1182 2925 Marescalli
1230 2888 1271 2925 in
1302 2889 1497 2928 Hibernia
1543 2893 1757 2940 postquam
1806 2891 1912 2929 idem
1952 2891 2187 2930 Ainselmus

497 2943 606 2981 venit
642 2945 690 2982 ad
723 2958 859 2994 pacem
898 2949 936 2985 et
974 2947 1209 2987 fidelitatem
1248 2951 1350 2999 regis
1388 2955 1426 2990 et
1464 2965 1531 2990 rex
1575 2953 1708 3001 ipsum
1756 2953 1797 2990 in
1848 2954 2021 3003 gratiam
2070 2967 2185 2992 suam

497 3005 656 3054 recepit,
695 3007 870 3045 redditus
903 3008 1023 3047 etiam
1061 3013 1100 3048 et
1137 3010 1304 3058 obsides,
1346 3013 1379 3051 si
1417 3026 1515 3063 quos
1553 3017 1643 3063 post
1677 3017 1837 3064 tempus
1876 3015 2103 3065 predictum
2142 3016 2189 3054 de

497 3068 600 3104 terra
636 3067 760 3116 ipsius
798 3068 992 3107 Ainselmi
1030 3071 1145 3121 cepit,
1183 3073 1311 3111 eidem
1350 3075 1434 3113 sine
1472 3075 1665 3114 dilatione
1705 3076 1814 3114 reddi
1849 3076 1984 3123 faciat,
2016 3077 2189 3116 sciturus

496 3129 613 3177 quod,
652 3130 731 3167 nisi
769 3131 916 3178 fecerit,
956 3145 1023 3170 rex
1060 3134 1168 3172 dedit
1206 3136 1245 3173 in
1286 3138 1488 3176 mandatis
1536 3138 1592 3176 M.
1641 3139 1725 3177 filio
1756 3139 1933 3186 Geroldi‚
1965 3139 2188 3190 justiciario

497 3203 567 3228 suo
605 3191 809 3238 Hibernie,
849 3194 953 3243 quod
991 3195 1075 3233 sine
1112 3196 1302 3236 dilatione
1340 3199 1414 3238 hoc
1453 3200 1539 3238 fieri
1579 3200 1713 3239 faciat.
1793 3200 1909 3239 Teste
1947 3214 2036 3251 rege
2083 3202 2189 3251 apud

498 3252 911 3301 westmonasterium,
951 3257 1062 3306 xxiij.
1102 3258 1163 3296 die
1202 3259 1446 3299 Decembris.
1522 3262 1598 3299 Per
1638 3262 1687 3301 G.
1728 3263 1775 3300 de
1823 3262 2077 3302 Craucumb’.

539 3375 543 3379 Ι
585 3334 597 3347 *
623 3331 705 3363 This
745 3334 903 3383 enti-ytis
946 3335 1112 3367 cancelled
1157 3338 1259 3377 ‘Quia
1301 3339 1401 3371 aliter
1438 3341 1593 3381 proximo
1625 3342 1792 3379 inferius)
1821 3341 1882 3373 the
1914 3341 2076 3383 marginal
2109 3342 2188 3374 title

497 3374 592 3415 being
622 3376 714 3408 made
746 3381 780 3408 to
813 3382 908 3419 point
937 3382 973 3410 to
1005 3379 1062 3411 the
1095 3384 1173 3412 next
1200 3386 1311 3423 enti-y.
