2375 3587
183 327 328 376 1235.

176 395 236 433 [m.
263 393 333 433 la]

1063 198 1115 237 19
1157 196 1363 236 HENRY
1404 195 1485 235 ΠΙ.
2078 198 2131 238 45

535 395 611 431 Pro
643 395 818 442 maqz‘xtro
844 394 992 431 le'l'iez'e
1023 393 1164 441 Templi
1190 394 1230 430 7'71
1257 391 1716 440 szssle'a.—-Mandatum
1747 394 1807 429 est
1837 391 2132 430 constabulario

424 457 471 494 de
511 456 662 494 Divisis
714 455 820 505 quod
866 455 1011 493 habere
1065 454 1186 493 faciat
1235 454 1431 503 magistro
1481 454 1632 491 Milicie
1687 454 1843 502 Templi
1894 454 1935 490 in
1986 453 2131 502 Anglia

423 518 523 556 duas
550 530 719 567 quercus
759 517 800 554 in
841 517 989 555 foresta
1023 517 1070 554 de
1110 516 1364 565 Chippeham
1395 515 1444 553 ad
1473 515 1740 553 maeremium
1778 515 1870 552 inde
1901 515 2129 553 faciendum

423 580 472 617 ad
524 580 726 629 quoddam
779 579 1061 617 molendinum
1112 579 1160 616 ad
1213 581 1394 623 ventum,
1443 578 1490 615 de
1538 578 1642 615 dono
1691 578 1807 626 regis.
1888 577 2003 615 Teste
2044 590 2132 625 rege

423 642 530 691 apud
570 642 831 687 Faversham,
871 642 898 692 j.
939 641 1038 691 d[i]e
1077 640 1300 679 Februarii.
1377 640 1454 677 Per
1493 639 1542 677 G.
1583 640 1630 677 de
1670 638 1929 678 Craucumb'.

534 754 612 790 Pro
651 755 811 802 Amyria
851 767 918 802 qne
946 755 1032 801 fuit
1071 766 1166 789 uxor
1205 754 1286 789 ΑΛ(
1325 753 1366 788 de
1400 750 1888 788 (2¹mvlmz’.—Mandatum
1933 754 1992 788 est
2030 751 2130 789 vice-

425 816 563 854 comiti
615 815 830 864 Suhampt'
875 815 981 864 quod
1029 815 1076 852 de
1124 817 1230 852 terra
1276 826 1367 852 cum
1403 813 1658 862 pertinentiis
1705 826 1780 862 que
1830 813 1906 850 fuit
1954 813 2036 850 Ade
2084 814 2131 851 (16

420 878 600 916 Gurdon’
633 877 673 915 in
717 877 875 927 'I'ysted'
912 879 951 915 et
983 875 1205 922 Seleburn',
1237 876 1360 914 talem
1400 875 1591 913 seisinam
1622 874 1766 913 habere
1805 874 1926 913 faciat
1956 875 2129 925 Amyrie,

417 953 495 990 que
525 940 602 978 fuit
631 953 731 978 uxor
760 939 928 989 predicti
959 938 1054 984 Ade,
1100 951 1225 988 usque
1266 938 1315 976 ad
1355 938 1518 987 plenam
1564 940 1713 976 etatem
1752 937 1835 975 Ade
1870 938 2130 986 primogeniti

419 1002 492 1039 filii
524 1002 599 1047 sui,
640 1001 801 1051 qualem
844 1001 937 1038 inde
980 1000 1123 1039 habuit
1171 1003 1388 1050 antequam
1427 1000 1519 1037 inde
1549 1000 1751 1038 disseisita
1799 999 1877 1038 fuit
1926 1012 1994 1048 per
2042 1013 2125 1049 pre-

419 1067 580 1114 ceptum
620 1064 738 1114 regis.
817 1063 935 1102 Teste
964 1066 1009 1101 ut
1045 1076 1179 1112 supra.

524 1179 603 1215 Pro
650 1178 816 1215 Mamilia
863 1191 931 1226 qne
978 1178 1054 1220 fuit
1103 1190 1197 1213 curm·
1241 1177 1380 1224 Royeri
1429 1177 1470 1212 «Ie
1518 1175 1860 1223 Tot-pelliffi—Rex
1904 1175 2130 1214 vicecomiti

418 1239 674 1289 Cantebrigie
721 1239 909 1278 salutem.
987 1239 1091 1286 Quia
1138 1238 1377 1277 venerabilis
1426 1240 1540 1287 pater
1589 1238 1636 1275 L.
1687 1237 1951 1276 Dublinensis
1999 1238 2127 1276 archi-

418 1301 628 1351 episcopus
657 1315 739 1340 non
781 1301 1017 1351 assignavit,
1050 1301 1154 1339 sicut
1191 1301 1226 1339 ei
1267 1300 1400 1349 sepius
1441 1299 1711 1350 injunximus,
1744 1298 1908 1337 Mabilie
1948 1312 2024 1349 que
2054 1300 2131 1337 fuit

416 1377 516 1402 uxor
545 1364 691 1413 Rogeri
721 1364 768 1402 de
799 1364 1010 1413 Torpellis,
1044 1363 1326 1402 rationabilem
1365 1365 1520 1412 partem
1561 1375 1675 1400 suam
1707 1375 1782 1411 que
1812 1375 1901 1400 eam
1930 1362 2130 1411 contingit

417 1426 581 1464 nomine
630 1427 734 1464 dotis
792 1426 839 1464 de
899 1427 1025 1465 feodis
1086 1426 1268 1464 militum
1330 1437 1405 1474 que
1473 1427 1665 1462 tenentur
1733 1424 1780 1462 de
1848 1424 2027 1462 manerio
2083 1425 2130 1462 de

418 1489 663 1537 Hengston‘,
705 1489 811 1538 quod
859 1492 919 1527 est
966 1488 1007 1526 in
1056 1488 1239 1527 custodia
1280 1487 1406 1537 ipsius
1447 1486 1737 1536 archiepiscopi
1784 1486 1831 1524 de
1872 1486 2128 1525 concessione

413 1554 578 1595 nostra;
621 1550 693 1589 tibi
731 1551 974 1600 precipimus
1022 1550 1141 1600 quod,
1184 1550 1225 1587 in
1272 1550 1391 1598 pleno
1431 1549 1628 1587 comitatu
1664 1552 1745 1594 tuo,
1794 1548 1901 1587 facta
1942 1548 2128 1598 diligenti

417 1612 679 1661 inquisitione
719 1615 816 1662 quot
850 1616 889 1650 et
928 1625 1004 1661 que
1042 1612 1158 1650 feoda
1197 1614 1388 1649 tenentur
1426 1610 1474 1648 de
1505 1610 1682 1659 predicto
1721 1610 1914 1656 manerio,
1949 1610 2129 1659 assignes

417 1673 545 1712 eidem
568 1673 732 1712 Mabilie
762 1674 853 1712 inde
883 1673 1168 1712 rationabilem
1190 1676 1346 1722 partem
1378 1685 1493 1710 suam
1523 1684 1599 1721 que
1620 1685 1709 1709 eam
1731 1672 1932 1721 contingit
1962 1672 2128 1710 nomine

416 1736 533 1781 dotis,
568 1736 786 1786 injungens
830 1749 877 1774 ex
908 1738 1020 1785 parte
1059 1738 1197 1774 nostra
1226 1735 1306 1772 hiis
1343 1734 1411 1784 qui
1453 1734 1570 1772 feoda
1610 1734 1680 1771 illa
1719 1734 1937 1780 tenuerint,
1971 1747 2046 1783 que
2077 1735 2126 1772 ad

415 1801 569 1847 partem
613 1812 727 1836 suam
764 1798 915 1836 fuerint
954 1798 1173 1848 assignata,
1205 1797 1311 1847 quod
1347 1797 1394 1835 de
1438 1797 1600 1835 servitio
1641 1809 1713 1834 suo
1752 1796 1927 1846 predicte
1964 1796 2128 1836 Mabilie

416 1863 625 1910 tamquam
656 1860 818 1899 domine
839 1874 908 1899 sue
938 1861 987 1899 ad
1017 1860 1143 1899 vitam
1175 1872 1290 1898 suam
1320 1859 1368 1898 de
1397 1862 1529 1898 cetero
1560 1859 1641 1897 sint
1671 1859 1942 1897 intendentes.
2010 1859 2127 1898 Teste

418 1926 462 1960 ut
492 1935 627 1972 supra.

528 2036 602 2072 Pro
642 2036 697 2072 H.
738 2036 897 2084 Elyensi
934 2034 1419 2083 episeopo.—Mandatum
1458 2036 1518 2072 est
1553 2033 1733 2071 -Johanni
1764 2033 1811 2071 de
1842 2033 1987 2071 Nevill’
2019 2034 2124 2083 quod

415 2095 560 2134 habere
613 2095 735 2134 faciat
774 2095 993 2134 venerabili
1023 2096 1127 2145 patri
1160 2096 1212 2133 H.
1245 2095 1413 2145 Elyensi
1444 2095 1630 2144 episcopo
1660 2094 1928 2144 quadraginta
1957 2107 2125 2144 quercus

414 2157 455 2195 in
495 2171 613 2208 parco
652 2159 698 2196 de
738 2157 964 2197 Brikestok'
1008 2158 1179 2207 sparsim
1218 2170 1288 2207 per
1322 2157 1421 2204 loca,
1463 2157 1530 2195 ubi
1570 2158 1619 2195 ad
1658 2157 1794 2195 minus
1833 2161 2124 2196 nocumentum

414 2220 539 2269 ipsius
596 2221 703 2269 parci
761 2223 800 2259 et
857 2220 1151 2270 competentius
1207 2220 1256 2258 ad
1314 2220 1573 2258 commodum
1632 2219 1758 2268 ipsius
1808 2219 1983 2269 episcopi
2037 2220 2123 2269 capi

412 2284 615 2331 poterunt,
654 2282 703 2320 ad
742 2282 1016 2331 operationem
1057 2282 1179 2319 turris
1214 2294 1283 2319 sue
1323 2281 1525 2331 Elyensis,
1572 2281 1619 2319 de
1666 2281 1771 2319 dono
1810 2281 1927 2331 regis.
2009 2282 2125 2320 Teste

414 2357 504 2393 rege
543 2345 649 2394 apud
689 2344 968 2390 Cantuariam⁷
1010 2345 1051 2395 ij.
1093 2344 1155 2382 die
1194 2343 1416 2382 Februarii.
1476 2344 1552 2381 Per
1591 2343 1652 2381 W.
1692 2344 1739 2381 de
1778 2343 2014 2382 Kirkeham.

527 2458 602 2493 Pro
639 2459 769 2493 comita
808 2457 966 2501 Καφισία
998 2458 1041 2493 de
1071 2458 1236 2494 manerio
1266 2458 1308 2492 de
1342 2455 1711 2504 Leylamzd'.——Rex
1740 2455 1912 2493 reddidit
1943 2455 2126 2493 Huberto

416 2518 463 2556 de
501 2518 650 2567 Burgo,
690 2518 828 2556 comiti
864 2518 1027 2564 Kaneie,
1069 2518 1296 2556 manerium
1336 2518 1383 2555 de
1415 2517 1638 2568 Leylaund'
1672 2530 1764 2555 cum
1801 2517 1941 2563 bladis,
1972 2517 2125 2556 carucis

416 2583 455 2618 et
508 2579 697 2618 omnibus
750 2580 840 2618 aliis
885 2580 1079 2618 instauris
1123 2593 1199 2631 que
1249 2593 1317 2618 rex
1363 2580 1404 2617 in
1453 2580 1592 2618 eodem
1637 2579 1818 2618 manerio
1870 2579 2013 2617 habuit
2065 2579 2128 2617 die

416 2642 715 2681 Purificationis
749 2644 871 2681 Beate
906 2643 1045 2689 Marie,
1082 2656 1190 2681 anno
1228 2645 1301 2681 etc.
1341 2642 1419 2680 xix.
1479 2642 1535 2680 Et
1575 2642 1815 2680 mandatum
1856 2645 1915 2680 est
1955 2642 2126 2680 Ricardo

414 2705 461 2742 de
509 2704 548 2742 la
595 2705 695 2742 Lad'
744 2709 783 2744 et
831 2705 914 2743 Ade
962 2705 1046 2743 filio
1094 2705 1303 2750 willelmi,
1353 2704 1623 2742 escaetoribus
1677 2704 1794 2753 regis,
1845 2704 1950 2753 quod
1996 2704 2124 2741 eidem

415 2767 554 2805 comiti
607 2767 655 2805 (16
707 2767 885 2816 predicto
937 2768 1119 2805 manerio
1171 2780 1264 2805 cum
1310 2766 1452 2812 bladis,
1499 2766 1654 2804 carucis
1706 2768 1745 2803 et
1795 2765 1984 2804 omnibus
2036 2766 2125 2803 aliis

417 2828 611 2867 instauris
646 2829 687 2866 111
725 2842 770 2867 eo
804 2829 995 2876 inventis,
1038 2830 1142 2867 sicut
1173 2829 1399 2878 predictum
1438 2831 1511 2873 est,
1551 2828 1711 2877 plenam
1746 2828 1936 2866 seisinam
1981 2827 2125 2865 habere

418 2890 584 2929 faciant.
644 2891 762 2929 Teste
801 2904 891 2940 rege
929 2892 1035 2941 apud
1075 2891 1351 2937 Cantuariam,
1392 2890 1450 2941 iij.
1491 2890 1553 2928 die
1591 2889 1813 2928 Februarii.

528 3004 606 3040 Pro
637 3004 796 3052 quodam
838 3010 1036 3040 mercatore
1067 3001 1671 3050 Rothomassensa—Mandatum
1699 3003 1759 3039 est
1786 3001 1930 3051 majori
1960 3003 1998 3038 et
2025 3001 2124 3039 vice-

416 3063 632 3103 comitibus
681 3065 864 3103 London'
915 3065 1020 3114 quod
1069 3065 1300 3103 ,Iohannem
1348 3063 1395 3101 de
1454 3063 1552 3102 Vico
1606 3063 1855 3108 Belvacensi‚
1905 3065 2125 3100 mercatore

416 3126 750 3175 Rothomagensi‚
805 3127 873 3176 qui
926 3140 1054 3176 nuper
1106 3126 1217 3164 venit
1269 3126 1398 3163 Lond’
1448 3138 1540 3163 cum
1590 3125 1724 3163 loricis
1781 3129 1818 3162 et
1866 3124 1956 3161 aliis
2003 3124 2125 3161 armis

416 3187 625 3226 venalibus
665 3190 705 3226 et
743 3200 863 3237 quem
902 3190 1131 3226 arestarunt
1180 3187 1387 3226 occasione
1437 3186 1613 3236 precepti
1654 3185 1758 3235 regis
1787 3185 1892 3234 quod
1936 3186 1991 3222 eis
2032 3185 2124 3223 fecit

416 3250 464 3288 de
515 3249 805 3288 mercatoribus
850 3250 897 3288 de
944 3252 1144 3300 potestate
1179 3250 1283 3299 regis
1322 3249 1491 3287 Francie
1531 3248 1768 3294 arestandis,
1810 3247 1894 3285 sine
1933 3247 2124 3285 dilatione

417 3311 638 3350 deliberent
677 3315 715 3350 et
750 3311 923 3350 liberum
961 3312 1070 3350 abire
1117 3312 1371 3361 permittant,
1423 3313 1585 3359 accepta
1632 3314 1768 3347 tamen
1817 3309 2029 3347 securitate
2076 3309 2125 3346 ab

421 3374 560 3412 eodem
609 3374 715 3423 quod
764 3374 903 3412 omnia
947 3387 1059 3413 arma
1111 3374 1239 3413 ferrea
1287 3376 1326 3411 et
1379 3372 1457 3410 alia
1505 3384 1581 3421 que
1631 3370 1857 3419 perquirere
1895 3370 2040 3419 poterit
2080 3370 2121 3409 in

439 3455 452 3480 (Ἴ
497 3456 517 3477 ε»
