2375 3587
248 173 329 212 506

313 304 456 349 1237.

311 370 441 410 pai]

1178 175 1364 218 CLOSE
1409 175 1616 218 ROLLS.

653 373 709 409 De
743 380 890 411 arcanea
925 381 1107 410 terrarum
1144 374 1305 410 Rei-ardo·
1340 374 1544 411 Bradle.-
1558 372 1800 410 Mandatum
1838 375 1898 410 est
1934 371 2169 422 justiciariis
2202 370 2251 408 ad

546 435 770 473 custodiam
829 435 1051 473 Judeorum
1110 434 1328 484 assignatis
1379 435 1485 484 quod
1534 447 1626 473 cum
1675 435 1724 472 ad
1772 447 1838 473 eos
1887 434 2042 473 venerit
2089 436 2251 472 extenta

545 501 743 536 terrarum
792 497 953 536 Ricardi
1001 497 1151 535 Brudle
1198 510 1268 546 per
1314 496 1593 535 vicecomitem
1647 497 1866 546 wigornie,
1921 497 1985 535 cui
2038 510 2106 534 rex
2162 508 2250 533 eam

542 560 803 598 demandavit
858 559 1096 606 faciendam,
1154 559 1374 597 secundum
1431 559 1606 597 valorem
1668 559 1886 597 earundem
1953 562 2150 597 terrarum
2212 559 2252 595 et

544 621 817 671 quantitatem
855 621 1084 660 debitorum
1123 621 1164 658 in
1203 620 1349 670 quibus
1389 623 1549 659 tenetur
1589 621 1725 671 Mossy
1763 621 1848 659 filio
1885 620 2165 671 Deulebeneye
2213 621 2252 657 et

547 683 744 723 Sarrabel’
776 684 833 722 fil‘
863 685 960 733 ejus,
993 683 1133 721 Judeis
1166 682 1386 732 Wigomie,
1428 681 1711 721 rationabilem
1754 683 1879 721 finem
1922 686 1961 722 et
1990 681 2251 721 rationabiles

544 746 739 785 terminos
775 746 810 784 ei
848 745 992 783 habere
1030 745 1205 790 faciant;
1249 745 1307 783 ita
1341 745 1447 795 quod
1486 744 1652 783 interim
1682 748 1839 783 cessent
1874 758 1994 784 usure
2032 744 2250 783 eorundem

543 808 783 848 debitorum.
860 808 976 846 Teste
1014 820 1104 857 rege
1144 807 1251 857 apud
1291 807 1456 853 Theok'‚
1497 821 1562 845 xx.
1598 807 1661 845 die
1701 807 1899 846 Octobris.

651 889 707 926 Et
753 887 993 926 mandatum
1041 889 1100 925 est
1146 886 1372 925 vicecomiti
1422 886 1628 936 Wigornie
1676 887 1782 937 quod
1830 899 1899 936 per
1951 887 2250 926 sacramentum

544 950 761 1000 proborum
818 953 857 988 et
914 949 1107 999 legalium
1165 949 1378 987 hominum
1435 949 1628 987 extendat
1680 953 1805 988 terras
1860 949 1950 987 illas
2015 952 2054 987 et
2120 948 2250 998 ipsam

543 1016 750 1052 extentam
788 1011 960 1050 distince
998 1014 1036 1050 et
1075 1015 1210 1061 aperte
1249 1012 1398 1050 factam
1437 1013 1512 1050 etc.
1555 1011 1689 1050 mittat
1728 1011 1878 1050 eisdem
1917 1011 2166 1062 justiciariis.

655 1118 728 1154 Pro
767 1117 942 1154 Ilamone
975 1116 1056 1159 filio
1098 1115 1434 1164 Philippa—Rex
1482 1114 1679 1154 concessit
1731 1116 1912 1155 Hamoni
1951 1116 2034 1154 filio
2072 1114 2250 1165 Philippi

541 1179 763 1219 custodiam
822 1181 923 1216 terre
980 1190 1055 1227 que
1112 1177 1190 1216 fuit
1247 1177 1414 1216 Henrici
1471 1177 1518 1215 de
1571 1178 1794 1217 Ferlinton'
1849 1178 1890 1216 in
1944 1176 2105 1216 Breceb’
2157 1189 2249 1216 cum

539 1241 727 1280 omnibus
758 1240 1014 1290 pertinentiis
1053 1240 1135 1278 suis
1169 1239 1397 1278 habendam
1436 1252 1561 1289 usque
1600 1240 1649 1278 ad
1682 1240 1910 1290 legitimam
1951 1243 2099 1279 etatem
2140 1240 2248 1277 here-

540 1306 636 1343 dum
676 1303 802 1354 ipsius
842 1302 1008 1341 Heni-ici
1048 1303 1133 1341 sine
1165 1302 1380 1351 maritagio
1419 1302 1614 1340 heredum
1655 1303 1941 1352 predictarum,
1975 1316 2050 1353 que
2089 1302 2249 1354 quidem

540 1366 723 1406 custodia
762 1365 810 1404 ad
850 1378 983 1414 regem
1023 1368 1178 1414 spectat
1214 1364 1369 1403 ratione
1408 1364 1665 1414 episcopatus
1704 1365 2028 1404 Dunholmensis
2067 1367 2170 1410 etc.;
2212 1366 2251 1403 et

541 1428 779 1467 mandatum
836 1429 896 1465 est
951 1426 1132 1465 Johanni
1182 1426 1266 1464 filio
1325 1425 1505 1474 Philippi
1563 1426 1669 1476 quod
1726 1426 1774 1464 de
1833 1427 2010 1477 predicta
2066 1427 2250 1466 custodia

542 1491 703 1540 plenam
743 1490 777 1528 ei
817 1489 1007 1528 seisinam
1046 1488 1196 1528 habere
1236 1488 1371 1528 faciat.
1431 1488 1548 1526 Teste
1588 1502 1678 1539 rege
1717 1489 1822 1539 apud
1872 1489 2038 1536 Theok',
2080 1503 2144 1528 xx.
2186 1490 2249 1528 die

543 1553 741 1593 Octobris.

649 1633 761 1670 Idem
802 1632 936 1671 Hamo
988 1630 1109 1671 habet
1161 1631 1252 1670 inde
1291 1631 1447 1670 litteras
1500 1633 1683 1680 patentes
1736 1630 1811 1670 sibi
1851 1634 1890 1670 et
1942 1631 2005 1671 cui
2045 1631 2250 1682 assignare

539 1695 723 1734 voluerit.

653 1803 706 1838 lt·
744 1801 963 1838 Ze'hvrate'one
1003 1798 1251 1836 flata-Rex
1290 1799 1488 1837 concessit
1528 1798 1682 1836 Simoni
1723 1798 1927 1836 Hurtaud'
1968 1798 2247 1837 liberationem

538 1865 709 1902 duorum
747 1862 1003 1900 denariorum
1042 1874 1164 1911 quam
1203 1861 1412 1899 Johannes
1461 1861 1676 1899 BlundusQ
1716 1861 1916 1910 percipere
1955 1861 2162 1900 consuevit
2201 1862 2248 1900 de

537 1925 758 1964 elemosina
795 1924 1041 1969 constituta;
1083 1926 1121 1961 et
1163 1923 1403 1961 mandatum
1444 1926 1504 1961 est
1554 1922 1772 1961 baronibus
1810 1923 1857 1961 de
1899 1923 2106 1963 Scaccario
2143 1924 2248 1974 quod

541 1987 821 2026 liberationem
862 1986 974 2023 illam
1013 1985 1143 2023 eidem
1201 1985 1358 2024 Simoni
1410 1984 1555 2023 habere
1608 1984 1774 2024 faciant.
1834 1985 1950 2024 Teste
2001 1999 2091 2035 rege
2144 1987 2248 2036 apud

541 2051 696 2096 Glouc',
737 2049 819 2098 xxj.
860 2048 922 2086 die
961 2047 1158 2086 Octobris.

649 2157 702 2193 De
731 2162 875 2192 mtenta
908 2153 1318 2191 terrm—Mandatum
1349 2156 1408 2190 est
1438 2152 1672 2202 justiciariis
1702 2153 1750 2190 ad
1780 2153 2004 2191 custodiam
2026 2153 2247 2192 Jndeorum

536 2218 754 2268 assignatis
791 2217 897 2266 quod
938 2229 1006 2265 per
1046 2218 1346 2254 sacramentum
1386 2215 1577 2264 legalium
1616 2215 1832 2253 hominum
1884 2215 2045 2253 extendi
2094 2215 2247 2254 faciant

537 2287 683 2320 terram
738 2279 916 2319 Simonis
968 2279 1041 2316 filii
1093 2278 1308 2327 Reginaldi
1362 2277 1402 2315 in
1458 2277 1605 2327 Uoleby
1660 2280 1859 2326 quantum
1912 2278 2043 2316 valeat
2092 2280 2168 2323 etc,
2209 2281 2247 2316 et

536 2343 757 2383 secundum
779 2342 954 2380 valorem
986 2344 1024 2379 et
1056 2340 1327 2391 quantitatem
1360 2339 1483 2378 debiti
1504 2340 1610 2389 quod
1632 2339 1747 2378 debet
1768 2339 1926 2378 Abrahe
1956 2340 2003 2378 de
2033 2340 2246 2379 Colecestr’

536 2410 575 2445 et
606 2405 799 2444 Deudone
830 2404 885 2441 fil'
918 2403 1176 2441 Deulecresse
1223 2401 1507 2440 rationabilem
1538 2403 1662 2440 finem
1693 2405 1731 2440 et
1762 2402 2023 2441 rationabiles
2052 2403 2247 2442 terminos

537 2468 571 2506 ei
610 2467 758 2506 habere
797 2466 962 2505 faciant.
1025 2465 1142 2503 Teste
1181 2468 1226 2503 ut
1265 2478 1398 2514 supra.

651 2573 724 2608 l'ro
762 2571 969 2607 hominihus
1009 2571 1051 2605 de
1092 2568 1636 2606 Clu'lteleam'.—-Mandatum
1685 2571 1745 2607 est
1792 2569 1969 2607 Waltero
2016 2569 2063 2607 de
2111 2569 2246 2619 Burgo

535 2633 640 2683 quod
679 2632 888 2682 permittat
926 2630 1111 2669 homines
1150 2630 1197 2667 de
1237 2630 1461 2668 Chiltham'
1498 2633 1632 2668 tenere
1672 2630 1811 2668 villam
1851 2644 1964 2668 suam
2003 2631 2053 2669 ad
2083 2631 2244 2671 firmam

536 2708 660 2746 usque
699 2695 748 2732 ad
775 2693 996 2733 terminum
1029 2695 1268 2731 contentum
1303 2692 1345 2730 in
1379 2692 1507 2731 literis
1541 2692 1645 2741 regis
1679 2691 1913 2742 patentibus
1960 2692 2028 2743 qui
2062 2694 2242 2733 nondum

536 2757 730 2807 preteriit.
807 2757 923 2794 Teste
962 2758 1007 2793 ut
1046 2768 1178 2804 supra.

645 2863 701 2898 De
733 2862 934 2909 quercubus
972 2858 1385 2898 «Icctis.—llla11(lat111n
1426 2861 1485 2896 est
1524 2858 1825 2897 constabulario
1866 2858 2006 2898 Sancti
2053 2859 2244 2899 Briavelli

536 2924 641 2975 quod
689 2922 835 2961 habere
883 2920 1003 2959 faciat
1051 2920 1241 2970 Philippo
1289 2921 1337 2958 de
1388 2920 1569 2959 Colovill'
1621 2934 1716 2959 xxx.
1766 2934 1936 2971 quercus
1983 2921 2024 2959 in
2085 2923 2245 2972 proprio

535 2987 655 3026 bosco
701 2998 773 3024 suo
830 2984 937 3021 infra
994 2984 1187 3022 forestam
1239 2983 1286 3021 de
1337 2983 1439 3021 Den'
1490 2983 1539 3021 ad
1587 2984 1727 3022 domos
1775 2996 1867 3022 suas
1913 2996 1989 3033 que
2036 2984 2244 3025 combuste

537 3052 633 3088 sunt
671 3046 970 3086 reedificandas.
1048 3046 1166 3084 Teste
1206 3045 1312 3095 apud
1353 3045 1506 3092 Glouo',
1547 3046 1628 3096 xxj.
1670 3045 1732 3084 die
1771 3044 1968 3085 Octobris.

646 3153 702 3190 De
742 3152 929 3189 roboribus
967 3149 1382 3188 asass.—1x1andat111n
1422 3154 1481 3188 est
1521 3149 1820 3188 constabulario
1861 3150 2000 3189 Sancti
2051 3150 2241 3189 Briavelli

534 3215 639 3266 quod
668 3214 710 3251 in
740 3213 887 3251 foresta
910 3211 1047 3251 Sancti
1077 3211 1268 3249 Briavelli
1299 3211 1420 3250 faciat
1450 3210 1596 3249 habere
1625 3211 1834 3250 Fratribus
1855 3210 2077 3250 Minoribus
2100 3212 2241 3252 Glouc’

533 3291 570 3317 v.
607 3278 741 3316 vetera
780 3273 921 3313 robora
959 3273 1009 3311 ad
1048 3273 1182 3311 focum
1222 3286 1356 3319 suum,
1397 3274 1444 3311 de
1482 3274 1586 3312 dono
1626 3273 1742 3323 regis.
1803 3274 1919 3312 Teste
1956 3276 2001 3312 ut
2039 3277 2189 3324 supra.'

1020 3372 1033 3386 *
1052 3370 1269 3402 Substituted
1285 3370 1340 3401 for
1358 3370 1540 3402 'Robertus
1556 3369 1585 3400 le
1601 3369 1761 3411 Squeler.'
