2375 3587
135 323 278 368 1236.

129 390 189 429 [m.
207 387 277 427 4d.]

1014 192 1070 231 20
1114 187 1319 229 HENRY
1362 184 1443 227 ΠΙ.
1988 180 2068 221 377

480 388 967 428 Νωῆικιινηιὸτία.-Εο(1610
1006 386 1126 425 modo
1164 383 1404 422 mandatum
1444 382 1504 418 est
1541 377 1766 418 vicecomiti
1805 373 2076 414 Norhumbrie

373 454 478 504 quod
516 453 662 492 assisas
701 464 802 490 nove
849 450 1061 489 disseisine
1121 460 1197 497 que
1245 443 1478 483 aramiande
1521 444 1615 480 sunt
1662 453 1796 479 coram
1843 436 2077 488 justiciariis

373 516 423 554 ad
479 516 653 565 primam
710 513 879 552 assisam
937 514 1012 549 etc.
1061 509 1197 548 venire
1248 507 1370 545 faciat
1421 516 1555 543 coram
1614 515 1702 551 rege
1760 500 1866 550 apud
1918 499 2077 536 Novum

374 577 563 616 Castrum
603 589 722 626 super
763 575 923 625 Tyriam
963 573 1026 611 die
1067 569 1235 611 Sabbati
1276 568 1460 619 proxima
1506 568 1597 614 post
1644 564 1794 602 festum
1842 559 2079 599 Nativitatis

373 639 486 678 beate
524 638 652 677 Marie
687 650 794 676 anno
838 639 913 674 etc.
947 648 1012 673 xx.
1091 634 1208 671 Teste
1247 634 1292 669 ut
1332 641 1466 679 supra.

482 759 822 798 Lincss-—Eodem
851 756 1000 806 [modo]
1028 754 1267 793 mandatum
1300 753 1359 789 est
1392 746 1618 788 vicecomiti
1652 746 1768 784 Linc'
1797 744 1903 793 quod
1935 743 2080 781 assisas

375 836 475 861 nove
523 821 732 860 disseisine
794 832 869 869 que
924 816 1158 856 aramiande
1206 817 1301 852 sunt
1349 823 1484 850 coram
1530 807 1762 860 justiciariis
1810 806 1858 844 ad
1907 805 2080 854 primam

376 886 544 924 assisam
583 887 658 923 etc.
694 886 732 922 et
770 895 845 932 que
885 880 1048 919 interim
1088 876 1321 916 aramiande
1360 874 1443 912 sint
1472 872 1607 910 venire
1659 869 1780 908 faciat
1819 880 1952 907 coram
1992 879 2082 915 rege

378 948 483 997 apud
521 946 634 984 Linc’
674 945 718 982 in
757 955 914 982 recessu
953 942 1000 979 de
1046 940 1157 978 Novo
1197 938 1338 977 Castro
1376 935 1426 973 ad
1464 934 1570 972 diem
1609 934 1649 970 et
1686 931 1819 969 locum
1858 941 1976 978 quem
2015 940 2084 965 rex

377 1010 413 1048 ei
451 1009 550 1048 scire
588 1007 719 1046 faciet.
796 1005 912 1043 Teste
950 1006 1026 1041 etc.

487 1126 986 1168 Eboracum.—-Johannes
1024 1123 1072 1160 de
1103 1121 1206 1161 Rosa
1243 1122 1282 1158 et
1315 1119 1450 1168 Agnes
1488 1128 1588 1155 uxor
1635 1114 1721 1164 ejus
1778 1112 2086 1151 attornaverunt

380 1192 609 1231 Galfridum
649 1191 696 1229 de
736 1188 937 1228 Carleton'
978 1187 1119 1225 contra
1157 1182 1402 1222 Nicholaum
1441 1180 1489 1218 de
1528 1175 1731 1227 Treyton’,
1770 1175 1984 1213 Eudonem
2041 1172 2088 1209 (16

383 1254 546 1293 Sutton’
599 1264 637 1290 et
689 1250 861 1289 Aliciam
914 1259 1079 1286 uxorem
1130 1245 1217 1295 ejus
1274 1244 1471 1287 tenentes,
1522 1240 1569 1277 de
1627 1236 1746 1275 tertia
1802 1238 1912 1285 parte
1968 1233 2088 1271 unius

382 1314 579 1364 mesuagii
640 1316 679 1351 et
736 1311 948 1360 sexaginta
1004 1312 1043 1347 et
1095 1310 1185 1346 octo
1243 1305 1347 1343 acris
1413 1306 1516 1341 terre
1572 1312 1664 1338 cum
1729 1296 1986 1347 pertinentiis
2046 1294 2088 1331 in

382 1377 537 1423 Holm’‚
579 1376 735 1414 Ouston
775 1376 814 1412 et
857 1370 1119 1411 Ulverherst’.

493 1479 678 1519 Dionisia
716 1490 791 1527 que
829 1475 907 1513 fuit
946 1486 1044 1512 uxor
1084 1470 1276 1522 Symonis
1316 1468 1391 1506 filii
1431 1465 1654 1504 Raimundi
1693 1466 1732 1502 et
1770 1461 1941 1500 Matillis
1993 1471 2093 1497 uxor

385 1545 467 1583 Ade
519 1544 566 1581 de
615 1539 818 1579 Bokeden’
873 1537 1180 1575 attornaverunt
1224 1531 1426 1581 predictos
1466 1528 1677 1568 Simonem
1712 1528 1750 1564 et
1785 1525 1915 1563 Adam
1953 1525 2094 1561 contra

385 1606 639 1646 Willelmum
673 1603 719 1641 de
749 1601 882 1646 Arch',
914 1597 1196 1641 Herebertum,
1229 1595 1433 1643 Rogerum
1468 1593 1507 1629 et
1541 1590 1722 1634 Petrum,
1754 1588 1896 1625 fratres
1925 1585 2025 1635 ejus,
2058 1586 2097 1622 61

386 1668 605 1708 Ricardum
643 1666 691 1704 de
731 1664 849 1702 Arch’
890 1662 1088 1705 tenentes,
1128 1659 1175 1696 de
1213 1657 1309 1706 xvij.
1350 1654 1508 1693 bovatis
1557 1655 1659 1690 terre
1706 1663 1798 1689 cum
1841 1647 2097 1698 pertinentiis

386 1732 428 1770 in
469 1728 706 1770 Shadowess’
747 1728 786 1764 et
820 1725 862 1762 in
902 1721 1161 1762 Smitheton'.

497 1861 1017 1907 Eboracum.—Willelmus
1064 1858 1112 1896 de
1154 1854 1382 1894 Picheford'
1424 1850 1647 1891 attornavit
1685 1850 1815 1888 Adam
1863 1848 1909 1885 de
1957 1846 2097 1884 Piche-

388 1933 486 1971 ford'
523 1932 663 1970 contra
696 1927 928 1965 Johannem
960 1923 1007 1960 de
1041 1919 1249 1958 'l'orinton'
1284 1919 1503 1966 petentem,
1539 1914 1587 1952 de
1619 1911 1799 1951 manerio
1833 1911 1880 1948 de
1914 1907 2096 1947 Elreton’

390 2008 483 2034 cum
522 1989 791 2043 pertinentiis.
870 1986 987 2024 Teste
1026 1995 1116 2032 rege
1155 1981 1261 2030 apud
1300 1979 1545 2023 Eboracum,
1585 1976 1639 2026 vj.
1678 1975 1741 2012 die
1781 1970 2043 2022 Septembris.

506 2133 636 2169 Lanc‘.
695 2129 751 2166 De
796 2126 922 2163 assisis
970 2135 1061 2160 nore
1108 2120 1303 2157 disseisivee
1349 2118 1468 2165 captis
1516 2127 1640 2152 coram
1684 2114 1737 2151 W.
1779 2114 1821 2148 (Ie
1859 2112 2100 2148 moram.-

394 2193 623 2234 Willelmus
662 2190 708 2228 de
746 2188 929 2226 Eboraco
969 2182 1216 2223 constitutus
1264 2182 1323 2218 est
1369 2176 1618 2229 justiciarius
1667 2175 1716 2213 ad
1755 2173 1922 2212 assisam
1963 2170 2101 2209 mortis

395 2253 658 2295 antecessoris
710 2249 947 2300 capiendam
1006 2256 1127 2295 (111301
1180 2242 1334 2280 Ε(111113
1388 2240 1436 2277 (16
1494 2238 1704 2286 Cungrave
1742 2238 1781 2273 et
1819 2233 1954 2272 Isolda
1992 2245 2101 2270 soror

395 2321 481 2369 ejus
538 2314 839 2354 aramiaverunt
896 2321 1034 2348 versus
1084 2307 1288 2346 Andrean]
1337 2301 1504 2347 Blund',
1545 2300 1776 2337 Johannem
1834 2296 2008 2345 Teveray
2064 2297 2103 2332 et

396 2380 566 2419 Aliciam
605 2388 770 2415 uxorem
806 2374 906 2423 ejus,
938 2371 986 2409 de
1025 2370 1258 2408 tenemento
1296 2365 1338 2402 in
1379 2366 1603 2412 Cungrave.
1680 2360 1736 2398 Et
1774 2357 2012 2396 mandatum
2044 2359 2103 2394 est

396 2442 525 2481 eidem
564 2439 627 2477 W.
667 2437 772 2487 quod
828 2435 870 2472 in
928 2445 1085 2471 recessu
1143 2442 1214 2468 suo
1271 2428 1318 2465 de
1373 2426 1421 2464 de
1478 2424 1641 2472 Noting⁷
1699 2433 1837 2460 versus
1896 2418 2102 2467 Salopiam

397 2503 528 2554 capiat
567 2500 675 2539 infra
712 2497 953 2537 comitatum
995 2493 1118 2533 Staff'
1159 2491 1327 2529 assisam
1372 2486 1593 2537 predictam
1633 2484 1682 2522 ad
1721 2483 1784 2520 die
1821 2485 1860 2519 et
1898 2481 1984 2519 loco
2017 2479 2102 2531 (sic)

397 2579 496 2616 quos
530 2564 579 2602 ad
616 2563 692 2601 hoc
730 2559 873 2599 viderit
912 2556 1097 2606 expedire
1136 2556 1175 2592 et
1213 2552 1320 2590 diem
1359 2553 1397 2588 et
1435 2549 1583 2587 locum.
1670 2546 1726 2584 Et
1765 2543 2007 2582 mandatum
2046 2544 2105 2579 est

398 2625 624 2667 vicecomiti
665 2623 786 2663 Staff’
826 2620 932 2672 quod
971 2618 1141 2657 assisam
1181 2615 1294 2653 illam
1335 2616 1409 2650 etc.
1496 2610 1613 2648 Teste
1652 2621 1742 2658 rege
1781 2606 1886 2656 apud
1932 2605 2105 2643 Pontem

400 2692 605 2734 Fractum,
646 2686 720 2736 iiij.
759 2685 822 2722 die
862 2679 1125 2731 Septembris.

510 2808 751 2847 Mandatum
785 2807 845 2842 est
883 2800 1106 2841 vicecomiti
1143 2797 1318 2837 Eboraci
1355 2794 1461 2845 quod
1500 2790 1719 2840 assumptis
1767 2801 1902 2827 56011111
1951 2787 2020 2836 xij.
2060 2786 2107 2823 de

403 2869 660 2922 legalioribus
698 2871 736 2906 et
775 2862 1075 2904 discretioribus
1131 2858 1332 2898 militibus
1389 2857 1435 2894 de
1492 2853 1688 2892 comitatu
1746 2864 1816 2888 suo
1868 2850 1909 2886 111
1948 2847 2107 2897 propria

404 2946 574 2984 persona
613 2944 684 2970 sua
721 2929 883 2968 accedat
931 2927 981 2964 ad
1038 2923 1218 2962 maneria
1274 2921 1321 2958 de
1379 2918 1549 2956 Barton’
1609 2918 1647 2953 et
1703 2913 1888 2963 Apelton’
1946 2914 1984 2948 et
2041 2922 2110 2958 per

405 2996 704 3035 sacramentum
761 2989 979 3029 eorundem
1035 2985 1121 3024 fieri
1179 2983 1299 3021 faciat
1357 2977 1745 3030 perambulationem
1803 2975 1907 3012 inter
1963 2975 2109 3009 terram

407 3056 568 3097 Ricardi
606 3056 654 3093 de
694 3054 801 3102 Gray
840 3052 881 3088 in
913 3049 1079 3087 Barton’
1125 3050 1163 3084 et
1211 3049 1360 3083 terram
1400 3040 1594 3081 willelmi
1639 3037 1789 3088 Paynel
1828 3036 1869 3072 in
1909 3034 2108 3082 Apelton’,

405 3120 463 3158 ita
511 3118 615 3168 quod
663 3112 956 3165 perambulatio
1003 3110 1073 3147 1113
1129 3109 1201 3146 fiat
1257 3119 1326 3155 per
1372 3106 1499 3142 certas
1546 3104 1675 3139 metas
1723 3102 1761 3136 et
1808 3097 1968 3142 divisas,
2017 3094 2111 3143 quia

407 3185 492 3220 tam
530 3178 733 3229 predictus
780 3174 976 3213 Ricardus
1032 3183 1153 3220 quam
1200 3167 1402 3218 predictus
1449 3163 1679 3202 Willelmus
1727 3159 1862 3209 posuit
1900 3169 1940 3195 se
1977 3168 2110 3194 coram

408 3255 499 3293 rege
537 3242 580 3279 in
618 3236 965 3289 perambulatione
1008 3233 1090 3271 illa.
1165 3231 1221 3269 Et
1261 3225 1653 3279 perambulationem
1694 3222 1806 3259 illam
1845 3219 2034 3257 distincte
2074 3220 2113 3255 et

408 3306 545 3355 aperte
582 3302 624 3341 in
664 3300 860 3349 scriptum
899 3296 1105 3335 redactum
1148 3293 1230 3343 (sic)
1272 3289 1419 3329 habeat
1458 3299 1592 3326 coram
1635 3281 1867 3335 justiciariis
1914 3279 2017 3329 regis
2064 3279 2113 3316 ad

407 3367 583 3417 primam
622 3363 791 3402 assisam
831 3363 906 3398 etc.
982 3358 1099 3396 Teste
1136 3367 1226 3404 rege
1265 3352 1371 3402 apud
1412 3350 1656 3391 Eboracum,
1687 3360 1723 3383 v.
1756 3344 1817 3382 (116
1849 3341 2110 3391 Septembris.

398 3455 461 3488 25
