2375 3587
192 330 338 377 1236.

191 397 336 436 [m.11.]

1071 211 1126 250 20
1172 209 1378 251 HENRY
1423 212 1504 252 ΠΙ.
2059 217 2141 258 273

546 407 618 442 l'ro
666 408 853 443 abbatissa
900 409 943 443 de
994 407 1331 445 Werzcell'.—-Rex
1378 407 1512 445 Avicie
1568 409 1615 445 de
1672 409 1900 448 Columbar'
1952 410 2138 449 salutem.

432 466 619 505 Ostendit
657 467 771 506 nobis
810 467 1012 506 abbatissa
1049 469 1096 506 de
1126 468 1322 506 Werwell'
1361 470 1479 518 quod,
1520 482 1611 508 cum
1650 471 1684 508 ei
1722 472 1970 510 dedissemus
2003 473 2139 510 decem

431 543 599 579 quercus
637 530 678 566 in
718 531 865 569 foresta
896 534 1034 569 nostra
1066 531 1114 568 de
1143 531 1182 569 la
1209 530 1322 569 Cette
1351 531 1401 568 ad
1430 532 1692 569 maeremium
1724 537 1900 583 tempore
1931 535 2141 573 Michaelis

430 590 477 628 de
534 590 763 629 Columbar⁷
817 592 1021 641 quondam
1079 591 1153 629 viri
1209 591 1284 636 tui,
1343 592 1430 641 ipsa
1486 593 1577 631 inde
1635 595 1814 632 nondum
1868 595 2009 633 habuit
2061 596 2138 634 nisi

429 652 607 701 quinque
635 665 816 702 quercus.
876 654 932 691 Et
961 653 1048 691 ideo
1083 653 1156 691 tibi
1186 653 1431 703 precipimus
1470 655 1588 703 quod,
1631 655 1663 692 si
1702 656 1878 705 quinque
1908 670 2075 706 quercus
2104 658 2139 695 ei

432 717 561 752 aretro
599 715 694 761 sint,
729 718 773 753 ut
811 715 920 761 dicit,
953 716 1000 753 de
1039 718 1219 764 tempore
1258 715 1449 764 predicto,
1490 719 1587 755 tunc
1621 717 1710 754 illas
1745 717 1779 755 ei
1818 717 1962 756 habere
2002 719 2138 757 facias.

432 775 488 813 Et
525 780 657 825 preter
694 777 785 815 illas
840 777 1016 827 quinque
1072 777 1217 815 habere
1274 777 1398 815 facias
1454 778 1583 816 eidem
1640 778 1839 817 abbatisse
1895 780 1936 818 in
1995 781 2143 819 foresta

431 838 608 886 predicta
647 839 824 889 quinque
861 852 1030 888 quercus
1069 839 1116 877 de
1154 839 1258 877 dono
1297 842 1435 878 nostro
1473 840 1520 878 de
1558 853 1674 879 novo.
1754 841 1870 880 Teste
1908 850 1998 891 rege
2036 843 2141 891 apud

432 899 657 946 Merewell',
697 902 749 952 vj.
791 901 853 939 die
892 901 1019 939 Junii.

541 986 928 1026 ΗΜΛ-1173110100
957 988 1004 1025 de
1030 987 1273 1037 Langeford'
1305 990 1370 1026 dat
1400 988 1482 1037 regi
1507 989 1653 1038 viginti
1681 990 1828 1028 solidos
1858 1003 1928 1039 pro
1958 991 2141 1029 habenda

430 1049 555 1087 assisa
593 1049 734 1087 ultime
763 1049 1074 1099 presentationis
1109 1062 1243 1088 coram
1282 1063 1384 1099 rege.
1445 1051 1500 1088 Et
1539 1052 1780 1089 mandatum
1820 1056 1879 1090 est
1917 1052 2140 1093 vicecomiti

434 1110 551 1149 Suht’
583 1112 687 1161 quod
722 1112 853 1161 capiat
892 1111 1163 1157 securitatem,
1195 1115 1269 1150 etc.
1324 1113 1556 1162 [Cancelled]
1585 1116 1684 1156 (31ιίἰί
1720 1116 1760 1151 in.
1794 1115 1931 1152 Hotulo
1965 1116 2137 1152 Pindum.

538 1199 934 1247 Nffljf’.-—-Henricus
983 1198 1093 1237 filius
1142 1199 1281 1250 Otewy
1328 1200 1397 1238 dat
1450 1200 1532 1249 regi
1581 1200 1792 1238 dimidiam
1842 1213 2021 1239 marcam
2070 1214 2141 1251 pro

432 1259 616 1299 habendo
644 1262 818 1310 quodam
853 1262 953 1299 Pone
984 1274 1117 1299 coram
1147 1261 1381 1312 justiciariis
1415 1262 1462 1300 de
1494 1262 1629 1300 Banco
1660 1265 1799 1301 contra
1831 1263 2025 1302 Willelmi
2058 1265 2140 1315 (sic)

432 1322 505 1359 filii
546 1323 684 1373 010111)γ
723 1327 762 1362 01
799 1323 912 1362 alios.
973 1324 1029 1362 Et
1067 1324 1309 1362 mandatum
1348 1328 1408 1362 est
1448 1324 1675 1363 vicecomiti
1714 1325 1825 1362 Norf’
1865 1326 1971 1376 quod
2010 1326 2142 1375 capiat

431 1386 703 1432 securitatem,
744 1390 818 1425 etc.
878 1387 1109 1436 [cancellat]
1145 1389 1246 1430 (ditia
1285 1389 1327 1424 ’(ἠ
1370 1388 1506 1424 [cotula
1548 1389 1721 1425 Finium.

541 1475 598 1511 De
654 1475 826 1511 custodia
883 1481 977 1510 terre
1023 1481 1055 1511 et
1107 1475 1248 1511 heredis
1306 1475 1470 1512 Gilbertt'
1526 1476 1558 1511 le
1619 1475 1986 1514 ΒΗΛ-1101111008
2035 1476 2142 1514 filius

432 1536 617 1575 Nicholai
657 1535 828 1574 reddidit
867 1535 948 1585 regi
982 1536 1208 1574 custodiam
1240 1539 1344 1574 terre
1378 1540 1416 1574 et
1456 1537 1612 1574 heredis
1648 1536 1820 1576 Gilberti
1855 1538 1890 1576 le
1922 1538 2032 1583 Bret,
2070 1552 2141 1587 pro

433 1612 512 1648 qua
554 1597 739 1636 habenda
781 1597 905 1635 finem
946 1597 1041 1636 fecit
1084 1610 1177 1636 cum
1218 1610 1309 1647 rege
1353 1611 1421 1647 per
1461 1598 1513 1636 xl.
1558 1612 1728 1636 marcas.
1804 1600 1859 1638 Et
1900 1601 2141 1638 mandatum

431 1664 490 1698 est
529 1659 745 1698 baronibus
783 1660 830 1698 de
871 1659 1078 1698 Scaccario
1116 1660 1222 1710 quod
1261 1660 1310 1698 de
1347 1659 1428 1698 illis
1467 1660 1520 1698 xl.
1562 1661 1707 1699 marcis
1746 1661 1879 1710 ipsum
1919 1662 2142 1700 Henricum

433 1723 619 1773 quietum
658 1735 742 1760 esse
780 1721 946 1760 faciant.
1027 1721 1143 1760 Teste
1183 1725 1227 1760 ut
1269 1735 1403 1771 supra.

542 1812 621 1848 Pro
657 1812 714 1848 W.
748 1811 988 1848 Karleolmsz·
1021 1810 1506 1859 episcopm—Mandatum
1538 1817 1598 1848 est
1630 1810 1858 1849 vicecomiti
1893 1812 2004 1850 Norf'
2039 1813 2143 1861 quod

433 1874 480 1911 de
524 1886 606 1911 una
652 1876 840 1911 carucata
888 1875 991 1910 terre
1038 1885 1130 1910 cum
1180 1871 1436 1921 pertinentiis
1480 1872 1522 1909 in
1569 1871 1900 1911 Gerboldesham’
1946 1886 2021 1923 que
2066 1874 2144 1912 fuit

434 1935 630 1973 Willelmi
659 1935 707 1973 de
735 1934 934 1983 Wigehal’
964 1938 1002 1972 et
1032 1947 1108 1984 que
1138 1937 1256 1984 capta
1285 1937 1344 1972 est
1378 1934 1420 1971 in
1453 1947 1622 1973 manum
1650 1935 1754 1984 regis
1783 1949 1854 1985 pro
1884 1936 2144 1974 contentione

431 2011 506 2048 que
546 1998 639 2035 inde
675 2000 736 2036 est
773 1997 815 2034 in
854 1997 965 2035 curia
1004 1997 1108 2046 regis
1142 1997 1249 2035 inter
1284 2009 1418 2046 regem
1454 2000 1494 2035 et
1527 1997 1655 2035 Adam
1692 1998 1738 2035 de
1776 1998 1983 2048 Wygehal’
2022 1999 2143 2037 faciat

430 2060 575 2099 habere
614 2060 676 2098 W.
718 2059 967 2098 Karleolensi
1006 2060 1204 2109 episcopo,
1238 2059 1478 2104 custodiam,
1512 2060 1638 2098 donec
1677 2060 1904 2099 discussum
1944 2061 2062 2100 fuerit
2102 2062 2142 2098 in

430 2123 568 2161 eadem
608 2123 717 2162 curia
751 2122 815 2161 cui
854 2126 958 2160 terra
993 2122 1080 2172 ipsa
1114 2121 1255 2161 debeat
1289 2122 1336 2160 de
1374 2123 1462 2172 jure
1496 2135 1716 2161 remanere.
1778 2124 1895 2162 Teste
1930 2127 1974 2162 ut
2008 2137 2141 2173 supra.

536 2212 592 2247 De
639 2212 748 2246 busca
795 2209 1204 2247 datm—Mandatum
1252 2212 1311 2247 est
1360 2209 1540 2247 ε1011311111
1597 2210 1643 2247 (10
1701 2209 1860 2255 Nevffl‘,
1919 2211 2144 2260 justiciario

430 2273 587 2318 foreste,
636 2273 741 2321 quod
788 2271 829 2309 in
877 2271 995 2310 bosco
1043 2271 1147 2320 regis
1195 2272 1241 2309 de
1302 2271 1520 2309 Shotour’*
1571 2272 1692 2309 faciat
1740 2271 1885 2310 habere
1932 2272 2143 2312 Fratribus

432 2334 656 2373 Minoribus
688 2335 841 2373 Oxonie
870 2348 934 2372 xv.
966 2338 1185 2372 carectatas
1215 2333 1333 2372 busce
1363 2334 1410 2371 de
1440 2334 1545 2372 dono
1576 2334 1692 2383 regis.
1754 2334 1869 2373 Teste
1900 2338 1943 2372 ut
1974 2347 2107 2384 supra.

541 2424 596 2460 De
627 2430 786 2470 respectu
818 2421 1131 2471 bustula—Quia
1160 2419 1281 2458 abbas
1311 2421 1358 2458 de
1389 2421 1549 2459 Rames’
1572 2434 1642 2470 pro
1663 2421 1805 2459 itinere
1826 2421 2142 2471 justiciariorum

418 2486 482 2527 ⁴ad
526 2485 630 2534 quod
683 2484 929 2522 constitutus
968 2486 1027 2521 est
1066 2484 1107 2521 in
1146 2482 1407 2521 comitatibus
1447 2483 1584 2521 Bedef'
1617 2487 1655 2521 et
1694 2483 1796 2520 Buk'
1829 2485 2021 2522 interesse
2062 2497 2143 2522 non

432 2551 563 2597 potest
610 2546 765 2596 loquele
813 2558 888 2595 que
947 2545 1199 2583 summonita
1246 2548 1305 2583 est
1353 2557 1488 2584 coram
1546 2545 1779 2596 justiciariis
1826 2546 1873 2583 de
1922 2546 2058 2584 Banco
2102 2546 2142 2583 in

430 2610 605 2648 crastino
645 2609 784 2647 Sancti
820 2608 1021 2647 Johannis
1056 2608 1240 2657 Baptiste
1274 2620 1379 2645 anno
1409 2611 1483 2645 etc.
1515 2620 1579 2644 XX.
1611 2607 1717 2645 inter
1746 2607 1977 2645 Hamonem
2007 2608 2140 2653 Pech',

432 2675 651 2722 petentem,
688 2674 727 2709 et
766 2671 992 2720 predictum
1032 2669 1233 2715 abbatem,
1270 2672 1491 2714 tenentem,
1528 2669 1574 2707 de
1610 2669 1766 2707 duabus
1805 2670 2001 2708 carucatis
2041 2675 2142 2708 terre

431 2747 523 2773 cum
563 2733 820 2783 pertinentiis
860 2734 901 2771 in
940 2733 1059 2779 Oure,
1099 2736 1262 2781 excepta
1300 2731 1560 2770 advocatione
1604 2732 1767 2769 ecclesie
1815 2732 1995 2781 ejusdem
2034 2732 2140 2778 ville,

431 2797 672 2835 mandatum
711 2800 771 2834 est
810 2795 1044 2846 justiciariis
1083 2795 1272 2844 predictis
1318 2794 1423 2844 quod
1471 2794 1671 2843 loquelam
1720 2794 1940 2842 predictam
1988 2799 2143 2843 ponant

432 2859 472 2896 in
522 2861 747 2908 respectum
796 2871 922 2907 usque
970 2857 1011 2895 in
1060 2870 1123 2894 xv.
1164 2857 1248 2894 dies
1286 2859 1376 2905 post
1415 2855 1565 2894 festum
1607 2856 1744 2894 Sancti
1786 2856 1996 2894 Michaelis
2035 2869 2142 2894 anno

432 2921 622 2970 predicto.
682 2920 799 2958 Teste
833 2923 878 2958 ut
918 2932 1050 2968 supra.

546 3008 619 3043 Pro
668 3008 872 3043 vicecomite
909 3005 1228 3054 Notiny'.-—Rex
1275 3005 1471 3043 concessit
1510 3004 1735 3042 vicecomiti
1776 3004 1939 3053 Noting'
1980 3008 2141 3054 pratum

433 3069 536 3117 regis
585 3068 690 3117 quod
738 3067 912 3117 pertinet
959 3067 1009 3105 ad
1057 3066 1326 3105 castellariam
1374 3067 1495 3105 castri
1542 3067 1645 3115 regis
1695 3066 1873 3115 Noting',
1914 3079 2034 3115 quam
2073 3066 2141 3103 diu

434 3131 515 3180 regi
554 3130 762 3179 placuerit,
803 3130 851 3167 ad
886 3129 1127 3167 estoverium
1158 3141 1352 3179 equorum
1382 3128 1644 3172 vicecomitis,
1676 3128 1785 3166 salvo
1814 3128 1897 3176 regi
1927 3128 2143 3166 sufficienti

433 3191 628 3231 estoverio
676 3191 758 3229 feni
806 3191 854 3228 ad
902 3203 1001 3239 opus
1049 3203 1243 3239 equorum
1293 3190 1396 3239 regis
1444 3190 1485 3226 in
1526 3188 1763 3227 adventibus
1804 3189 1885 3226 suis
1924 3189 1972 3226 ad
2011 3194 2142 3237 partes

434 3256 538 3293 illas.
626 3254 680 3292 Et
734 3253 973 3291 mandatum
1029 3256 1089 3290 est
1145 3252 1324 3301 predicto
1379 3251 1606 3290 vicecomiti
1663 3251 1768 3300 quod
1824 3254 1985 3299 pratum
2042 3251 2142 3288 illud

435 3317 614 3366 recipiat.
698 3316 817 3353 Teste
857 3328 946 3364 rege
985 3315 1091 3364 apud
1131 3314 1358 3360 Merewell’,
1399 3314 1467 3364 vij.
1508 3314 1571 3351 die
1612 3313 1739 3350 ι1111111.

1005 3395 1019 3410 *
1040 3392 1257 3425 Substituted
1282 3394 1335 3425 for
1359 3393 1567 3424 ‘Forthull.'

482 3472 588 3504 18690
2035 3467 2055 3497 S
