2375 3587
171 314 314 361 1235.

166 382 224 421 [m.
256 380 329 419 7‹I.]

1038 187 1090 227 19
1132 184 1338 225 HENRY
1379 184 1463 225 III.
2028 180 2109 220 185

406 386 453 423 (19
493 384 674 423 Costetin
727 383 768 420 in
820 383 958 428 Eton',
1004 384 1043 419 et
1092 393 1160 430 per
1217 381 1516 417 sacramentum
1573 377 1789 416 eorundem
1847 374 1932 413 fieri
1989 373 2113 412 facias

406 446 794 497 perambulationem
833 444 938 482 inter
972 447 1120 482 terram
1158 442 1285 492 ipsius
1315 440 1470 480 abbatis
1500 440 1541 478 in
1575 440 1862 490 Sywaldeston'
1894 441 1933 476 et
1963 440 2111 475 terram

407 509 586 559 ejusdem
626 508 781 546 Thome
819 506 860 544 in
900 506 1037 551 Eton',
1074 505 1130 542 ita
1167 504 1272 553 quod
1312 501 1607 552 perambulatio
1647 501 1715 538 illa
1761 502 1832 538 fiat
1880 512 1948 549 per
1985 501 2113 537 certas

408 574 536 609 metas
575 573 613 608 et
651 569 813 615 divisas,
853 568 947 618 quia
985 566 1151 617 predicti
1190 565 1312 604 abbas
1351 568 1390 603 et
1430 564 1608 602 Thomas
1638 566 1858 612 posuerunt
1898 575 1938 599 se
1977 573 2111 599 coram

408 632 523 671 nobis
590 644 708 681 super
774 629 1162 680 perambulationem
1229 627 1364 672 illam;
1442 630 1481 665 et
1538 626 1651 663 illam
1708 623 2112 673 perambulationem,

408 695 597 733 distincte
635 698 674 731 et
712 696 846 742 aperte
885 692 1035 730 factam
1074 690 1147 729 sub
1186 690 1320 739 sigillo
1369 694 1437 727 tuo
1485 691 1524 726 et
1558 700 1627 737 per
1665 686 1738 737 iiij.
1778 686 1925 735 legales
1963 685 2114 722 milites

409 770 457 795 ex
495 756 575 794 illis
621 755 690 805 qui
736 753 1076 804 perambulationi
1124 753 1184 790 illi
1231 750 1503 796 interfuerint,
1548 749 1647 788 scire
1695 748 1818 787 facias
1880 745 2114 797 justiciariis

411 818 559 857 nostris
598 818 647 856 acl
686 817 861 866 primam
900 815 1073 854 assisam
1126 827 1219 854 cum
1272 813 1314 851 in
1367 816 1500 863 partes
1553 812 1644 850 illas
1682 809 1880 856 venerint,
1920 809 1987 859 qui
2026 821 2114 847 eam

411 884 517 919 stare
556 880 720 925 faciant,
760 892 830 928 per
862 891 962 927 quas
995 880 1124 915 metas
1155 879 1194 914 et
1228 875 1376 913 divisas
1407 873 1702 924 perambulatio
1736 872 1805 910 illa
1840 871 1944 909 facta
1978 870 2113 908 fuerit.

411 944 467 981 Et
524 942 674 980 habeas
720 940 775 979 ibi
823 940 991 979 nomina
1038 939 1218 977 militum
1269 940 1309 976 et
1356 938 1431 976 hoc
1479 936 1610 975 breve.
1708 935 1825 973 Teste
1873 946 1962 983 rege
2009 932 2115 982 apud

413 1003 833 1048 Westmonasterium,
874 1016 909 1041 v.
949 1002 1011 1040 die
1046 1001 1159 1040 Julii.

518 1074 602 1114 Sub
640 1074 715 1112 hac
753 1074 883 1112 forma
921 1072 1160 1110 mandatum
1200 1073 1260 1109 est
1298 1068 1525 1109 vicecomiti
1572 1068 1686 1106 Linc’
1726 1066 1832 1116 quod
1871 1065 1956 1103 fieri
1996 1065 2117 1104 faciat

411 1136 803 1188 perambulationem
852 1135 958 1173 inter
1005 1139 1152 1172 terram
1210 1133 1366 1171 abbatis
1425 1131 1564 1171 Sancti
1622 1130 1730 1169 Petri
1788 1129 1835 1167 de
1889 1129 2025 1177 Burgo
2073 1128 2114 1165 in

412 1199 616 1249 Thurleby
647 1202 686 1236 et
718 1201 865 1236 terram
920 1197 1109 1246 Hugonis
1162 1195 1275 1234 Wak’
1327 1195 1368 1232 in
1417 1194 1589 1239 Brunn’,
1637 1196 1675 1231 et
1723 1190 2115 1241 perambulationem

410 1262 523 1300 illam
572 1262 670 1300 scire
719 1260 840 1299 faciat
892 1259 1128 1310 justiciariis
1177 1259 1225 1296 ad
1278 1257 1452 1307 primam
1505 1256 1675 1294 assisam
1727 1258 1802 1292 etc.
1870 1253 1987 1291 Teste
2027 1265 2117 1301 rege

412 1325 518 1374 apud
562 1322 978 1367 Westmonasterium,
1023 1321 1088 1372 vij.
1129 1321 1192 1358 (119
1231 1319 1345 1358 Juhi.

520 1411 773 1449 lessam—R.
795 1409 1093 1447 Londoniensis
1122 1407 1330 1457 episcopus
1352 1405 1574 1445 attornavit
1595 1404 1831 1454 Philippum
1853 1403 1900 1441 (19
1921 1402 2057 1440 Parles
2078 1405 2117 1440 et

414 1474 643 1513 Gal‘fridum
673 1474 720 1511 (19
749 1472 946 1510 Balescot’
978 1484 1114 1509 versus
1144 1471 1348 1520 Rogerum
1377 1469 1425 1507 (19
1454 1467 1682 1513 Branketr',
1714 1469 1930 1516 petentem,
1962 1465 2009 1502 (19
2037 1478 2118 1502 una

414 1549 505 1576 acra
533 1539 571 1574 et
600 1549 682 1573 una
711 1534 806 1573 rocla
835 1536 936 1572 terre
966 1546 1058 1572 cum
1088 1532 1344 1582 pertinentiis
1380 1531 1421 1569 in
1452 1529 1678 1568 Branketr'.
1737 1530 1853 1566 Teste
1882 1530 1927 1565 ut
1957 1539 2090 1576 supra,

524 1622 1016 1667 Eboracum.—Susanna,
1068 1634 1144 1670 que
1183 1620 1261 1658 fuit
1294 1632 1394 1657 uxor
1432 1617 1595 1656 Radulfi
1635 1617 1671 1655 le
1710 1616 1860 1662 Blund‚
1900 1614 2120 1653 attornavit

416 1686 668 1724 Willelmum
738 1684 869 1722 filium
935 1683 1097 1721 Radulfi
1155 1695 1291 1720 versus
1357 1681 1554 1719 Thoniam
1620 1678 1751 1716 filium
1825 1676 2026 1716 Johannis
2082 1679 2121 1715 et

416 1748 624 1786 Julianam
664 1759 829 1785 uxorem
879 1746 979 1796 ejus,
1031 1747 1228 1791 tenentes,
1268 1744 1315 1782 (19
1359 1742 1514 1781 duabus
1568 1740 1724 1780 bovatis
1763 1744 1865 1779 terre
1903 1752 1995 1778 cum
2034 1752 2119 1788 per-

417 1810 601 1849 tinentiis
640 1810 681 1847 in
721 1807 917 1859 Engelby.

526 1897 929 1945 Ii'amz'a.—Rogerus
950 1895 1058 1932 filius
1079 1893 1247 1932 Martini
1267 1892 1489 1931 attornavit
1511 1891 1729 1930 Ricardum
1752 1889 1964 1928 Textorem
1986 1901 2123 1927 versus

418 1961 648 1999 Johannem
671 1958 789 2009 Kyk’,
812 1961 1033 2002 tenentem,
1056 1957 1103 1994 de
1124 1956 1198 2006 iiij.
1221 1955 1323 1994 acris
1344 1958 1447 1993 terre
1476 1967 1567 1993 911111
1598 1952 1854 2003 pertinentiis
1888 1952 1928 1989 in
1960 1951 2120 2000 Brigge.

526 2039 764 2077 Mandatum
825 2040 885 2075 est
936 2035 1171 2087 justiciariis
1228 2033 1514 2073 itinerantibus
1566 2033 1607 2070 111
1663 2031 1861 2071 comitatu
1920 2029 2125 2079 Wigornie

416 2102 521 2152 quod
552 2101 752 2151 loquelam
791 2113 867 2149 que
906 2098 1157 2137 summonita
1195 2102 1256 2135 est
1294 2110 1427 2135 coram
1457 2096 1515 2134 eis
1545 2095 1650 2133 inter
1680 2094 1914 2133 -Johannem
1945 2092 2124 2140 Briwer‘,

416 2168 635 2214 petentem,
666 2165 705 2200 et
734 2161 955 2200 Robertum
994 2161 1040 2198 (19
1080 2162 1297 2210 Curtenay,
1328 2162 1548 2204 tenentem,
1580 2158 1627 2195 (19
1657 2155 1778 2195 tercia
1812 2158 1924 2205 parte
1961 2157 2125 2193 centum

417 2239 600 2266 acrarum
638 2224 747 2263 bosci
776 2237 868 2263 cum
907 2222 1163 2273 pertinentiis
1210 2222 1251 2259 in
1292 2220 1506 2267 Aillesbir'‚
1547 2222 1702 2270 ponant
1732 2219 1773 2255 in
1805 2220 2031 2267 respectum
2079 2217 2126 2254 de

418 2289 481 2328 die
520 2289 561 2326 in
600 2288 707 2325 diem
746 2300 768 2324 a
806 2286 869 2324 (119
908 2285 1019 2324 Jovis
1058 2284 1240 2334 proxima
1284 2287 1375 2333 post
1413 2282 1577 2322 octabas
1616 2280 1887 2331 apostolorum
1935 2279 2043 2317 Petri
2086 2282 2125 2316 et

420 2351 535 2390 Pauli
574 2351 615 2387 in
654 2363 717 2387 xv.
748 2348 844 2387 dies.
915 2348 1032 2386 Teste
1062 2360 1150 2396 rege
1189 2347 1295 2396 apud
1325 2344 1746 2389 westmonasterium,
1778 2356 1815 2379 x.
1856 2341 1918 2379 (119
1955 2340 2070 2379 Julii.

533 2435 1044 2487 Hybernia.—Mandatum
1084 2437 1143 2472 est
1196 2434 1252 2472 M.
1291 2433 1376 2471 filio
1425 2431 1601 2477 Geroldi‚
1651 2429 1877 2481 justiciario
1916 2427 2125 2475 Hibernie,

419 2501 525 2552 quod
563 2501 668 2538 facta
717 2497 980 2548 inquisitione
1028 2496 1227 2546 diligenti,
1264 2496 1296 2534 si
1344 2494 1545 2533 invenerit
1596 2493 1700 2544 quod
1740 2491 1970 2530 Willelmus
2019 2490 2128 2529 filius

420 2562 607 2613 Hugonis
638 2564 677 2600 et
707 2560 905 2610 Tangard'
948 2559 1055 2597 filius
1095 2558 1303 2597 Goelefridi
1346 2558 1511 2596 fuerunt
1555 2558 1697 2595 contra
1745 2553 1956 2592 dominum
1995 2565 2128 2602 regem

420 2639 512 2665 cum
551 2624 663 2675 equis
701 2627 740 2661 et
777 2622 900 2661 armis
939 2621 980 2659 in
1019 2620 1200 2671 partibus
1251 2619 1444 2658 Hiber-nie
1482 2631 1573 2657 cum
1627 2618 1674 2655 R.
1725 2616 1931 2666 quondam
1983 2614 2129 2653 comite

420 2686 580 2732 Penbr’,
609 2689 707 2724 tunc
745 2685 792 2722 (19
829 2683 932 2733 ipsi*
970 2683 1112 2729 forma,
1152 2695 1274 2732 quam
1314 2695 1380 2720 rex
1407 2681 1536 2719 eidem
1566 2678 1790 2730 justiciario
1820 2678 1867 2715 (19
1897 2675 2130 2726 hujusmodi

422 2746 783 2798 transgressoribus
823 2745 1001 2796 injunxit
1039 2758 1132 2783 cum
1171 2747 1274 2782 esset
1307 2744 1349 2781 in
1389 2742 1548 2792 Anglia.
1618 2741 1688 2786 Et,
1721 2740 1753 2778 si
1793 2740 1991 2778 invenerit
2024 2737 2130 2789 quod

423 2824 505 2850 non
545 2811 709 2848 fuerunt
756 2812 896 2847 contra
933 2807 1067 2857 ipsum
1115 2820 1248 2856 regem
1296 2810 1386 2852 etc.,
1423 2808 1520 2843 tunc
1564 2804 1671 2853 ipsos
1706 2802 1885 2840 decetero
1923 2800 2130 2839 occasione

424 2873 601 2923 predicta
646 2872 687 2908 in
733 2870 847 2908 nullo
889 2870 1075 2908 molestet
1126 2869 1188 2907 vel
1233 2868 1471 2906 occasionct.
1549 2867 1665 2903 Teste
1717 2877 1807 2913 rege
1849 2863 1955 2912 apud
2001 2862 2128 2900 West-

425 2933 731 2979 monasterium,
764 2946 800 2970 x.
834 2932 896 2970 die
923 2931 1037 2970 Julii.
1097 2931 1172 2969 Per
1210 2924 1433 2968 Radulfum
1472 2928 1603 2966 filium
1644 2925 1842 2965 Nicholai.

536 3019 967 3059 Ji⁷a22t1·a.—Galf1·idus
1023 3018 1132 3056 filius
1190 3016 1320 3055 Rabh’
1361 3015 1584 3054 attornavit
1623 3013 1876 3052 Willelmum
1916 3012 1964 3049 de
1999 3009 2129 3048 Rabh’

427 3096 564 3123 versus
602 3081 791 3121 carolum
831 3079 1172 3118 Molendinarium
1211 3082 1249 3117 et
1288 3078 1471 3116 Juettam
1511 3088 1675 3114 uxorem
1709 3075 1809 3124 ejus,
1842 3072 2057 3111 Osbertum
2095 3071 2132 3108 le

430 3145 622 3185 Gravelere
669 3146 708 3182 et
755 3142 929 3181 Edivam
989 3154 1153 3180 uxorem
1212 3141 1311 3191 ejus,
1350 3143 1390 3179 et
1443 3139 1663 3177 Walterum
1711 3136 1802 3174 Hod
1849 3138 1888 3172 et
1932 3134 2130 3183 Agnetem

428 3220 593 3246 uxorem
657 3206 757 3256 ejus,
800 3206 994 3253 petentes,
1052 3203 1100 3241 de
1156 3203 1334 3253 quinque
1398 3201 1500 3239 acris
1564 3203 1666 3238 terre
1722 3201 1760 3235 et
1816 3195 1984 3234 dimidia
2038 3206 2130 3233 cum

431 3268 687 3320 pertinentiis
726 3267 767 3304 in
808 3266 1047 3305 Wrotham’.

1230 3363 1243 3378 *
1263 3361 1329 3393 Sic.
