<?xml version="1.0" encoding="UTF-8"?>
<!DOCTYPE html PUBLIC "-//W3C//DTD XHTML 1.0 Transitional//EN"
    "http://www.w3.org/TR/xhtml1/DTD/xhtml1-transitional.dtd">
<html xmlns="http://www.w3.org/1999/xhtml" xml:lang="en" lang="en">
 <head>
  <title>
</title>
<meta http-equiv="Content-Type" content="text/html;charset=utf-8" />
  <meta name='ocr-system' content='tesseract 3.04.00' />
  <meta name='ocr-capabilities' content='ocr_page ocr_carea ocr_par ocr_line ocrx_word'/>
</head>
<body>
  <div class='ocr_page' id='page_1' title='image "./closerollsofreig03grea_0490.png"; bbox 0 0 2375 3587; ppageno 0'>
   <div class='ocr_carea' id='block_1_1' title="bbox 258 186 341 227">
    <p class='ocr_par' dir='ltr' id='par_1_1' title="bbox 258 186 341 227">
     <span class='ocr_line' id='line_1_1' title="bbox 258 186 341 227; baseline 0 -2"><span class='ocrx_word' id='word_1_1' title='bbox 258 186 341 227; x_wconf 81' lang='lat'>478</span> 
     </span>
    </p>
   </div>
   <div class='ocr_carea' id='block_1_2' title="bbox 318 315 459 420">
    <p class='ocr_par' dir='ltr' id='par_1_2' title="bbox 318 315 459 420">
     <span class='ocr_line' id='line_1_2' title="bbox 318 315 459 361; baseline 0.007 -1"><span class='ocrx_word' id='word_1_2' title='bbox 318 315 459 361; x_wconf 83' lang='lat'>1237.</span> 
     </span>
     <span class='ocr_line' id='line_1_3' title="bbox 328 380 448 420; baseline 0.008 -9"><span class='ocrx_word' id='word_1_3' title='bbox 328 382 388 420; x_wconf 83' lang='lat' dir='ltr'>[m.</span> <span class='ocrx_word' id='word_1_4' title='bbox 401 380 448 420; x_wconf 79' lang='grc'>6.]</span> 
     </span>
    </p>
   </div>
   <div class='ocr_carea' id='block_1_3' title="bbox 1194 184 1624 226">
    <p class='ocr_par' dir='ltr' id='par_1_3' title="bbox 1194 184 1624 226">
     <span class='ocr_line' id='line_1_4' title="bbox 1194 184 1624 226; baseline 0 0"><span class='ocrx_word' id='word_1_5' title='bbox 1194 184 1377 226; x_wconf 76' lang='lat' dir='ltr'>CLOSE</span> <span class='ocrx_word' id='word_1_6' title='bbox 1422 184 1624 226; x_wconf 84' lang='lat' dir='ltr'><strong>ROLLS.</strong></span> 
     </span>
    </p>
   </div>
   <div class='ocr_carea' id='block_1_4' title="bbox 1066 282 1292 286">
    <p class='ocr_par' dir='ltr' id='par_1_4' title="bbox 1066 282 1292 286">
     <span class='ocr_line' id='line_1_5' title="bbox 1066 282 1292 286; baseline 0 0"><span class='ocrx_word' id='word_1_7' title='bbox 1066 282 1292 286; x_wconf 95' lang='lat' dir='ltr'> </span> 
     </span>
    </p>
   </div>
   <div class='ocr_carea' id='block_1_5' title="bbox 1295 281 1519 285">
    <p class='ocr_par' dir='ltr' id='par_1_5' title="bbox 1295 281 1519 285">
     <span class='ocr_line' id='line_1_6' title="bbox 1295 281 1519 285; baseline 0 0"><span class='ocrx_word' id='word_1_8' title='bbox 1295 281 1519 285; x_wconf 95' lang='lat' dir='ltr'> </span> 
     </span>
    </p>
   </div>
   <div class='ocr_carea' id='block_1_6' title="bbox 1525 281 1751 285">
    <p class='ocr_par' dir='ltr' id='par_1_6' title="bbox 1525 281 1751 285">
     <span class='ocr_line' id='line_1_7' title="bbox 1525 281 1751 285; baseline 0 0"><span class='ocrx_word' id='word_1_9' title='bbox 1525 281 1751 285; x_wconf 95' lang='lat' dir='ltr'> </span> 
     </span>
    </p>
   </div>
   <div class='ocr_carea' id='block_1_7' title="bbox 549 378 2256 675">
    <p class='ocr_par' dir='ltr' id='par_1_7' title="bbox 549 378 2256 675">
     <span class='ocr_line' id='line_1_8' title="bbox 553 378 2255 429; baseline -0.001 -12"><span class='ocrx_word' id='word_1_10' title='bbox 553 378 851 418; x_wconf 73' lang='lat' dir='ltr'>constabulario</span> <span class='ocrx_word' id='word_1_11' title='bbox 889 379 1192 429; x_wconf 78' lang='lat' dir='ltr'>Walingeford‘,</span> <span class='ocrx_word' id='word_1_12' title='bbox 1243 379 1292 416; x_wconf 83' lang='lat' dir='ltr'>ad</span> <span class='ocrx_word' id='word_1_13' title='bbox 1345 379 1451 428; x_wconf 87' lang='lat' dir='ltr'>ipsos</span> <span class='ocrx_word' id='word_1_14' title='bbox 1490 378 1772 417; x_wconf 86' lang='lat' dir='ltr'>custodiendos</span> <span class='ocrx_word' id='word_1_15' title='bbox 1826 379 1866 417; x_wconf 86' lang='lat' dir='ltr'>in</span> <span class='ocrx_word' id='word_1_16' title='bbox 1919 379 2083 428; x_wconf 84' lang='lat' dir='ltr'>prisona</span> <span class='ocrx_word' id='word_1_17' title='bbox 2134 380 2255 418; x_wconf 85' lang='lat' dir='ltr'>castri</span> 
     </span>
     <span class='ocr_line' id='line_1_9' title="bbox 553 440 2256 491; baseline 0.001 -14"><span class='ocrx_word' id='word_1_18' title='bbox 553 440 720 489; x_wconf 85' lang='lat' dir='ltr'>predicti</span> <span class='ocrx_word' id='word_1_19' title='bbox 768 454 891 491; x_wconf 85' lang='lat' dir='ltr'>usque</span> <span class='ocrx_word' id='word_1_20' title='bbox 938 443 987 479; x_wconf 85' lang='lat' dir='ltr'>ad</span> <span class='ocrx_word' id='word_1_21' title='bbox 1040 442 1259 479; x_wconf 80' lang='lat' dir='ltr'>adventum</span> <span class='ocrx_word' id='word_1_22' title='bbox 1298 441 1615 490; x_wconf 84' lang='lat' dir='ltr'>justiciariorum</span> <span class='ocrx_word' id='word_1_23' title='bbox 1663 441 1944 480; x_wconf 68' lang='lat' dir='ltr'>itinerantium</span> <span class='ocrx_word' id='word_1_24' title='bbox 1992 442 2034 479; x_wconf 91' lang='lat' dir='ltr'>in</span> <span class='ocrx_word' id='word_1_25' title='bbox 2075 441 2256 491; x_wconf 89' lang='lat' dir='ltr'>partibus</span> 
     </span>
     <span class='ocr_line' id='line_1_10' title="bbox 551 501 2256 552; baseline 0.002 -14"><span class='ocrx_word' id='word_1_26' title='bbox 551 501 645 548; x_wconf 87' lang='lat' dir='ltr'>illis,</span> <span class='ocrx_word' id='word_1_27' title='bbox 694 502 772 540; x_wconf 89' lang='lat' dir='ltr'>nisi</span> <span class='ocrx_word' id='word_1_28' title='bbox 820 503 988 552; x_wconf 77' lang='lat' dir='ltr'>predicti</span> <span class='ocrx_word' id='word_1_29' title='bbox 1038 503 1265 541; x_wconf 86' lang='lat' dir='ltr'>Willelmus</span> <span class='ocrx_word' id='word_1_30' title='bbox 1317 505 1355 540; x_wconf 92' lang='lat' dir='ltr'>et</span> <span class='ocrx_word' id='word_1_31' title='bbox 1404 502 1612 540; x_wconf 57' lang='lat' dir='ltr'>,Iohannes</span> <span class='ocrx_word' id='word_1_32' title='bbox 1663 502 1816 552; x_wconf 80' lang='lat' dir='ltr'>plegios</span> <span class='ocrx_word' id='word_1_33' title='bbox 1867 502 2046 540; x_wconf 88' lang='lat' dir='ltr'>invenire</span> <span class='ocrx_word' id='word_1_34' title='bbox 2099 503 2256 552; x_wconf 79' lang='lat' dir='ltr'>possint</span> 
     </span>
     <span class='ocr_line' id='line_1_11' title="bbox 550 563 2255 614; baseline 0.002 -14"><span class='ocrx_word' id='word_1_35' title='bbox 550 563 678 601; x_wconf 87' lang='lat' dir='ltr'>eidem</span> <span class='ocrx_word' id='word_1_36' title='bbox 735 563 1032 603; x_wconf 76' lang='lat' dir='ltr'>constabulario</span> <span class='ocrx_word' id='word_1_37' title='bbox 1090 564 1157 613; x_wconf 87' lang='lat' dir='ltr'>qui</span> <span class='ocrx_word' id='word_1_38' title='bbox 1231 576 1296 601; x_wconf 91' lang='lat' dir='ltr'>eos</span> <span class='ocrx_word' id='word_1_39' title='bbox 1353 564 1643 612; x_wconf 87' lang='lat' dir='ltr'>manucapiant</span> <span class='ocrx_word' id='word_1_40' title='bbox 1698 563 1844 603; x_wconf 88' lang='lat' dir='ltr'>habere</span> <span class='ocrx_word' id='word_1_41' title='bbox 1900 577 2034 603; x_wconf 89' lang='lat' dir='ltr'>coram</span> <span class='ocrx_word' id='word_1_42' title='bbox 2090 565 2255 614; x_wconf 83' lang='lat' dir='ltr'>prefatis</span> 
     </span>
     <span class='ocr_line' id='line_1_12' title="bbox 549 625 2226 675; baseline 0.001 -13"><span class='ocrx_word' id='word_1_43' title='bbox 549 625 785 675; x_wconf 78' lang='lat' dir='ltr'>justiciariis</span> <span class='ocrx_word' id='word_1_44' title='bbox 823 626 872 663; x_wconf 87' lang='lat' dir='ltr'>ad</span> <span class='ocrx_word' id='word_1_45' title='bbox 910 639 949 663; x_wconf 90' lang='lat' dir='ltr'>se</span> <span class='ocrx_word' id='word_1_46' title='bbox 988 625 1218 675; x_wconf 79' lang='lat' dir='ltr'>purgandos</span> <span class='ocrx_word' id='word_1_47' title='bbox 1257 626 1304 663; x_wconf 88' lang='lat' dir='ltr'>de</span> <span class='ocrx_word' id='word_1_48' title='bbox 1343 625 1566 674; x_wconf 88' lang='lat' dir='ltr'>suspitione</span> <span class='ocrx_word' id='word_1_49' title='bbox 1605 625 1795 674; x_wconf 87' lang='lat' dir='ltr'>predicta.</span> <span class='ocrx_word' id='word_1_50' title='bbox 1855 626 1972 664; x_wconf 84' lang='lat' dir='ltr'>Teste</span> <span class='ocrx_word' id='word_1_51' title='bbox 2009 629 2054 664; x_wconf 90' lang='lat' dir='ltr'>ut</span> <span class='ocrx_word' id='word_1_52' title='bbox 2093 639 2226 675; x_wconf 84' lang='lat' dir='ltr'>supra.</span> 
     </span>
    </p>
   </div>
   <div class='ocr_carea' id='block_1_8' title="bbox 545 735 2256 1032">
    <p class='ocr_par' dir='ltr' id='par_1_8' title="bbox 545 735 2256 1032">
     <span class='ocr_line' id='line_1_13' title="bbox 653 735 2255 782; baseline 0.001 -9"><span class='ocrx_word' id='word_1_53' title='bbox 653 736 709 772; x_wconf 66' lang='lat' dir='ltr'>De</span> <span class='ocrx_word' id='word_1_54' title='bbox 758 736 1186 782; x_wconf 49' lang='lat' dir='ltr'>fustis—Mandatum</span> <span class='ocrx_word' id='word_1_55' title='bbox 1239 738 1299 773; x_wconf 87' lang='lat' dir='ltr'>est</span> <span class='ocrx_word' id='word_1_56' title='bbox 1351 736 1540 773; x_wconf 84' lang='lat' dir='ltr'>servienti</span> <span class='ocrx_word' id='word_1_57' title='bbox 1594 736 1641 773; x_wconf 88' lang='lat' dir='ltr'>de</span> <span class='ocrx_word' id='word_1_58' title='bbox 1689 735 1960 774; x_wconf 78' lang='lat' dir='ltr'>Feckenham’</span> <span class='ocrx_word' id='word_1_59' title='bbox 2009 739 2048 774; x_wconf 91' lang='lat' dir='ltr'>et</span> <span class='ocrx_word' id='word_1_60' title='bbox 2099 737 2255 775; x_wconf 87' lang='lat' dir='ltr'>custodi</span> 
     </span>
     <span class='ocr_line' id='line_1_14' title="bbox 546 796 2256 847; baseline 0.002 -13"><span class='ocrx_word' id='word_1_61' title='bbox 546 796 842 836; x_wconf 88' lang='lat' dir='ltr'>dominicorum</span> <span class='ocrx_word' id='word_1_62' title='bbox 900 797 1108 835; x_wconf 81' lang='lat' dir='ltr'>hoscorum</span> <span class='ocrx_word' id='word_1_63' title='bbox 1167 797 1271 846; x_wconf 82' lang='lat' dir='ltr'>regis</span> <span class='ocrx_word' id='word_1_64' title='bbox 1328 798 1375 835; x_wconf 89' lang='lat' dir='ltr'>de</span> <span class='ocrx_word' id='word_1_65' title='bbox 1427 798 1565 835; x_wconf 87' lang='lat' dir='ltr'>eadem</span> <span class='ocrx_word' id='word_1_66' title='bbox 1624 797 1720 835; x_wconf 85' lang='lat' dir='ltr'>villa</span> <span class='ocrx_word' id='word_1_67' title='bbox 1775 798 1880 847; x_wconf 87' lang='lat' dir='ltr'>quod</span> <span class='ocrx_word' id='word_1_68' title='bbox 1936 797 2080 836; x_wconf 85' lang='lat' dir='ltr'>habere</span> <span class='ocrx_word' id='word_1_69' title='bbox 2135 798 2256 837; x_wconf 85' lang='lat' dir='ltr'>faciat</span> 
     </span>
     <span class='ocr_line' id='line_1_15' title="bbox 546 858 2253 908; baseline 0.002 -13"><span class='ocrx_word' id='word_1_70' title='bbox 546 858 662 897; x_wconf 82' lang='lat' dir='ltr'>fratri</span> <span class='ocrx_word' id='word_1_71' title='bbox 708 858 894 904; x_wconf 88' lang='lat' dir='ltr'>Roberto,</span> <span class='ocrx_word' id='word_1_72' title='bbox 934 859 1129 908; x_wconf 83' lang='lat' dir='ltr'>magistro</span> <span class='ocrx_word' id='word_1_73' title='bbox 1178 859 1325 897; x_wconf 81' lang='lat' dir='ltr'>Milicie</span> <span class='ocrx_word' id='word_1_74' title='bbox 1373 859 1531 908; x_wconf 83' lang='lat' dir='ltr'>Templi</span> <span class='ocrx_word' id='word_1_75' title='bbox 1579 860 1619 896; x_wconf 90' lang='lat' dir='ltr'>in</span> <span class='ocrx_word' id='word_1_76' title='bbox 1671 859 1824 908; x_wconf 82' lang='lat' dir='ltr'>Anglia‚</span> <span class='ocrx_word' id='word_1_77' title='bbox 1874 860 2009 898; x_wconf 87' lang='lat' dir='ltr'>decem</span> <span class='ocrx_word' id='word_1_78' title='bbox 2057 860 2165 898; x_wconf 79' lang='lat' dir='ltr'>fusta</span> <span class='ocrx_word' id='word_1_79' title='bbox 2212 861 2253 898; x_wconf 90' lang='lat' dir='ltr'>in</span> 
     </span>
     <span class='ocr_line' id='line_1_16' title="bbox 545 920 2252 970; baseline 0.001 -12"><span class='ocrx_word' id='word_1_80' title='bbox 545 920 695 959; x_wconf 82' lang='lat' dir='ltr'>foresta</span> <span class='ocrx_word' id='word_1_81' title='bbox 744 921 846 970; x_wconf 83' lang='lat' dir='ltr'>regis</span> <span class='ocrx_word' id='word_1_82' title='bbox 884 921 931 958; x_wconf 86' lang='lat' dir='ltr'>de</span> <span class='ocrx_word' id='word_1_83' title='bbox 971 921 1189 959; x_wconf 80' lang='lat' dir='ltr'>Wercwud&#39;</span> <span class='ocrx_word' id='word_1_84' title='bbox 1231 921 1279 958; x_wconf 86' lang='lat' dir='ltr'>ad</span> <span class='ocrx_word' id='word_1_85' title='bbox 1332 921 1488 959; x_wconf 89' lang='lat' dir='ltr'>edificia</span> <span class='ocrx_word' id='word_1_86' title='bbox 1536 921 1627 958; x_wconf 87' lang='lat' dir='ltr'>inde</span> <span class='ocrx_word' id='word_1_87' title='bbox 1658 921 1854 966; x_wconf 81' lang='lat' dir='ltr'>facienda,</span> <span class='ocrx_word' id='word_1_88' title='bbox 1895 922 1941 959; x_wconf 87' lang='lat' dir='ltr'>de</span> <span class='ocrx_word' id='word_1_89' title='bbox 1981 922 2085 960; x_wconf 89' lang='lat' dir='ltr'>dono</span> <span class='ocrx_word' id='word_1_90' title='bbox 2134 923 2252 970; x_wconf 76' lang='lat' dir='ltr'>regis.</span> 
     </span>
     <span class='ocr_line' id='line_1_17' title="bbox 547 982 1652 1032; baseline 0.001 -13"><span class='ocrx_word' id='word_1_91' title='bbox 547 982 663 1021; x_wconf 87' lang='lat' dir='ltr'>Teste</span> <span class='ocrx_word' id='word_1_92' title='bbox 702 995 792 1031; x_wconf 81' lang='lat' dir='ltr'>rege</span> <span class='ocrx_word' id='word_1_93' title='bbox 831 982 936 1031; x_wconf 87' lang='lat' dir='ltr'>apud</span> <span class='ocrx_word' id='word_1_94' title='bbox 980 982 1399 1028; x_wconf 72' lang='lat' dir='ltr'>westmonasterium,</span> <span class='ocrx_word' id='word_1_95' title='bbox 1437 986 1481 1020; x_wconf 88' lang='lat' dir='ltr'>ut</span> <span class='ocrx_word' id='word_1_96' title='bbox 1519 996 1652 1032; x_wconf 89' lang='lat' dir='ltr'>supra.</span> 
     </span>
    </p>
   </div>
   <div class='ocr_carea' id='block_1_9' title="bbox 541 1084 2254 1259">
    <p class='ocr_par' dir='ltr' id='par_1_9' title="bbox 541 1084 2254 1259">
     <span class='ocr_line' id='line_1_18' title="bbox 652 1084 2254 1134; baseline 0.002 -13"><span class='ocrx_word' id='word_1_97' title='bbox 652 1086 706 1121; x_wconf 73' lang='lat' dir='ltr'>De</span> <span class='ocrx_word' id='word_1_98' title='bbox 744 1084 1181 1122; x_wconf 58' lang='lat' dir='ltr'>‹l«mi.&lt;·.—Mandau1m</span> <span class='ocrx_word' id='word_1_99' title='bbox 1230 1090 1290 1122; x_wconf 87' lang='lat' dir='ltr'>est</span> <span class='ocrx_word' id='word_1_100' title='bbox 1340 1084 1513 1123; x_wconf 80' lang='lat' dir='ltr'>Roberto</span> <span class='ocrx_word' id='word_1_101' title='bbox 1551 1085 1598 1122; x_wconf 87' lang='lat' dir='ltr'>de</span> <span class='ocrx_word' id='word_1_102' title='bbox 1647 1085 1727 1123; x_wconf 85' lang='lat' dir='ltr'>Ros</span> <span class='ocrx_word' id='word_1_103' title='bbox 1766 1085 1872 1134; x_wconf 86' lang='lat' dir='ltr'>quod</span> <span class='ocrx_word' id='word_1_104' title='bbox 1916 1086 1957 1122; x_wconf 92' lang='lat' dir='ltr'>in</span> <span class='ocrx_word' id='word_1_105' title='bbox 1998 1085 2135 1124; x_wconf 86' lang='lat' dir='ltr'>baillia</span> <span class='ocrx_word' id='word_1_106' title='bbox 2182 1099 2254 1124; x_wconf 88' lang='lat' dir='ltr'>sua</span> 
     </span>
     <span class='ocr_line' id='line_1_19' title="bbox 544 1145 2254 1193; baseline 0.002 -10"><span class='ocrx_word' id='word_1_107' title='bbox 544 1145 831 1184; x_wconf 89' lang='lat' dir='ltr'>Northumbrie</span> <span class='ocrx_word' id='word_1_108' title='bbox 872 1146 993 1184; x_wconf 82' lang='lat' dir='ltr'>faciat</span> <span class='ocrx_word' id='word_1_109' title='bbox 1024 1146 1171 1184; x_wconf 84' lang='lat' dir='ltr'>habere</span> <span class='ocrx_word' id='word_1_110' title='bbox 1211 1146 1390 1184; x_wconf 83' lang='lat' dir='ltr'>Johanni</span> <span class='ocrx_word' id='word_1_111' title='bbox 1426 1146 1510 1184; x_wconf 89' lang='lat' dir='ltr'>filio</span> <span class='ocrx_word' id='word_1_112' title='bbox 1549 1146 1711 1185; x_wconf 87' lang='lat' dir='ltr'>Roberti</span> <span class='ocrx_word' id='word_1_113' title='bbox 1750 1147 1849 1185; x_wconf 84' lang='lat' dir='ltr'>duos</span> <span class='ocrx_word' id='word_1_114' title='bbox 1879 1147 2032 1193; x_wconf 86' lang='lat' dir='ltr'>damos,</span> <span class='ocrx_word' id='word_1_115' title='bbox 2068 1148 2115 1186; x_wconf 89' lang='lat' dir='ltr'>de</span> <span class='ocrx_word' id='word_1_116' title='bbox 2149 1148 2254 1186; x_wconf 85' lang='lat' dir='ltr'>dono</span> 
     </span>
     <span class='ocr_line' id='line_1_20' title="bbox 541 1208 1996 1259; baseline 0.001 -14"><span class='ocrx_word' id='word_1_117' title='bbox 541 1208 660 1257; x_wconf 82' lang='lat' dir='ltr'>regis.</span> <span class='ocrx_word' id='word_1_118' title='bbox 739 1208 855 1246; x_wconf 84' lang='lat' dir='ltr'>Teste</span> <span class='ocrx_word' id='word_1_119' title='bbox 894 1221 984 1256; x_wconf 77' lang='lat' dir='ltr'>rege</span> <span class='ocrx_word' id='word_1_120' title='bbox 1024 1209 1130 1258; x_wconf 87' lang='lat' dir='ltr'>apud</span> <span class='ocrx_word' id='word_1_121' title='bbox 1172 1209 1594 1255; x_wconf 83' lang='lat' dir='ltr'>Westmonasterium,</span> <span class='ocrx_word' id='word_1_122' title='bbox 1634 1210 1662 1259; x_wconf 89' lang='lat' dir='ltr'>j.</span> <span class='ocrx_word' id='word_1_123' title='bbox 1703 1209 1766 1246; x_wconf 89' lang='lat' dir='ltr'>die</span> <span class='ocrx_word' id='word_1_124' title='bbox 1806 1209 1996 1259; x_wconf 80' lang='lat' dir='ltr'>Augusti.</span> 
     </span>
    </p>
   </div>
   <div class='ocr_carea' id='block_1_10' title="bbox 540 1286 2254 1460">
    <p class='ocr_par' dir='ltr' id='par_1_10' title="bbox 540 1286 2254 1460">
     <span class='ocr_line' id='line_1_21' title="bbox 652 1286 2254 1338; baseline 0.002 -15"><span class='ocrx_word' id='word_1_125' title='bbox 652 1286 892 1324; x_wconf 86' lang='lat' dir='ltr'>Mandatum</span> <span class='ocrx_word' id='word_1_126' title='bbox 932 1290 991 1325; x_wconf 88' lang='lat' dir='ltr'>est</span> <span class='ocrx_word' id='word_1_127' title='bbox 1031 1287 1188 1325; x_wconf 87' lang='lat' dir='ltr'>custodi</span> <span class='ocrx_word' id='word_1_128' title='bbox 1230 1288 1373 1325; x_wconf 83' lang='lat' dir='ltr'>foreste</span> <span class='ocrx_word' id='word_1_129' title='bbox 1413 1288 1459 1325; x_wconf 87' lang='lat' dir='ltr'>de</span> <span class='ocrx_word' id='word_1_130' title='bbox 1500 1287 1758 1326; x_wconf 85' lang='lat' dir='ltr'>Feckenham</span> <span class='ocrx_word' id='word_1_131' title='bbox 1797 1289 1903 1338; x_wconf 89' lang='lat' dir='ltr'>quod</span> <span class='ocrx_word' id='word_1_132' title='bbox 1942 1288 2086 1327; x_wconf 84' lang='lat' dir='ltr'>habere</span> <span class='ocrx_word' id='word_1_133' title='bbox 2130 1288 2254 1327; x_wconf 83' lang='lat' dir='ltr'>faciat</span> 
     </span>
     <span class='ocr_line' id='line_1_22' title="bbox 540 1348 2253 1399; baseline 0.001 -12"><span class='ocrx_word' id='word_1_134' title='bbox 540 1348 743 1387; x_wconf 86' lang='lat' dir='ltr'>Willelmo</span> <span class='ocrx_word' id='word_1_135' title='bbox 782 1349 829 1386; x_wconf 85' lang='lat' dir='ltr'>de</span> <span class='ocrx_word' id='word_1_136' title='bbox 869 1348 1087 1398; x_wconf 85' lang='lat' dir='ltr'>Cantilupo</span> <span class='ocrx_word' id='word_1_137' title='bbox 1127 1352 1300 1399; x_wconf 85' lang='lat' dir='ltr'>quatuor</span> <span class='ocrx_word' id='word_1_138' title='bbox 1337 1350 1477 1387; x_wconf 84' lang='lat' dir='ltr'>damos</span> <span class='ocrx_word' id='word_1_139' title='bbox 1515 1350 1556 1387; x_wconf 92' lang='lat' dir='ltr'>in</span> <span class='ocrx_word' id='word_1_140' title='bbox 1599 1349 1736 1387; x_wconf 86' lang='lat' dir='ltr'>baillia</span> <span class='ocrx_word' id='word_1_141' title='bbox 1769 1363 1841 1388; x_wconf 88' lang='lat' dir='ltr'>sua</span> <span class='ocrx_word' id='word_1_142' title='bbox 1879 1352 1990 1388; x_wconf 82' lang='lat' dir='ltr'>extra</span> <span class='ocrx_word' id='word_1_143' title='bbox 2029 1351 2253 1389; x_wconf 87' lang='lat' dir='ltr'>dominicos</span> 
     </span>
     <span class='ocr_line' id='line_1_23' title="bbox 542 1410 1673 1460; baseline 0 -12"><span class='ocrx_word' id='word_1_144' title='bbox 542 1410 679 1449; x_wconf 85' lang='lat' dir='ltr'>boscos</span> <span class='ocrx_word' id='word_1_145' title='bbox 718 1423 835 1459; x_wconf 75' lang='lat' dir='ltr'>regis,</span> <span class='ocrx_word' id='word_1_146' title='bbox 876 1410 923 1448; x_wconf 87' lang='lat' dir='ltr'>de</span> <span class='ocrx_word' id='word_1_147' title='bbox 962 1411 1068 1449; x_wconf 92' lang='lat' dir='ltr'>dono</span> <span class='ocrx_word' id='word_1_148' title='bbox 1102 1411 1219 1460; x_wconf 83' lang='lat' dir='ltr'>regis.</span> <span class='ocrx_word' id='word_1_149' title='bbox 1297 1411 1415 1449; x_wconf 81' lang='lat' dir='ltr'>Teste</span> <span class='ocrx_word' id='word_1_150' title='bbox 1456 1414 1501 1449; x_wconf 90' lang='lat' dir='ltr'>ut</span> <span class='ocrx_word' id='word_1_151' title='bbox 1540 1424 1673 1460; x_wconf 84' lang='lat' dir='ltr'>supra.</span> 
     </span>
    </p>
   </div>
   <div class='ocr_carea' id='block_1_11' title="bbox 540 1515 2255 1811">
    <p class='ocr_par' dir='ltr' id='par_1_11' title="bbox 540 1515 2255 1811">
     <span class='ocr_line' id='line_1_24' title="bbox 662 1515 2252 1555; baseline 0.003 -5"><span class='ocrx_word' id='word_1_152' title='bbox 662 1515 740 1550; x_wconf 77' lang='grc' dir='ltr'>1)νο</span> <span class='ocrx_word' id='word_1_153' title='bbox 782 1529 892 1551; x_wconf 63' lang='lat' dir='ltr'>umora</span> <span class='ocrx_word' id='word_1_154' title='bbox 924 1517 1100 1553; x_wconf 17' lang='lat' dir='ltr'>Vla&#39;uclom&#39;s</span> <span class='ocrx_word' id='word_1_155' title='bbox 1138 1518 1180 1551; x_wconf 77' lang='lat' dir='ltr'>de</span> <span class='ocrx_word' id='word_1_156' title='bbox 1213 1515 1698 1553; x_wconf 56' lang='lat' dir='ltr'>Mori-ill&#39;.-Mandatum</span> <span class='ocrx_word' id='word_1_157' title='bbox 1733 1518 1794 1553; x_wconf 81' lang='lat' dir='ltr'>est</span> <span class='ocrx_word' id='word_1_158' title='bbox 1828 1515 2054 1554; x_wconf 72' lang='lat' dir='ltr'>vicecomiti</span> <span class='ocrx_word' id='word_1_159' title='bbox 2094 1516 2252 1555; x_wconf 78' lang='lat' dir='ltr'>Dorset’</span> 
     </span>
     <span class='ocr_line' id='line_1_25' title="bbox 540 1575 2252 1627; baseline 0.002 -15"><span class='ocrx_word' id='word_1_160' title='bbox 540 1575 644 1625; x_wconf 87' lang='lat' dir='ltr'>quod</span> <span class='ocrx_word' id='word_1_161' title='bbox 685 1575 732 1612; x_wconf 86' lang='lat' dir='ltr'>de</span> <span class='ocrx_word' id='word_1_162' title='bbox 773 1580 879 1613; x_wconf 86' lang='lat' dir='ltr'>terra</span> <span class='ocrx_word' id='word_1_163' title='bbox 919 1589 1042 1625; x_wconf 89' lang='lat' dir='ltr'>quam</span> <span class='ocrx_word' id='word_1_164' title='bbox 1082 1576 1200 1614; x_wconf 88' lang='lat' dir='ltr'>Eudo</span> <span class='ocrx_word' id='word_1_165' title='bbox 1239 1577 1286 1614; x_wconf 85' lang='lat' dir='ltr'>de</span> <span class='ocrx_word' id='word_1_166' title='bbox 1326 1576 1499 1614; x_wconf 77' lang='lat' dir='ltr'>Morvill&#39;</span> <span class='ocrx_word' id='word_1_167' title='bbox 1540 1577 1671 1614; x_wconf 86' lang='lat' dir='ltr'>tenuit</span> <span class='ocrx_word' id='word_1_168' title='bbox 1709 1577 1755 1614; x_wconf 91' lang='lat' dir='ltr'>de</span> <span class='ocrx_word' id='word_1_169' title='bbox 1803 1589 1893 1625; x_wconf 80' lang='lat' dir='ltr'>rege</span> <span class='ocrx_word' id='word_1_170' title='bbox 1941 1577 1983 1614; x_wconf 91' lang='lat' dir='ltr'>in</span> <span class='ocrx_word' id='word_1_171' title='bbox 2033 1578 2163 1627; x_wconf 87' lang='lat' dir='ltr'>capite</span> <span class='ocrx_word' id='word_1_172' title='bbox 2211 1578 2252 1616; x_wconf 89' lang='lat' dir='ltr'>in</span> 
     </span>
     <span class='ocr_line' id='line_1_26' title="bbox 541 1636 2254 1689; baseline 0.001 -14"><span class='ocrx_word' id='word_1_173' title='bbox 541 1636 677 1675; x_wconf 88' lang='lat' dir='ltr'>baillia</span> <span class='ocrx_word' id='word_1_174' title='bbox 717 1650 803 1682; x_wconf 89' lang='lat' dir='ltr'>sua,</span> <span class='ocrx_word' id='word_1_175' title='bbox 839 1638 1039 1686; x_wconf 79' lang='lat' dir='ltr'>assignari</span> <span class='ocrx_word' id='word_1_176' title='bbox 1080 1639 1202 1676; x_wconf 79' lang='lat' dir='ltr'>faciat</span> <span class='ocrx_word' id='word_1_177' title='bbox 1242 1638 1412 1676; x_wconf 88' lang='lat' dir='ltr'>Isabelle</span> <span class='ocrx_word' id='word_1_178' title='bbox 1460 1651 1536 1687; x_wconf 89' lang='lat' dir='ltr'>que</span> <span class='ocrx_word' id='word_1_179' title='bbox 1590 1639 1666 1676; x_wconf 80' lang='lat' dir='ltr'>fuit</span> <span class='ocrx_word' id='word_1_180' title='bbox 1714 1651 1814 1677; x_wconf 83' lang='lat' dir='ltr'>uxor</span> <span class='ocrx_word' id='word_1_181' title='bbox 1851 1639 2030 1689; x_wconf 85' lang='lat' dir='ltr'>ejusdem</span> <span class='ocrx_word' id='word_1_182' title='bbox 2071 1640 2254 1678; x_wconf 88' lang='lat' dir='ltr'>Eudonis</span> 
     </span>
     <span class='ocr_line' id='line_1_27' title="bbox 540 1698 2255 1751; baseline 0.003 -16"><span class='ocrx_word' id='word_1_183' title='bbox 540 1698 829 1737; x_wconf 79' lang='lat' dir='ltr'>rationabilem</span> <span class='ocrx_word' id='word_1_184' title='bbox 862 1700 1029 1738; x_wconf 82' lang='lat' dir='ltr'>terciam</span> <span class='ocrx_word' id='word_1_185' title='bbox 1062 1708 1217 1748; x_wconf 83' lang='lat' dir='ltr'>partem</span> <span class='ocrx_word' id='word_1_186' title='bbox 1258 1713 1371 1738; x_wconf 86' lang='lat' dir='ltr'>suam</span> <span class='ocrx_word' id='word_1_187' title='bbox 1408 1700 1573 1738; x_wconf 87' lang='lat' dir='ltr'>nomine</span> <span class='ocrx_word' id='word_1_188' title='bbox 1603 1700 1709 1738; x_wconf 86' lang='lat' dir='ltr'>dotis</span> <span class='ocrx_word' id='word_1_189' title='bbox 1741 1713 1809 1738; x_wconf 87' lang='lat' dir='ltr'>sue</span> <span class='ocrx_word' id='word_1_190' title='bbox 1839 1713 1914 1750; x_wconf 88' lang='lat' dir='ltr'>que</span> <span class='ocrx_word' id='word_1_191' title='bbox 1944 1714 2032 1739; x_wconf 86' lang='lat' dir='ltr'>eam</span> <span class='ocrx_word' id='word_1_192' title='bbox 2054 1702 2255 1751; x_wconf 77' lang='lat' dir='ltr'>contingit</span> 
     </span>
     <span class='ocr_line' id='line_1_28' title="bbox 542 1761 1419 1811; baseline 0.002 -14"><span class='ocrx_word' id='word_1_193' title='bbox 542 1761 589 1798; x_wconf 86' lang='lat' dir='ltr'>de</span> <span class='ocrx_word' id='word_1_194' title='bbox 634 1764 741 1799; x_wconf 88' lang='lat' dir='ltr'>terra</span> <span class='ocrx_word' id='word_1_195' title='bbox 776 1761 967 1810; x_wconf 81' lang='lat' dir='ltr'>predicta.</span> <span class='ocrx_word' id='word_1_196' title='bbox 1046 1762 1162 1800; x_wconf 77' lang='lat' dir='ltr'>Teste</span> <span class='ocrx_word' id='word_1_197' title='bbox 1202 1765 1246 1800; x_wconf 88' lang='lat' dir='ltr'>ut</span> <span class='ocrx_word' id='word_1_198' title='bbox 1283 1776 1419 1811; x_wconf 81' lang='lat' dir='ltr'>supra.</span> 
     </span>
    </p>
   </div>
   <div class='ocr_carea' id='block_1_12' title="bbox 545 1866 2254 2862">
    <p class='ocr_par' dir='ltr' id='par_1_12' title="bbox 545 1866 2254 2412">
     <span class='ocr_line' id='line_1_29' title="bbox 653 1866 2254 1913; baseline 0.002 -12"><span class='ocrx_word' id='word_1_199' title='bbox 653 1866 708 1902; x_wconf 82' lang='lat' dir='ltr'>De</span> <span class='ocrx_word' id='word_1_200' title='bbox 744 1866 896 1913; x_wconf 63' lang='lat' dir='ltr'>plvt’t&#39;na</span> <span class='ocrx_word' id='word_1_201' title='bbox 940 1868 1132 1903; x_wconf 71' lang='lat' dir='ltr'>hominnm</span> <span class='ocrx_word' id='word_1_202' title='bbox 1171 1869 1315 1903; x_wconf 61' lang='lat' dir='ltr'>multis</span> <span class='ocrx_word' id='word_1_203' title='bbox 1364 1867 1871 1904; x_wconf 45' lang='lat' dir='ltr'>l1&#39;arcunivs—Mandatum</span> <span class='ocrx_word' id='word_1_204' title='bbox 1921 1870 1980 1905; x_wconf 75' lang='lat' dir='ltr'>est</span> <span class='ocrx_word' id='word_1_205' title='bbox 2030 1867 2254 1906; x_wconf 80' lang='lat' dir='ltr'>vicecomiti</span> 
     </span>
     <span class='ocr_line' id='line_1_30' title="bbox 546 1926 2253 1978; baseline 0.001 -14"><span class='ocrx_word' id='word_1_206' title='bbox 546 1926 718 1965; x_wconf 82' lang='lat' dir='ltr'>Eboraci</span> <span class='ocrx_word' id='word_1_207' title='bbox 778 1927 883 1977; x_wconf 87' lang='lat' dir='ltr'>quod</span> <span class='ocrx_word' id='word_1_208' title='bbox 941 1941 987 1964; x_wconf 70' lang='lat' dir='ltr'>ex</span> <span class='ocrx_word' id='word_1_209' title='bbox 1045 1941 1122 1978; x_wconf 86' lang='lat' dir='ltr'>quo</span> <span class='ocrx_word' id='word_1_210' title='bbox 1180 1929 1364 1966; x_wconf 74' lang='lat' dir='ltr'>homines</span> <span class='ocrx_word' id='word_1_211' title='bbox 1422 1929 1483 1966; x_wconf 74' lang='lat' dir='ltr'>W.</span> <span class='ocrx_word' id='word_1_212' title='bbox 1542 1928 1703 1966; x_wconf 88' lang='lat' dir='ltr'>comitis</span> <span class='ocrx_word' id='word_1_213' title='bbox 1762 1928 1990 1975; x_wconf 87' lang='lat' dir='ltr'>Warennie,</span> <span class='ocrx_word' id='word_1_214' title='bbox 2047 1929 2115 1978; x_wconf 90' lang='lat' dir='ltr'>qui</span> <span class='ocrx_word' id='word_1_215' title='bbox 2172 1942 2253 1967; x_wconf 91' lang='lat' dir='ltr'>non</span> 
     </span>
     <span class='ocr_line' id='line_1_31' title="bbox 546 1989 2254 2040; baseline 0.002 -14"><span class='ocrx_word' id='word_1_216' title='bbox 546 1989 814 2038; x_wconf 87' lang='lat' dir='ltr'>permiserunt</span> <span class='ocrx_word' id='word_1_217' title='bbox 853 1990 991 2038; x_wconf 71' lang='lat' dir='ltr'>exequi</span> <span class='ocrx_word' id='word_1_218' title='bbox 1032 1991 1229 2039; x_wconf 83' lang='lat' dir='ltr'>judicium</span> <span class='ocrx_word' id='word_1_219' title='bbox 1270 2004 1406 2029; x_wconf 83' lang='lat' dir='ltr'>secum</span> <span class='ocrx_word' id='word_1_220' title='bbox 1453 1991 1499 2027; x_wconf 83' lang='lat' dir='ltr'>de</span> <span class='ocrx_word' id='word_1_221' title='bbox 1538 1990 1663 2028; x_wconf 80' lang='lat' dir='ltr'>assisa</span> <span class='ocrx_word' id='word_1_222' title='bbox 1715 2002 1816 2028; x_wconf 81' lang='lat' dir='ltr'>nove</span> <span class='ocrx_word' id='word_1_223' title='bbox 1867 1990 2080 2029; x_wconf 85' lang='lat' dir='ltr'>dissaisine</span> <span class='ocrx_word' id='word_1_224' title='bbox 2136 1994 2254 2040; x_wconf 88' lang='lat' dir='ltr'>capta</span> 
     </span>
     <span class='ocr_line' id='line_1_32' title="bbox 545 2051 2251 2102; baseline 0 -12"><span class='ocrx_word' id='word_1_225' title='bbox 545 2064 678 2090; x_wconf 88' lang='lat' dir='ltr'>coram</span> <span class='ocrx_word' id='word_1_226' title='bbox 712 2051 876 2090; x_wconf 86' lang='lat' dir='ltr'>domino</span> <span class='ocrx_word' id='word_1_227' title='bbox 906 2065 995 2101; x_wconf 78' lang='lat' dir='ltr'>rege</span> <span class='ocrx_word' id='word_1_228' title='bbox 1025 2053 1129 2101; x_wconf 85' lang='lat' dir='ltr'>apud</span> <span class='ocrx_word' id='word_1_229' title='bbox 1161 2053 1393 2091; x_wconf 86' lang='lat' dir='ltr'>Danecastr&#39;</span> <span class='ocrx_word' id='word_1_230' title='bbox 1426 2053 1529 2090; x_wconf 88' lang='lat' dir='ltr'>inter</span> <span class='ocrx_word' id='word_1_231' title='bbox 1552 2052 1758 2091; x_wconf 65' lang='lat' dir='ltr'>Simonem</span> <span class='ocrx_word' id='word_1_232' title='bbox 1780 2053 1827 2089; x_wconf 90' lang='lat' dir='ltr'>de</span> <span class='ocrx_word' id='word_1_233' title='bbox 1856 2052 1982 2101; x_wconf 84' lang='lat' dir='ltr'>Rupe,</span> <span class='ocrx_word' id='word_1_234' title='bbox 2005 2056 2251 2102; x_wconf 85' lang='lat' dir='ltr'>querentem,</span> 
     </span>
     <span class='ocr_line' id='line_1_33' title="bbox 545 2113 2254 2163; baseline 0.001 -12"><span class='ocrx_word' id='word_1_235' title='bbox 545 2117 584 2151; x_wconf 88' lang='lat' dir='ltr'>et</span> <span class='ocrx_word' id='word_1_236' title='bbox 638 2113 860 2152; x_wconf 85' lang='lat' dir='ltr'>Henricum</span> <span class='ocrx_word' id='word_1_237' title='bbox 910 2115 1157 2163; x_wconf 78' lang='lat' dir='ltr'>prepositum</span> <span class='ocrx_word' id='word_1_238' title='bbox 1215 2120 1254 2153; x_wconf 87' lang='lat' dir='ltr'>et</span> <span class='ocrx_word' id='word_1_239' title='bbox 1308 2115 1559 2153; x_wconf 83' lang='lat' dir='ltr'>Willelmum</span> <span class='ocrx_word' id='word_1_240' title='bbox 1618 2114 1747 2152; x_wconf 83' lang='lat' dir='ltr'>filium</span> <span class='ocrx_word' id='word_1_241' title='bbox 1804 2115 2012 2152; x_wconf 81' lang='lat' dir='ltr'>Levenoth</span> <span class='ocrx_word' id='word_1_242' title='bbox 2070 2118 2109 2153; x_wconf 90' lang='lat' dir='ltr'>et</span> <span class='ocrx_word' id='word_1_243' title='bbox 2156 2115 2254 2153; x_wconf 85' lang='lat' dir='ltr'>alios</span> 
     </span>
     <span class='ocr_line' id='line_1_34' title="bbox 546 2175 2253 2226; baseline 0.002 -14"><span class='ocrx_word' id='word_1_244' title='bbox 546 2175 732 2213; x_wconf 88' lang='lat' dir='ltr'>homines</span> <span class='ocrx_word' id='word_1_245' title='bbox 789 2175 917 2224; x_wconf 85' lang='lat' dir='ltr'>ipsius</span> <span class='ocrx_word' id='word_1_246' title='bbox 974 2176 1134 2214; x_wconf 80' lang='lat' dir='ltr'>comitis</span> <span class='ocrx_word' id='word_1_247' title='bbox 1194 2177 1241 2214; x_wconf 91' lang='lat' dir='ltr'>de</span> <span class='ocrx_word' id='word_1_248' title='bbox 1298 2190 1515 2215; x_wconf 88' lang='lat' dir='ltr'>communa</span> <span class='ocrx_word' id='word_1_249' title='bbox 1573 2182 1736 2225; x_wconf 86' lang='lat' dir='ltr'>pasture</span> <span class='ocrx_word' id='word_1_250' title='bbox 1794 2176 1835 2213; x_wconf 89' lang='lat' dir='ltr'>in</span> <span class='ocrx_word' id='word_1_251' title='bbox 1894 2176 2120 2215; x_wconf 86' lang='lat' dir='ltr'>Turleston&#39;</span> <span class='ocrx_word' id='word_1_252' title='bbox 2178 2189 2253 2226; x_wconf 88' lang='lat' dir='ltr'>que</span> 
     </span>
     <span class='ocr_line' id='line_1_35' title="bbox 546 2237 2253 2286; baseline 0.002 -12"><span class='ocrx_word' id='word_1_253' title='bbox 546 2237 719 2286; x_wconf 85' lang='lat' dir='ltr'>pertinet</span> <span class='ocrx_word' id='word_1_254' title='bbox 754 2238 802 2275; x_wconf 87' lang='lat' dir='ltr'>ad</span> <span class='ocrx_word' id='word_1_255' title='bbox 838 2238 1009 2276; x_wconf 88' lang='lat' dir='ltr'>liberum</span> <span class='ocrx_word' id='word_1_256' title='bbox 1047 2242 1325 2277; x_wconf 84' lang='lat' dir='ltr'>tenementum</span> <span class='ocrx_word' id='word_1_257' title='bbox 1359 2252 1476 2276; x_wconf 80' lang='lat' dir='ltr'>suum</span> <span class='ocrx_word' id='word_1_258' title='bbox 1516 2239 1555 2276; x_wconf 90' lang='lat' dir='ltr'>in</span> <span class='ocrx_word' id='word_1_259' title='bbox 1588 2239 1726 2276; x_wconf 78' lang='lat' dir='ltr'>eadem</span> <span class='ocrx_word' id='word_1_260' title='bbox 1766 2238 1872 2284; x_wconf 85' lang='lat' dir='ltr'>villa,</span> <span class='ocrx_word' id='word_1_261' title='bbox 1913 2238 2171 2277; x_wconf 83' lang='lat' dir='ltr'>liberaverint</span> <span class='ocrx_word' id='word_1_262' title='bbox 2213 2252 2253 2277; x_wconf 90' lang='lat' dir='ltr'>se</span> 
     </span>
     <span class='ocr_line' id='line_1_36' title="bbox 546 2299 2253 2349; baseline 0.002 -13"><span class='ocrx_word' id='word_1_263' title='bbox 546 2299 706 2348; x_wconf 87' lang='lat' dir='ltr'>prisone</span> <span class='ocrx_word' id='word_1_264' title='bbox 743 2300 899 2338; x_wconf 85' lang='lat' dir='ltr'>domini</span> <span class='ocrx_word' id='word_1_265' title='bbox 940 2300 1058 2349; x_wconf 80' lang='lat' dir='ltr'>regis,</span> <span class='ocrx_word' id='word_1_266' title='bbox 1101 2307 1197 2338; x_wconf 87' lang='lat' dir='ltr'>tunc</span> <span class='ocrx_word' id='word_1_267' title='bbox 1238 2314 1303 2338; x_wconf 81' lang='lat' dir='ltr'>eos</span> <span class='ocrx_word' id='word_1_268' title='bbox 1343 2301 1482 2339; x_wconf 85' lang='lat' dir='ltr'>statim</span> <span class='ocrx_word' id='word_1_269' title='bbox 1523 2314 1591 2349; x_wconf 89' lang='lat' dir='ltr'>per</span> <span class='ocrx_word' id='word_1_270' title='bbox 1630 2300 1783 2338; x_wconf 73' lang='lat' dir='ltr'>salvam</span> <span class='ocrx_word' id='word_1_271' title='bbox 1823 2300 2025 2349; x_wconf 84' lang='lat' dir='ltr'>plevinam</span> <span class='ocrx_word' id='word_1_272' title='bbox 2071 2300 2253 2340; x_wconf 82' lang='lat' dir='ltr'>dimittat</span> 
     </span>
     <span class='ocr_line' id='line_1_37' title="bbox 546 2362 2162 2412; baseline 0.001 -14"><span class='ocrx_word' id='word_1_273' title='bbox 546 2374 751 2411; x_wconf 84' lang='lat' dir='ltr'>quousque</span> <span class='ocrx_word' id='word_1_274' title='bbox 790 2362 837 2399; x_wconf 84' lang='grc'>(10</span> <span class='ocrx_word' id='word_1_275' title='bbox 876 2362 957 2400; x_wconf 89' lang='lat' dir='ltr'>illis</span> <span class='ocrx_word' id='word_1_276' title='bbox 996 2362 1185 2401; x_wconf 87' lang='lat' dir='ltr'>dominus</span> <span class='ocrx_word' id='word_1_277' title='bbox 1226 2377 1291 2401; x_wconf 80' lang='lat' dir='ltr'>rex</span> <span class='ocrx_word' id='word_1_278' title='bbox 1332 2364 1439 2401; x_wconf 87' lang='lat' dir='ltr'>aliud</span> <span class='ocrx_word' id='word_1_279' title='bbox 1480 2364 1711 2412; x_wconf 77' lang='lat' dir='ltr'>preceperit.</span> <span class='ocrx_word' id='word_1_280' title='bbox 1789 2362 1905 2401; x_wconf 80' lang='lat' dir='ltr'>Teste</span> <span class='ocrx_word' id='word_1_281' title='bbox 1944 2366 1989 2401; x_wconf 90' lang='lat' dir='ltr'>ut</span> <span class='ocrx_word' id='word_1_282' title='bbox 2029 2376 2162 2412; x_wconf 86' lang='lat' dir='ltr'>supra.</span> 
     </span>
    </p>

    <p class='ocr_par' dir='ltr' id='par_1_13' title="bbox 546 2440 2253 2862">
     <span class='ocr_line' id='line_1_38' title="bbox 655 2440 2252 2491; baseline 0.002 -14"><span class='ocrx_word' id='word_1_283' title='bbox 655 2440 738 2477; x_wconf 76' lang='lat' dir='ltr'>Rex</span> <span class='ocrx_word' id='word_1_284' title='bbox 791 2440 946 2489; x_wconf 80' lang='lat' dir='ltr'>Rogero</span> <span class='ocrx_word' id='word_1_285' title='bbox 997 2441 1182 2479; x_wconf 84' lang='lat' dir='ltr'>Bertram</span> <span class='ocrx_word' id='word_1_286' title='bbox 1236 2451 1274 2480; x_wconf 87' lang='lat' dir='ltr'>et</span> <span class='ocrx_word' id='word_1_287' title='bbox 1340 2442 1455 2480; x_wconf 85' lang='lat' dir='ltr'>sociis</span> <span class='ocrx_word' id='word_1_288' title='bbox 1508 2442 1590 2479; x_wconf 80' lang='lat' dir='ltr'>suis</span> <span class='ocrx_word' id='word_1_289' title='bbox 1649 2441 1884 2491; x_wconf 84' lang='lat' dir='ltr'>justiciariis</span> <span class='ocrx_word' id='word_1_290' title='bbox 1936 2441 2154 2491; x_wconf 83' lang='lat' dir='ltr'>assignatis</span> <span class='ocrx_word' id='word_1_291' title='bbox 2203 2442 2252 2480; x_wconf 86' lang='lat' dir='ltr'>ad</span> 
     </span>
     <span class='ocr_line' id='line_1_39' title="bbox 547 2501 2252 2552; baseline 0.002 -14"><span class='ocrx_word' id='word_1_292' title='bbox 547 2501 695 2549; x_wconf 86' lang='lat' dir='ltr'>placita</span> <span class='ocrx_word' id='word_1_293' title='bbox 752 2501 1007 2550; x_wconf 82' lang='lat' dir='ltr'>episcopatus</span> <span class='ocrx_word' id='word_1_294' title='bbox 1064 2503 1287 2541; x_wconf 80' lang='lat' dir='ltr'>Dunholm&#39;</span> <span class='ocrx_word' id='word_1_295' title='bbox 1348 2504 1590 2552; x_wconf 83' lang='lat' dir='ltr'>placitanda,</span> <span class='ocrx_word' id='word_1_296' title='bbox 1659 2502 1845 2540; x_wconf 87' lang='lat' dir='ltr'>salutem.</span> <span class='ocrx_word' id='word_1_297' title='bbox 1946 2502 2092 2541; x_wconf 79' lang='lat' dir='ltr'>Sciatis</span> <span class='ocrx_word' id='word_1_298' title='bbox 2148 2504 2252 2552; x_wconf 88' lang='lat' dir='ltr'>quod</span> 
     </span>
     <span class='ocr_line' id='line_1_40' title="bbox 548 2563 2253 2615; baseline 0.003 -16"><span class='ocrx_word' id='word_1_299' title='bbox 548 2563 737 2600; x_wconf 90' lang='lat' dir='ltr'>nolumus</span> <span class='ocrx_word' id='word_1_300' title='bbox 784 2564 888 2612; x_wconf 87' lang='lat' dir='ltr'>quod</span> <span class='ocrx_word' id='word_1_301' title='bbox 937 2565 985 2602; x_wconf 87' lang='lat' dir='ltr'>ad</span> <span class='ocrx_word' id='word_1_302' title='bbox 1033 2577 1195 2613; x_wconf 87' lang='lat' dir='ltr'>presens</span> <span class='ocrx_word' id='word_1_303' title='bbox 1242 2566 1464 2615; x_wconf 84' lang='lat' dir='ltr'>procedatis</span> <span class='ocrx_word' id='word_1_304' title='bbox 1513 2566 1561 2603; x_wconf 88' lang='lat' dir='ltr'>ad</span> <span class='ocrx_word' id='word_1_305' title='bbox 1609 2565 1786 2614; x_wconf 85' lang='lat' dir='ltr'>predicta</span> <span class='ocrx_word' id='word_1_306' title='bbox 1833 2565 1995 2614; x_wconf 74' lang='lat' dir='ltr'>placita·</span> <span class='ocrx_word' id='word_1_307' title='bbox 2024 2565 2253 2614; x_wconf 68' lang='lat' dir='ltr'>placitanda⁴</span> 
     </span>
     <span class='ocr_line' id='line_1_41' title="bbox 546 2625 2252 2677; baseline 0.002 -15"><span class='ocrx_word' id='word_1_308' title='bbox 546 2625 671 2663; x_wconf 85' lang='lat' dir='ltr'>donec</span> <span class='ocrx_word' id='word_1_309' title='bbox 709 2625 817 2663; x_wconf 89' lang='lat' dir='ltr'>aliud</span> <span class='ocrx_word' id='word_1_310' title='bbox 856 2626 947 2664; x_wconf 88' lang='lat' dir='ltr'>inde</span> <span class='ocrx_word' id='word_1_311' title='bbox 994 2628 1302 2676; x_wconf 70' lang='lat' dir='ltr'>praeceperimus,</span> <span class='ocrx_word' id='word_1_312' title='bbox 1352 2628 1430 2666; x_wconf 87' lang='lat' dir='ltr'>nisi</span> <span class='ocrx_word' id='word_1_313' title='bbox 1477 2629 1526 2665; x_wconf 91' lang='lat' dir='ltr'>ad</span> <span class='ocrx_word' id='word_1_314' title='bbox 1574 2627 1725 2676; x_wconf 79' lang='lat' dir='ltr'>gaiolas</span> <span class='ocrx_word' id='word_1_315' title='bbox 1773 2627 1949 2675; x_wconf 83' lang='lat' dir='ltr'>ejusdem</span> <span class='ocrx_word' id='word_1_316' title='bbox 1998 2627 2252 2677; x_wconf 86' lang='lat' dir='ltr'>episcopatus</span> 
     </span>
     <span class='ocr_line' id='line_1_42' title="bbox 547 2686 2253 2739; baseline 0.003 -16"><span class='ocrx_word' id='word_1_317' title='bbox 547 2686 840 2725; x_wconf 87' lang='lat' dir='ltr'>deliberandas.</span> <span class='ocrx_word' id='word_1_318' title='bbox 929 2688 984 2726; x_wconf 87' lang='lat' dir='ltr'>Et</span> <span class='ocrx_word' id='word_1_319' title='bbox 1037 2689 1124 2727; x_wconf 89' lang='lat' dir='ltr'>ideo</span> <span class='ocrx_word' id='word_1_320' title='bbox 1181 2689 1292 2727; x_wconf 78' lang='lat' dir='ltr'>vobis</span> <span class='ocrx_word' id='word_1_321' title='bbox 1344 2690 1586 2727; x_wconf 83' lang='lat' dir='ltr'>mandamus</span> <span class='ocrx_word' id='word_1_322' title='bbox 1641 2689 1745 2738; x_wconf 87' lang='lat' dir='ltr'>quod</span> <span class='ocrx_word' id='word_1_323' title='bbox 1805 2689 1853 2726; x_wconf 86' lang='lat' dir='ltr'>ad</span> <span class='ocrx_word' id='word_1_324' title='bbox 1910 2688 2048 2727; x_wconf 88' lang='lat' dir='ltr'>eadem</span> <span class='ocrx_word' id='word_1_325' title='bbox 2105 2689 2253 2739; x_wconf 86' lang='lat' dir='ltr'>placita</span> 
     </span>
     <span class='ocr_line' id='line_1_43' title="bbox 548 2748 2251 2801; baseline 0.002 -15"><span class='ocrx_word' id='word_1_326' title='bbox 548 2748 778 2797; x_wconf 87' lang='lat' dir='ltr'>placitanda</span> <span class='ocrx_word' id='word_1_327' title='bbox 828 2762 909 2787; x_wconf 93' lang='lat' dir='ltr'>non</span> <span class='ocrx_word' id='word_1_328' title='bbox 961 2751 1183 2799; x_wconf 82' lang='lat' dir='ltr'>procedatis</span> <span class='ocrx_word' id='word_1_329' title='bbox 1236 2752 1339 2790; x_wconf 84' lang='lat' dir='ltr'>sicut</span> <span class='ocrx_word' id='word_1_330' title='bbox 1392 2752 1615 2801; x_wconf 81' lang='lat' dir='ltr'>predictum</span> <span class='ocrx_word' id='word_1_331' title='bbox 1668 2755 1740 2789; x_wconf 88' lang='lat' dir='ltr'>est.</span> <span class='ocrx_word' id='word_1_332' title='bbox 1836 2751 1952 2789; x_wconf 81' lang='lat' dir='ltr'>Teste</span> <span class='ocrx_word' id='word_1_333' title='bbox 2003 2764 2094 2800; x_wconf 78' lang='lat' dir='ltr'>rege</span> <span class='ocrx_word' id='word_1_334' title='bbox 2145 2752 2251 2801; x_wconf 89' lang='lat' dir='ltr'>apud</span> 
     </span>
     <span class='ocr_line' id='line_1_44' title="bbox 549 2810 2072 2862; baseline 0.003 -14"><span class='ocrx_word' id='word_1_335' title='bbox 549 2810 967 2856; x_wconf 75' lang='lat' dir='ltr'>westmonasterium,</span> <span class='ocrx_word' id='word_1_336' title='bbox 1009 2812 1050 2861; x_wconf 79' lang='lat' dir='ltr'>ij.</span> <span class='ocrx_word' id='word_1_337' title='bbox 1091 2812 1154 2850; x_wconf 83' lang='lat' dir='ltr'>die</span> <span class='ocrx_word' id='word_1_338' title='bbox 1194 2813 1379 2862; x_wconf 65' lang='lat' dir='ltr'>Aug-usti.</span> <span class='ocrx_word' id='word_1_339' title='bbox 1452 2815 1684 2862; x_wconf 37' lang='lat' dir='ltr'>[ts&#39;ancvllmlj</span> <span class='ocrx_word' id='word_1_340' title='bbox 1727 2815 1827 2856; x_wconf 61' lang='lat' dir='ltr'>Quia</span> <span class='ocrx_word' id='word_1_341' title='bbox 1870 2815 1908 2850; x_wconf 74' lang='lat' dir='ltr'>in</span> <span class='ocrx_word' id='word_1_342' title='bbox 1948 2815 2072 2853; x_wconf 80' lang='lat' dir='ltr'>dorso.</span> 
     </span>
    </p>
   </div>
   <div class='ocr_carea' id='block_1_13' title="bbox 547 2926 2253 3223">
    <p class='ocr_par' dir='ltr' id='par_1_14' title="bbox 547 2926 2253 3223">
     <span class='ocr_line' id='line_1_45' title="bbox 657 2926 2253 2975; baseline 0.003 -15"><span class='ocrx_word' id='word_1_343' title='bbox 657 2926 735 2960; x_wconf 73' lang='lat' dir='ltr'>Pro</span> <span class='ocrx_word' id='word_1_344' title='bbox 774 2926 926 2961; x_wconf 63' lang='lat' dir='ltr'>Matheo</span> <span class='ocrx_word' id='word_1_345' title='bbox 961 2927 1410 2965; x_wconf 69' lang='lat' dir='ltr'>Bcsz‘ll’.-—Mandatun]</span> <span class='ocrx_word' id='word_1_346' title='bbox 1449 2931 1508 2964; x_wconf 78' lang='lat' dir='ltr'>est</span> <span class='ocrx_word' id='word_1_347' title='bbox 1548 2926 1773 2964; x_wconf 76' lang='lat' dir='ltr'>vicecomiti</span> <span class='ocrx_word' id='word_1_348' title='bbox 1812 2926 1990 2964; x_wconf 84' lang='lat' dir='ltr'>Devonie</span> <span class='ocrx_word' id='word_1_349' title='bbox 2025 2927 2130 2975; x_wconf 88' lang='lat' dir='ltr'>quod</span> <span class='ocrx_word' id='word_1_350' title='bbox 2164 2931 2253 2965; x_wconf 89' lang='lat' dir='ltr'>octo</span> 
     </span>
     <span class='ocr_line' id='line_1_46' title="bbox 549 2987 2252 3036; baseline 0.002 -12"><span class='ocrx_word' id='word_1_351' title='bbox 549 2999 704 3025; x_wconf 88' lang='lat' dir='ltr'>marcas</span> <span class='ocrx_word' id='word_1_352' title='bbox 752 2999 850 3035; x_wconf 87' lang='lat' dir='ltr'>quas</span> <span class='ocrx_word' id='word_1_353' title='bbox 889 2988 994 3036; x_wconf 87' lang='lat' dir='ltr'>cepit</span> <span class='ocrx_word' id='word_1_354' title='bbox 1032 2988 1080 3025; x_wconf 87' lang='lat' dir='ltr'>de</span> <span class='ocrx_word' id='word_1_355' title='bbox 1119 2988 1236 3026; x_wconf 85' lang='lat' dir='ltr'>firma</span> <span class='ocrx_word' id='word_1_356' title='bbox 1274 2989 1442 3027; x_wconf 88' lang='lat' dir='ltr'>manerii</span> <span class='ocrx_word' id='word_1_357' title='bbox 1482 2989 1529 3026; x_wconf 87' lang='lat' dir='ltr'>de</span> <span class='ocrx_word' id='word_1_358' title='bbox 1569 2989 1759 3026; x_wconf 82' lang='lat' dir='ltr'>Offlnton’</span> <span class='ocrx_word' id='word_1_359' title='bbox 1809 2988 1855 3025; x_wconf 88' lang='lat' dir='ltr'>de</span> <span class='ocrx_word' id='word_1_360' title='bbox 1902 2987 2076 3026; x_wconf 84' lang='lat' dir='ltr'>termino</span> <span class='ocrx_word' id='word_1_361' title='bbox 2116 2989 2252 3027; x_wconf 86' lang='lat' dir='ltr'>Sancti</span> 
     </span>
     <span class='ocr_line' id='line_1_47' title="bbox 549 3048 2251 3100; baseline 0.002 -14"><span class='ocrx_word' id='word_1_362' title='bbox 549 3048 750 3086; x_wconf 80' lang='lat' dir='ltr'>Johannis</span> <span class='ocrx_word' id='word_1_363' title='bbox 790 3048 974 3097; x_wconf 85' lang='lat' dir='ltr'>Baptiste</span> <span class='ocrx_word' id='word_1_364' title='bbox 1013 3051 1196 3098; x_wconf 74' lang='lat' dir='ltr'>proximo</span> <span class='ocrx_word' id='word_1_365' title='bbox 1234 3051 1437 3100; x_wconf 87' lang='lat' dir='ltr'>preterito,</span> <span class='ocrx_word' id='word_1_366' title='bbox 1479 3055 1517 3089; x_wconf 86' lang='lat' dir='ltr'>et</span> <span class='ocrx_word' id='word_1_367' title='bbox 1570 3051 1668 3088; x_wconf 91' lang='lat' dir='ltr'>duas</span> <span class='ocrx_word' id='word_1_368' title='bbox 1708 3062 1861 3088; x_wconf 87' lang='lat' dir='ltr'>marcas</span> <span class='ocrx_word' id='word_1_369' title='bbox 1905 3062 2003 3099; x_wconf 87' lang='lat' dir='ltr'>quas</span> <span class='ocrx_word' id='word_1_370' title='bbox 2050 3050 2155 3099; x_wconf 89' lang='lat' dir='ltr'>cepit</span> <span class='ocrx_word' id='word_1_371' title='bbox 2202 3050 2251 3089; x_wconf 91' lang='lat' dir='ltr'>ab</span> 
     </span>
     <span class='ocr_line' id='line_1_48' title="bbox 549 3109 2252 3162; baseline 0.001 -14"><span class='ocrx_word' id='word_1_372' title='bbox 549 3109 782 3148; x_wconf 87' lang='lat' dir='ltr'>hominibus</span> <span class='ocrx_word' id='word_1_373' title='bbox 817 3110 999 3159; x_wconf 86' lang='lat' dir='ltr'>ejusdem</span> <span class='ocrx_word' id='word_1_374' title='bbox 1032 3112 1200 3150; x_wconf 85' lang='lat' dir='ltr'>manerii</span> <span class='ocrx_word' id='word_1_375' title='bbox 1236 3113 1283 3150; x_wconf 87' lang='lat' dir='ltr'>de</span> <span class='ocrx_word' id='word_1_376' title='bbox 1317 3113 1396 3151; x_wconf 87' lang='lat' dir='ltr'>fine</span> <span class='ocrx_word' id='word_1_377' title='bbox 1426 3126 1496 3162; x_wconf 88' lang='lat' dir='ltr'>pro</span> <span class='ocrx_word' id='word_1_378' title='bbox 1526 3112 1655 3150; x_wconf 83' lang='lat' dir='ltr'>bladis</span> <span class='ocrx_word' id='word_1_379' title='bbox 1684 3111 1908 3157; x_wconf 87' lang='lat' dir='ltr'>seminatis,</span> <span class='ocrx_word' id='word_1_380' title='bbox 1940 3111 2025 3149; x_wconf 88' lang='lat' dir='ltr'>sine</span> <span class='ocrx_word' id='word_1_381' title='bbox 2059 3111 2252 3150; x_wconf 88' lang='lat' dir='ltr'>dilatione</span> 
     </span>
     <span class='ocr_line' id='line_1_49' title="bbox 547 3171 2086 3223; baseline 0 -13"><span class='ocrx_word' id='word_1_382' title='bbox 547 3172 688 3210; x_wconf 84' lang='lat' dir='ltr'>reddat</span> <span class='ocrx_word' id='word_1_383' title='bbox 725 3171 873 3210; x_wconf 87' lang='lat' dir='ltr'>dilecto</span> <span class='ocrx_word' id='word_1_384' title='bbox 912 3175 951 3210; x_wconf 87' lang='lat' dir='ltr'>et</span> <span class='ocrx_word' id='word_1_385' title='bbox 989 3172 1097 3210; x_wconf 86' lang='lat' dir='ltr'>fideli</span> <span class='ocrx_word' id='word_1_386' title='bbox 1138 3174 1242 3223; x_wconf 83' lang='lat' dir='ltr'>regis</span> <span class='ocrx_word' id='word_1_387' title='bbox 1282 3175 1445 3213; x_wconf 85' lang='lat' dir='ltr'>Matheo</span> <span class='ocrx_word' id='word_1_388' title='bbox 1484 3174 1636 3212; x_wconf 81' lang='lat' dir='ltr'>Besill&#39;.</span> <span class='ocrx_word' id='word_1_389' title='bbox 1713 3173 1830 3211; x_wconf 86' lang='lat' dir='ltr'>Teste</span> <span class='ocrx_word' id='word_1_390' title='bbox 1869 3176 1914 3211; x_wconf 90' lang='lat' dir='ltr'>ut</span> <span class='ocrx_word' id='word_1_391' title='bbox 1953 3185 2086 3222; x_wconf 86' lang='lat' dir='ltr'>supra.</span> 
     </span>
    </p>
   </div>
   <div class='ocr_carea' id='block_1_14' title="bbox 548 3283 2250 3396">
    <p class='ocr_par' dir='ltr' id='par_1_15' title="bbox 548 3283 2250 3396">
     <span class='ocr_line' id='line_1_50' title="bbox 658 3283 2250 3333; baseline 0.001 -12"><span class='ocrx_word' id='word_1_392' title='bbox 658 3284 714 3321; x_wconf 83' lang='lat' dir='ltr'>De</span> <span class='ocrx_word' id='word_1_393' title='bbox 752 3284 852 3320; x_wconf 72' lang='lat' dir='ltr'>vinis</span> <span class='ocrx_word' id='word_1_394' title='bbox 887 3283 1316 3331; x_wconf 51' lang='lat' dir='ltr'>lassata—Mandatum</span> <span class='ocrx_word' id='word_1_395' title='bbox 1355 3289 1416 3324; x_wconf 87' lang='lat' dir='ltr'>est</span> <span class='ocrx_word' id='word_1_396' title='bbox 1454 3285 1658 3324; x_wconf 88' lang='lat' dir='ltr'>Willelmo</span> <span class='ocrx_word' id='word_1_397' title='bbox 1696 3285 1744 3322; x_wconf 86' lang='lat' dir='ltr'>de</span> <span class='ocrx_word' id='word_1_398' title='bbox 1782 3283 2021 3321; x_wconf 89' lang='lat' dir='ltr'>Haverhull&#39;</span> <span class='ocrx_word' id='word_1_399' title='bbox 2059 3285 2165 3333; x_wconf 88' lang='lat' dir='ltr'>quod</span> <span class='ocrx_word' id='word_1_400' title='bbox 2203 3285 2250 3323; x_wconf 87' lang='lat' dir='ltr'>de</span> 
     </span>
     <span class='ocr_line' id='line_1_51' title="bbox 548 3344 2248 3396; baseline 0.002 -14"><span class='ocrx_word' id='word_1_401' title='bbox 548 3345 652 3383; x_wconf 86' lang='lat' dir='ltr'>vinis</span> <span class='ocrx_word' id='word_1_402' title='bbox 708 3344 810 3393; x_wconf 81' lang='lat' dir='ltr'>regis</span> <span class='ocrx_word' id='word_1_403' title='bbox 863 3357 938 3394; x_wconf 89' lang='lat' dir='ltr'>que</span> <span class='ocrx_word' id='word_1_404' title='bbox 1002 3357 1129 3394; x_wconf 89' lang='lat' dir='ltr'>nuper</span> <span class='ocrx_word' id='word_1_405' title='bbox 1181 3347 1279 3385; x_wconf 86' lang='lat' dir='ltr'>emit</span> <span class='ocrx_word' id='word_1_406' title='bbox 1331 3348 1380 3385; x_wconf 90' lang='lat' dir='ltr'>ad</span> <span class='ocrx_word' id='word_1_407' title='bbox 1428 3360 1527 3396; x_wconf 88' lang='lat' dir='ltr'>opus</span> <span class='ocrx_word' id='word_1_408' title='bbox 1575 3346 1679 3395; x_wconf 81' lang='lat' dir='ltr'>regis</span> <span class='ocrx_word' id='word_1_409' title='bbox 1727 3345 1849 3384; x_wconf 86' lang='lat' dir='ltr'>faciat</span> <span class='ocrx_word' id='word_1_410' title='bbox 1901 3344 2045 3384; x_wconf 86' lang='lat' dir='ltr'>habere</span> <span class='ocrx_word' id='word_1_411' title='bbox 2085 3346 2248 3385; x_wconf 89' lang='lat' dir='ltr'>domino</span> 
     </span>
    </p>
   </div>
  </div>
 </body>
</html>
