2375 3587
180 337 319 384 1237.

180 402 303 442 [m.3.]

1031 207 1080 244 21
1127 205 1331 245 HENRY
1375 205 1454 244 Hl.
2039 205 2120 243 495

523 401 600 437 Pro
641 401 821 448 hospitali
859 403 901 435 dv
938 400 1428 449 (λη)ι·ι”η(γ’.-Μ311(13111111
1469 407 1528 438 est
1576 399 1802 438 vicecomiti
1852 398 1967 438 Linc’
2016 398 2121 448 quod

413 474 494 499 non
533 462 718 500 obstante
757 462 906 500 seisina
939 476 1061 512 quam
1100 476 1167 500 rex
1206 462 1292 500 fieri
1332 462 1507 511 precepit
1542 462 1747 501 Willelmo
1786 463 1880 512 May
1919 462 1965 499 de
2015 464 2121 499 terra

413 524 454 560 in
496 524 704 562 Waltham
743 537 865 574 quam
905 538 972 562 rex
1025 525 1134 573 prius
1182 525 1459 574 assignaverat
1508 524 1699 573 hospitali
1748 525 1794 562 de
1845 524 2033 573 Ospring'
2082 527 2121 562 et

413 599 533 636 quam
592 600 659 624 rex
724 591 863 636 postea
919 588 1118 625 concessit]
1170 587 1300 625 eidem
1360 587 1564 625 Willelmo
1615 587 1663 624 ad
1715 601 1754 624 se
1808 587 2120 625 sustentandum

412 649 607 698 quamdiu
661 650 740 697 regi
790 649 1000 698 placuerit,
1054 649 1175 687 faciat
1225 649 1370 687 habere
1422 649 1617 698 magistro
1670 649 1849 697 ejusdem
1907 649 2120 698 hospitalis

410 710 612 748 redditum
679 712 857 759 ejusdem
924 714 1027 749 terre
1092 712 1139 748 de
1207 711 1382 749 termino
1451 711 1590 749 Sancti
1658 711 1871 748 Michaelis
1937 711 2120 760 proximo

412 773 620 810 instantis.
699 773 815 811 Teste
856 781 901 810 ut
942 785 1075 822 supra.

523 895 575 930 De
623 896 744 931 damis
793 894 1204 933 ‹latim—Mandatum
1253 896 1313 931 est
1363 893 1569 932 Willelmo
1616 893 1711 943 May
1759 894 1862 943 quod
1914 894 1960 931 de
1994 894 2124 931 damis

411 969 510 1006 quos
566 957 671 1006 cepit
727 957 768 994 in
826 957 987 995 forestis
1045 957 1091 995 de
1150 957 1260 995 Clive
1316 960 1355 994 et
1411 957 1458 994 de
1516 956 1743 995 Geitinton’
1798 957 1919 995 faciat
1976 956 2121 994 habere

412 1019 609 1068 Magistro
662 1019 723 1058 W.
778 1019 825 1057 ‹le
876 1019 1079 1069 Kilkenny
1132 1022 1211 1057 tres
1264 1019 1418 1064 damos,
1468 1019 1515 1056 de
1562 1019 1667 1056 dono
1715 1019 1832 1067 regis.
1910 1019 2027 1056 Teste
2076 1021 2120 1056 ut

412 1094 546 1130 supra.
621 1081 697 1119 Per
734 1081 907 1119 electum
947 1081 1227 1119 Valentinum.

520 1203 577 1239 De
626 1210 724 1239 terra
774 1204 953 1250 partibili
1001 1205 1043 1240 in
1093 1216 1176 1239 soca
1232 1204 1273 1238 de
1329 1202 1655 1250 Gagstons’fflRex
1703 1202 1931 1241 vicecomiti
1986 1203 2116 1240 Linc'.

413 1264 516 1310 Quia
554 1264 780 1313 accepimus
819 1277 887 1313 per
926 1265 1231 1314 inquisitionem
1270 1277 1391 1313 quam
1441 1264 1523 1302 fieri
1570 1265 1820 1313 precepimus
1867 1265 1972 1314 quod
2021 1268 2125 1303 terra

413 1339 488 1375 que
528 1326 606 1364 fuit
645 1327 846 1365 Johannis
886 1326 959 1363 filii
997 1327 1149 1364 -Jukelli
1190 1327 1230 1364 in
1271 1326 1464 1364 Jereburk
1514 1327 1735 1364 secundum
1785 1328 2121 1366 consuetudinem

412 1388 505 1426 solie
540 1389 586 1426 de
619 1389 791 1439 Geyton’
828 1389 1027 1438 partibilis
1069 1393 1128 1427 est
1169 1394 1208 1427 et
1251 1390 1355 1439 quod
1394 1388 1595 1427 Amabilia
1626 1403 1701 1439 que
1742 1390 1818 1427 fuit
1858 1403 1957 1428 uxor
1997 1390 2123 1439 ipsius

413 1451 613 1489 -Johannis
666 1455 756 1500 post
794 1455 965 1490 mortem
1005 1465 1120 1490 suam
1161 1453 1208 1490 de
1256 1454 1394 1490 eadem
1442 1456 1548 1489 terra
1597 1453 1754 1490 nullam
1802 1453 1937 1491 dotem
1978 1453 2121 1491 habuit

413 1526 482 1562 per
519 1527 558 1551 se
597 1518 837 1563 separatam,
872 1528 944 1553 nec
984 1515 1194 1559 Ricardus,
1229 1514 1338 1552 filius
1372 1515 1540 1563 predicti
1579 1515 1781 1553 Johannis
1814 1515 2121 1565 primogenitus,

412 1576 480 1625 qui
529 1580 701 1614 rettatus
748 1576 825 1614 fuit
872 1577 919 1614 de
968 1580 1094 1615 morte
1142 1577 1336 1614 Willelmi
1383 1577 1457 1614 filii
1504 1577 1632 1615 Acerii
1682 1578 1903 1615 secundum
1950 1578 2120 1616 eandem

412 1638 732 1687 inquisitionem,
784 1651 854 1676 nec
904 1638 1103 1683 Jukellus,
1148 1639 1257 1676 filius
1306 1638 1432 1687 ipsius
1481 1639 1684 1676 Johannis
1723 1639 1872 1688 junior,
1915 1640 2121 1689 portiones

412 1704 615 1749 separatas
654 1701 701 1738 de
739 1701 878 1738 eadem
915 1704 1018 1738 terra
1053 1700 1296 1745 habuerunt,
1332 1701 1457 1738 immo
1490 1704 1636 1738 terram
1672 1701 1785 1739 illam
1827 1709 1911 1739 tam
1946 1703 2124 1751 predicta

411 1763 615 1801 Amabilia
653 1776 774 1812 quam
823 1764 991 1813 predicti
1041 1764 1237 1802 Ricardus
1275 1767 1314 1801 et
1363 1763 1551 1801 Jukellus
1591 1768 1786 1813 tanquam
1837 1777 1907 1813 pro
1948 1765 2122 1804 indiviso

411 1828 656 1871 tenuerunt;
697 1825 770 1864 tibi
804 1826 1048 1876 precipimus
1080 1826 1184 1876 quod
1216 1826 1392 1875 predicte
1428 1826 1628 1864 Amabilie
1668 1826 1951 1865 rationabilem
1986 1828 2121 1865 dotem

412 1900 527 1925 suam
566 1888 613 1926 de
644 1888 783 1926 eadem
822 1892 928 1926 terra
957 1888 1154 1938 assignari
1186 1888 1323 1933 facias,
1363 1891 1402 1926 et
1437 1889 1614 1938 predicto
1646 1888 1808 1926 -Jukello
1842 1889 2123 1927 rationabilem

413 1950 640 1999 portionem
679 1951 814 1999 ipsum
866 1950 1173 2000 contingentem
1212 1951 1259 1988 de
1310 1951 1490 1999 predicta
1543 1954 1648 1988 terra
1687 1951 1909 1989 secundum
1957 1965 2120 1990 consue-

413 2012 595 2050 tudinem
634 2013 810 2061 predicte
848 2012 941 2051 soke
980 2012 1126 2051 habere
1164 2013 1302 2059 facias,
1344 2016 1502 2051 retenta
1540 2013 1581 2050 in
1621 2026 1746 2051 manu
1767 2016 1906 2052 nostra
1940 2014 2122 2063 portione

412 2087 488 2124 que
522 2074 746 2123 predictum
779 2075 997 2113 Ricardum
1032 2074 1290 2124 contingebat
1323 2075 1370 2113 de
1402 2076 1541 2113 eadem
1582 2078 1699 2121 terra,
1735 2089 1857 2125 quam
1897 2077 2123 2125 portionem

413 2137 523 2175 salvo
579 2137 621 2174 in
679 2150 803 2175 manu
860 2141 997 2176 nostra
1053 2138 1256 2176 custodias
1313 2138 1439 2176 donec
1496 2138 1606 2176 aliud
1664 2138 1756 2176 111110
1813 2139 2121 2188 preceperimus.

414 2201 533 2238 Teste
572 2213 635 2238 me
674 2200 759 2249 ipso
797 2201 902 2249 apud
943 2201 1124 2249 Noting⁷‚
1166 2201 1234 2250 xij.
1271 2201 1333 2239 die
1376 2201 1635 2250 Septembris.

525 2324 599 2359 Ρη)
659 2323 917 2359 Bai-tlwlonwo
979 2323 1258 2368 &noch—Rex
1315 2323 1512 2361 concessit
1570 2323 1857 2361 Bartholomeo
1911 2324 1945 2361 le
1996 2324 2123 2373 Bigod

414 2386 637 2424 custodiam
678 2388 780 2422 terre
818 2391 856 2422 et
895 2385 1088 2423 heredum
1129 2385 1283 2423 Thome
1323 2385 1357 2423 le
1398 2385 1471 2423 Ak'
1513 2399 1637 2434 usque
1677 2386 1726 2423 ad
1765 2386 1934 2435 legalem
1975 2390 2123 2425 etatem

414 2447 593 2496 ipsorum
632 2447 824 2484 heredum
864 2460 955 2485 cum
996 2447 1211 2496 maritagio
1250 2448 1483 2485 eorundem.
1543 2448 1598 2485 Et
1647 2448 1884 2486 mandatum
1923 2453 1983 2487 est
2022 2449 2122 2487 vice-

414 2509 551 2549 comiti
593 2509 736 2547 Heres⁷
777 2509 883 2558 quod
923 2509 970 2547 de
1009 2509 1193 2547 custodia
1231 2510 1361 2547 eidem
1400 2510 1689 2548 Bartholomeo
1728 2510 1890 2558 plenam
1931 2511 2121 2549 seisinam

414 2572 558 2611 habere
597 2572 730 2610 faciat.
791 2571 909 2610 Teste
948 2575 992 2610 ut
1031 2585 1164 2621 supra.
1224 2572 1300 2610 Per
1338 2572 1384 2612 A.
1424 2573 1471 2610 de
1511 2572 1661 2611 Sancto
1705 2573 1904 2611 Amando.

524 2695 602 2730 l'ro
645 2695 866 2741 illarum-eta
904 2696 945 2730 de
984 2693 1300 2742 Snmery.-—Rex
1330 2693 1579 2742 perdonavit⁷
1611 2694 1659 2731 ad
1690 2694 1930 2732 instantiam
1961 2695 2122 2733 Ricardi

418 2756 591 2801 Subard,
631 2755 855 2804 Margarete
894 2755 941 2792 de
981 2757 1150 2805 Sumery
1189 2769 1225 2792 v.
1267 2769 1421 2793 marcas
1461 2756 1509 2793 ad
1548 2769 1646 2805 quas
1685 2756 1901 2794 amerciata
1935 2756 2013 2795 fuit
2051 2770 2121 2806 pro

414 2818 628 2856 disseisina
665 2830 799 2855 coram
840 2817 1014 2855 Radulfo
1053 2818 1098 2854 de
1140 2817 1304 2867 Sudleg'
1345 2820 1384 2856 et
1424 2818 1541 2856 sociis
1581 2817 1678 2863 suis,
1722 2818 1958 2867 justiciariis
1996 2819 2119 2868 assig-

416 2880 523 2919 natis
579 2880 629 2917 ad
684 2880 853 2917 assisam
910 2892 1011 2917 nove
1067 2879 1278 2918 disseisine
1336 2880 1574 2929 capiendam
1632 2880 1737 2918 inter
1794 2881 2017 2918 walterum
2074 2882 2121 2919 de

418 2943 610 2981 Theshal’
650 2945 688 2980 et
722 2942 852 2991 ipsam
887 2944 1156 2991 Margaretam
1204 2943 1252 2980 de
1290 2946 1524 2981 tenemento
1572 2943 1613 2980 in
1662 2943 1846 2981 Norton’.
1905 2943 1960 2980 Et
2008 2956 2120 2981 man-

418 3005 559 3043 datum
597 3007 657 3042 est
695 3003 911 3041 baronibus
949 3004 996 3041 de
1027 3004 1235 3042 Scaccario
1272 3005 1378 3054 quod
1412 3018 1542 3054 ipsam
1574 3007 1841 3054 Margaretam
1881 3005 1928 3042 de
1955 3005 2051 3054 ipsis
2081 3019 2118 3043 v.

418 3067 564 3105 marcis
612 3066 791 3116 quietam
843 3079 926 3104 esse
966 3065 1130 3104 faciant.
1222 3066 1339 3105 Teste
1391 3080 1481 3117 rege
1533 3067 1638 3116 apud
1682 3066 1864 3115 Noting',
1918 3067 2003 3117 xiiij
2054 3068 2118 3105 die

421 3127 682 3179 Septembris.

529 3252 607 3287 Pro
644 3251 847 3287 Fratribus
881 3250 1092 3286 Minoribus
1122 3249 1391 3287 Lz'nc’.—·Rex
1430 3249 1564 3299 probis
1593 3249 1828 3288 hominibus
1866 3249 1949 3287 suis
1987 3249 2118 3297 Linc',

420 3312 606 3351 salutem.
693 3311 794 3359 Quia
831 3310 960 3360 placia
1006 3310 1076 3348 illa
1132 3310 1174 3348 in
1213 3311 1309 3349 villa
1358 3315 1490 3349 vestra
1538 3311 1652 3349 Linc’
1692 3310 1759 3349 ubi
1799 3311 1947 3360 placita
1984 3315 2117 3350 vestra

420 3377 621 3420 tenentur,
652 3377 692 3412 et
711 3386 786 3423 que
816 3372 1029 3411 Gildeaula
1048 3375 1180 3412 vestra
1208 3385 1293 3411 esse
1326 3373 1546 3420 consuevit,
1577 3373 1690 3412 valde
1723 3373 1980 3412 commodum
2018 3378 2121 3414 esset
