2375 3587
178 341 322 386 1237.

164 406 228 447 [m.
245 404 337 445 lod]

1054 223 1106 262 21
1150 221 1358 262 HENRY
1400 221 1481 262 ΙΙΙ.
2036 222 2118 262 539

414 417 454 452 et
505 416 703 454 scaccaria
754 429 846 454 cum
900 417 1046 455 scaccis
1101 420 1140 455 et
1191 418 1321 466 ciphis
1378 421 1417 455 et
1475 417 1707 466 hujusmodi
1760 429 1836 466 que
1899 414 2121 465 appreciari

414 477 571 516 faciatis
611 481 654 516 ut
692 479 739 516 de
779 479 924 527 precio,
959 479 991 516 si
1021 480 1178 530 justum
1210 480 1345 524 fuerit,
1378 480 1692 529 respondeamus
1722 479 1869 516 eisdem
1904 475 2122 515 executori-

415 538 489 577 bus
545 540 648 578 sicut
703 541 759 578 eis
816 541 1116 579 mandavimus.
1204 542 1263 580 De
1321 542 1478 580 redditu
1536 542 1659 579 etiam
1720 541 1860 579 Sancti
1919 538 2124 577 Johannis

414 601 597 650 Baptiste
635 615 754 651 quein
788 615 921 641 comes
960 603 1219 652 premanibus
1258 603 1419 652 recepit,
1461 606 1505 641 ut
1544 602 1703 646 dicitur,
1745 601 1988 651 provideatis
2018 599 2123 649 quod

414 663 600 701 homines
629 664 697 713 qui
728 665 843 702 illum
874 666 1081 703 solverunt
1111 666 1160 703 ad
1190 667 1324 715 ipsum
1356 666 1501 704 iterato
1532 665 1770 702 solvendum
1811 677 1891 701 non
1932 661 2124 711 compell-

415 728 547 770 antur,
597 730 635 763 et
685 727 787 775 quod
843 727 958 765 nobis
1007 741 1088 765 non
1136 728 1322 776 depereat
1362 728 1394 765 si
1434 727 1530 777 quid
1570 727 1617 764 de
1657 726 1814 763 redditu
1855 726 1924 763 illo
1963 725 2011 762 ad
2051 736 2124 761 nos

415 787 611 836 pertinere
641 788 782 826 debeat
812 789 844 826 si
865 790 913 827 ad
935 792 1167 828 executores
1188 790 1388 838 predictos
1409 790 1501 827 inde
1523 802 1595 827 nos
1616 801 1753 837 capere
1774 787 2004 825 debeamus.
2065 786 2124 824 De

416 848 621 886 comitissa
649 863 741 887 vero
771 850 935 896 Cestrie‚
967 854 1085 900 nepte
1116 854 1266 896 nostra,
1289 850 1401 889 vobis
1422 850 1666 888 mandamus
1685 849 1790 899 quod
1812 849 1942 897 ipsam
1964 846 2124 885 honori-

416 910 489 948 fice
518 911 645 949 teneri
675 916 714 949 et
743 912 919 950 exhiberi
952 913 1110 950 faciatis
1140 913 1266 951 donec
1295 913 1342 950 de
1372 916 1482 951 statu
1513 925 1584 950 suo
1614 910 1822 949 certificati
1865 910 2060 947 fuerimus
2089 910 2129 946 et

416 973 463 1011 de
493 973 580 1023 ipsa
609 974 725 1012 aliter
761 975 1067 1023 providerimus.
1127 975 1186 1013 De
1225 975 1536 1014 constabulariis
1566 977 1604 1012 et
1627 973 1786 1011 ballivis
1807 971 2028 1011 retinendis
2048 983 2129 1008 uno

416 1036 535 1074 modo
591 1036 653 1075 vel
710 1037 789 1075 alio
848 1040 979 1075 totum
1037 1037 1307 1086 relinquimus
1364 1037 1599 1075 discretioni
1658 1038 1787 1073 vestre
1842 1033 2127 1072 ordinandum.

419 1097 626 1136 Ordinatis
656 1098 780 1144 igitur
809 1099 997 1148 predictis
1029 1100 1208 1148 negociis
1239 1102 1279 1137 et
1318 1099 1422 1145 aliis,
1462 1098 1609 1149 quibus
1648 1096 1910 1146 disponendis
1940 1095 2130 1133 volumus

418 1160 610 1199 interesse
646 1160 838 1199 dilectum
877 1162 1068 1200 clericum
1110 1165 1296 1199 nostrum
1336 1174 1458 1210 quem
1499 1161 1547 1198 ad
1587 1173 1656 1198 vos
1695 1159 1913 1203 mittimus,
1945 1156 2132 1194 videlicet

418 1222 651 1261 Johannem
699 1223 735 1261 16
783 1224 1025 1269 Maunsell’;
1083 1237 1166 1269 vos,
1218 1223 1352 1272 Hugo,
1404 1236 1484 1260 una
1541 1235 1633 1260 cum
1692 1221 1870 1270 predicto
1928 1219 2130 1264 Johanne‚

417 1285 561 1323 clerico
599 1289 750 1331 nostro,
790 1290 828 1324 et
866 1286 1095 1324 Walkelino
1134 1287 1181 1324 de
1220 1286 1384 1331 Arden’,
1425 1285 1474 1323 ad
1514 1298 1588 1323 nos
1627 1283 1799 1322 veniatis
1842 1283 1891 1320 de
1940 1280 2131 1331 predictis

418 1347 595 1396 negociis
629 1348 751 1385 simul
790 1351 829 1386 et
867 1349 915 1386 de
955 1352 1064 1386 statu
1104 1348 1281 1398 predicte
1319 1347 1525 1386 comitisse
1564 1359 1637 1384 nos
1676 1344 1950 1389 certificaturi‚
2000 1346 2039 1381 et
2086 1344 2132 1379 ut

419 1409 568 1447 eisdem
635 1411 813 1459 negociis
879 1411 1102 1449 secundum
1168 1410 1274 1460 quod
1342 1424 1364 1448 a
1432 1409 1546 1447 vobis
1612 1407 1859 1446 audierimus
1916 1404 2131 1444 consilium

420 1472 633 1522 expediens
672 1486 938 1522 apponamus.
998 1474 1115 1510 Teste
1154 1486 1244 1521 rege
1283 1472 1387 1521 apud
1429 1471 1642 1516 Oxoniam‚
1681 1470 1779 1521 xxij.
1819 1469 1881 1507 die
1920 1468 2047 1506 Junii.

536 1608 610 1643 Pro
659 1608 812 1644 [Vm-1720
852 1607 933 1648 silio
976 1607 1135 1644 &eroldi
1191 1613 1223 1642 et
1276 1608 1429 1653 Agnae,
1484 1618 1595 1640 rurore
1634 1601 1975 1651 rjuss—XVarinus
2023 1599 2132 1637 filius

422 1668 586 1706 Geroldi
652 1668 873 1706 attornavit
939 1680 1073 1705 coram
1140 1680 1230 1716 rege
1308 1667 1556 1704 Willelmum
1626 1665 1673 1703 de
1740 1663 2035 1712 Bechampton'
2093 1664 2133 1699 et

422 1730 652 1768 Galfriduni
700 1731 747 1769 de
796 1730 1034 1768 Landefeld'
1084 1730 1127 1767 in
1176 1730 1337 1779 loquela
1384 1742 1460 1778 que
1509 1732 1570 1767 est
1619 1728 1659 1765 in
1708 1726 1905 1766 comitatu
1954 1723 2131 1773 Buking’

420 1806 489 1842 per
528 1793 645 1832 breve
683 1794 787 1843 regis
826 1794 932 1831 inter
973 1793 1198 1830 Henricum
1240 1792 1287 1830 de
1328 1791 1538 1831 Scaccario
1576 1794 1615 1828 et
1654 1789 1934 1833 Petronsslam,
1965 1799 2131 1825 uxorem

421 1855 521 1905 ejus,
553 1859 591 1894 et
620 1855 755 1905 ipsum
786 1855 1000 1894 Warinum
1039 1858 1078 1893 et
1112 1855 1325 1904 Agnetem‚
1363 1866 1530 1891 uxorein
1565 1853 1666 1903 ejus,
1697 1852 1744 1889 de
1773 1848 2134 1890 consuetudinibus

423 1920 462 1955 et
503 1918 693 1956 serviciis.
753 1918 871 1956 Teste
911 1930 1002 1967 rege
1041 1917 1148 1966 apud
1187 1915 1443 1962 Wudestok’,
1481 1915 1591 1964 xxvj.
1632 1913 1696 1951 die
1735 1912 1864 1951 ε10011.

531 2006 644 2044 Idem
695 2005 885 2044 Warinus
935 2008 975 2044 et
1027 2005 1174 2055 Agnes,
1226 2017 1326 2042 uxor
1377 2004 1476 2054 ejus,
1518 2004 1827 2041 attornaverunt
1872 2012 2007 2039 coram
2046 2011 2136 2048 rege

422 2067 644 2106 Radulfum
684 2068 731 2106 de
772 2068 977 2107 Grendon'
1030 2070 1069 2105 et
1122 2067 1336 2105 Nicolaum
1383 2067 1419 2104 le
1470 2064 1727 2103 Mareschall’
1769 2063 1810 2101 in
1855 2062 2013 2112 loquela
2059 2074 2135 2112 que

421 2132 480 2167 est
518 2129 559 2167 in
598 2130 738 2168 eodem
774 2130 971 2168 comitatu
1006 2142 1075 2179 per
1113 2128 1230 2167 breve
1264 2128 1368 2178 regis
1419 2128 1525 2166 inter
1575 2126 1778 2176 predictos
1831 2124 2057 2162 Heni-icum
2096 2124 2136 2160 et

421 2190 702 2235 Petronillam„
757 2205 921 2231 uxorem
974 2192 1079 2242 ejus;
1128 2194 1167 2229 et
1221 2191 1423 2241 predictos
1474 2190 1689 2229 Warinum
1747 2190 1786 2226 et
1836 2187 2037 2237 Agnetem
2087 2185 2135 2223 de

421 2254 783 2293 consuetudinibus
822 2258 860 2293 et
900 2254 1091 2293 serviciis.
1150 2256 1268 2292 Teste
1307 2256 1353 2291 ut
1391 2266 1526 2302 supra.

536 2379 1002 2427 Herefin·‹l’.—Warinus
1054 2380 1102 2417 de
1153 2379 1293 2417 Monte
1332 2377 1501 2417 Kanisio
1550 2375 1774 2415 attornavit
1811 2373 2037 2413 Walterum
2087 2372 2135 2411 de

422 2442 662 2493 Kingesbrg’
702 2442 743 2480 in
782 2442 940 2492 loquela
978 2454 1053 2491 que
1096 2445 1156 2480 est
1202 2441 1244 2478 in
1296 2441 1493 2479 comitatu
1545 2438 1759 2477 Hereford’
1807 2449 1876 2486 per
1922 2436 2042 2474 breve
2087 2434 2135 2473 de

422 2509 529 2544 recto
567 2505 674 2543 inter
711 2505 846 2554 ipsum
886 2505 1114 2549 Warinum,
1157 2506 1378 2553 petentem,
1427 2506 1466 2541 et
1504 2501 1740 2551 episcopum
1780 2498 2134 2543 Herefordensem,

422 2568 595 2618 priorem
634 2567 682 2605 de
721 2567 993 2618 Cressewelly,
1035 2566 1288 2604 Willelmum
1329 2565 1461 2602 filium
1505 2563 1674 2609 Warini,
1716 2565 1756 2600 et
1810 2560 2035 2599 Henricum
2088 2559 2136 2597 de

422 2630 596 2677 Bradel’,
637 2632 835 2674 tenentes,
890 2629 937 2667 de
982 2632 1073 2667 octo
1126 2628 1325 2667 carucatis
1375 2631 1477 2666 terre
1536 2629 1577 2664 et
1634 2638 1715 2663 uno
1768 2623 2003 2662 molendino
2041 2634 2132 2661 cum

421 2691 679 2742 pertinentiis
715 2692 756 2728 in
797 2691 979 2729 Hamm'.

532 2778 731 2817 Radulfus
770 2779 817 2816 de
856 2778 1018 2816 Mortuo
1063 2777 1166 2816 Mari
1210 2780 1250 2815 et
1294 2775 1489 2821 Gladusa,
1541 2786 1642 2812 uxor
1683 2773 1783 2824 ejus,
1824 2772 2134 2810 attornaverunt

423 2854 558 2880 coram
615 2853 704 2890 rege
756 2840 982 2878 Walteruin
1035 2839 1271 2878 Pauncefot’
1320 2842 1359 2876 et
1415 2836 1654 2886 Philippum
1713 2834 1846 2872 filium
1904 2833 2025 2871 Alani
2083 2832 2133 2870 ad

424 2903 663 2941 lucrandum
702 2901 764 2940 vel
798 2902 1047 2951 perdendum
1089 2902 1131 2939 in
1183 2901 1344 2952 loquela
1392 2912 1467 2949 que
1519 2902 1580 2936 est
1625 2909 1761 2936 coram
1811 2895 2048 2946 justiciariis
2086 2894 2134 2932 de

424 2965 562 3003 Banco
594 2964 699 3002 inter
737 2964 938 3013 Rogerum
977 2964 1024 3002 de
1063 2963 1293 3009 Chaundos,
1340 2964 1559 3011 petentem,
1606 2963 1645 2998 et
1683 2958 1790 3008 ipsos
1829 2956 2048 2996 Radulfum
2093 2958 2132 2993 et

427 3027 663 3072 Glaeiusam,
705 3029 902 3072 tenentes,
961 3026 1008 3064 de
1065 3039 1147 3063 una
1207 3027 1396 3063 carucata
1457 3026 1560 3060 terre
1622 3033 1715 3059 cum
1777 3017 2035 3069 pertinentiis
2091 3017 2133 3055 in

426 3089 683 3128 Knihteton'.
759 3088 815 3126 Et
870 3088 976 3126 idem
1034 3087 1235 3126 Radulfus
1273 3084 1495 3124 attornavit
1552 3096 1688 3122 coram
1744 3081 1860 3120 nobis
1918 3081 2005 3118 loco
2061 3092 2133 3118 suo

426 3152 585 3190 eosdem
630 3150 854 3188 Walterum
904 3153 942 3187 et
990 3149 1227 3199 Philippum
1274 3149 1316 3186 in
1364 3147 1523 3197 loquela
1568 3158 1645 3195 que
1692 3147 1752 3183 est
1799 3156 1933 3181 coram
1981 3141 2131 3180 eisdem

423 3212 658 3265 justiciariis
705 3212 811 3250 inter
862 3212 1087 3261 predictum
1132 3212 1351 3261 Rogerum,
1384 3212 1604 3259 petentem,
1650 3210 1689 3244 et
1718 3206 1851 3255 ipsum
1891 3203 2129 3249 Raduffum,

426 3278 647 3321 tenentem,
687 3275 734 3312 de
776 3274 932 3313 duabus
989 3274 1185 3312 carucatis
1245 3276 1347 3311 terre
1400 3284 1494 3311 cum
1556 3267 1813 3319 pertinentiis
1852 3267 1894 3304 in
1933 3266 2130 3312 Norton⁷3

426 3342 464 3377 et
522 3339 564 3375 in
630 3337 786 3387 loquela
851 3350 926 3386 que
1001 3336 1251 3375 summonita
1325 3339 1385 3373 est
1460 3345 1595 3372 coram
1671 3330 1821 3369 eisdem
1895 3327 2132 3379 justiciariis

426 3414 495 3451 per
560 3400 675 3439 breve
737 3399 841 3449 regis
902 3399 1007 3437 inter
1056 3399 1188 3448 ipsum
1239 3396 1474 3441 Radulfum,
1525 3396 1742 3444 petentem,
1793 3394 1832 3429 et
1880 3390 2131 3439 Umfridum,
