2375 3587
203 162 283 201 126

265 283 409 329 1235.

271 351 329 388 [m.
349 350 394 387 6.]

1133 161 1318 203 CLOSE
1363 160 1565 202 ROLLs.

607 358 685 394 Pro
736 359 945 395 hominibus
986 356 1321 394 B›·1'st0lZi.—Rex
1370 354 1567 394 concessit
1616 353 1750 403 probis
1799 351 2034 392 hominibus
2083 350 2191 389 Bris-

499 419 586 457 tolli
630 419 679 456 ad
729 418 869 457 villam
921 432 1035 457 suam
1084 418 1267 456 Bristolli
1319 417 1585 455 claudendam
1634 416 1829 465 quasdam
1881 413 2195 453 consuetudines

498 480 711 529 capiendas
768 481 810 518 in
862 480 998 518 eadem
1051 479 1160 518 villa.
1254 479 1322 525 Et,
1377 491 1469 516 cum
1521 477 1729 526 assignata
1792 476 1913 514 fuerit
1965 473 2198 513 hominibus

498 542 603 592 regis
642 543 687 580 de
726 542 939 580 Radeclive
977 542 1149 591 quedam
1188 541 1319 590 portio
1358 539 1464 577 muri
1502 539 1607 577 dicte
1641 538 1735 577 ville
1774 537 1956 576 Bristolli
1995 536 2192 581 facienda,

498 605 735 642 mandatum
774 607 834 642 est
880 603 1037 641 ballivis
1089 603 1272 642 Bristolli
1324 602 1430 652 quod
1480 604 1564 639 tam
1617 601 1664 638 de
1715 599 1976 638 mercandisis
2014 599 2195 648 ipsorum

497 666 710 704 hominum
749 666 796 703 de
836 665 1048 704 Radeclive
1086 665 1258 714 propriis
1297 676 1418 713 quam
1458 663 1505 701 de
1543 661 1807 701 mercandisis
1854 661 1997 699 alienis
2042 660 2196 699 intran-

497 728 604 766 tibus
643 731 681 766 et
719 727 959 765 exeuntibus
1005 727 1054 764 ad
1103 727 1202 764 duas
1251 728 1386 775 portas
1436 724 1620 762 Bristolli
1671 736 1809 763 versus
1859 722 2085 768 Radeclive,
2128 720 2196 759 ubi

497 790 647 828 eisdem
703 788 937 826 hominibus
993 788 1040 825 de
1096 787 1307 826 Radeclive
1373 786 1578 835 assignata
1642 788 1703 823 est
1769 797 1841 823 sua
1896 784 2026 834 portio
2090 781 2197 820 muri

498 851 719 890 claudenda
770 853 808 888 et
856 849 923 887 ubi
973 850 1170 898 predictas
1222 847 1535 887 consuetudines
1587 849 1780 896 ceperunt
1832 846 1879 884 de
1932 845 2195 895 permissione

497 925 647 958 eorum,
686 914 730 950 ut
768 912 919 956 dicunt,
956 911 996 948 111
1036 911 1233 948 auxilium
1268 923 1336 948 sue
1370 909 1567 959 portionis
1601 908 1833 955 claudendo,
1870 908 1978 957 ipsos
2012 907 2197 945 homines

498 976 545 1013 de
584 974 796 1013 Radeclive
833 974 1031 1023 predictas
1079 972 1393 1012 consuetudines
1432 984 1570 1021 capere
1610 971 1863 1020 permittant,
1914 970 2017 1008 sicut
2055 968 2104 1007 ab
2141 968 2197 1007 eis

499 1037 713 1086 capiuntur
752 1035 846 1073 alibi
885 1036 926 1073 in
965 1035 1103 1073 eadem
1139 1035 1235 1073 villa
1269 1035 1317 1073 ad
1357 1033 1561 1072 residuum
1597 1033 1765 1083 predicti
1804 1032 1911 1071 muri
1950 1031 2194 1070 faciendum.

501 1101 617 1138 Teste
654 1112 744 1148 rege
782 1098 887 1147 apud
925 1097 1228 1142 Bradenestok'‚
1269 1111 1305 1135 v.
1346 1097 1408 1135 die
1447 1096 1632 1146 Augusti.

605 1195 661 1231 De
708 1195 830 1230 «lamis
877 1192 1291 1230 ‹Iat1'.s·.-lNIandatuin
1340 1195 1400 1229 est
1451 1191 1604 1229 Thome
1652 1191 1698 1229 de
1754 1189 1955 1230 Samford'
2003 1189 2109 1238 quod
2156 1188 2197 1226 in

501 1257 647 1295 foresta
684 1256 730 1294 de
770 1255 941 1292 Braden⁷
983 1254 1103 1293 faciat
1142 1253 1287 1292 habere
1327 1253 1464 1292 abbati
1512 1253 1559 1290 de
1606 1251 1853 1290 Malmesbir'
1891 1265 1928 1289 x.
1979 1251 2118 1289 damas
2156 1253 2196 1288 et

500 1318 599 1355 duos
637 1317 775 1354 damos
815 1316 861 1353 de
900 1316 1004 1353 dono
1043 1317 1180 1353 nostro
1220 1314 1268 1352 ad
1307 1327 1472 1363 parcum
1513 1326 1628 1351 suum
1676 1314 1723 1351 (10
1770 1312 1928 1351 Cufald’
1970 1311 2198 1350 instauran-

499 1379 610 1416 dum.
687 1378 802 1415 Teste
841 1380 885 1415 ut
924 1389 1059 1426 supra.

612 1474 664 1509 Dc
705 1473 892 1509 roboribus·
931 1470 1346 1508 datis.-Mandatum
1386 1473 1444 1508 051
1485 1469 1784 1508 constabulario
1822 1469 2056 1507 Divisarum
2096 1469 2201 1519 quod

501 1535 644 1573 habere
701 1534 822 1572 faciat
879 1532 1014 1571 abbati
1071 1533 1117 1570 de
1177 1532 1357 1580 Stanleg’
1417 1531 1593 1581 quinque
1650 1530 1791 1569 robora
1857 1531 1899 1569 in
1954 1531 2101 1569 foresta
2156 1531 2203 1569 de

502 1597 725 1646 Chipeham
764 1595 813 1633 ad
851 1595 1050 1644 quendam
1090 1607 1231 1642 10311111
1270 1593 1514 1632 faciendum.
1576 1593 1692 1632 Teste
1728 1595 1772 1631 ut
1812 1606 1946 1643 supra.

608 1693 665 1728 De
700 1690 908 1739 gltziysz'te'lum
946 1692 987 1727 1ῐη
1029 1691 1192 1726 Salv-ina
1237 1689 1771 1736 reparaadim—Mandatum
1810 1692 1870 1727 est
1906 1687 2204 1727 constabulario

502 1753 641 1793 Sancti
679 1752 867 1791 Briavelli
906 1752 1010 1801 quod
1050 1750 1193 1789 habere
1234 1751 1355 1789 faciat
1392 1751 1619 1790 vicecomiti
1670 1751 1810 1790 Glouc’
1850 1751 1963 1800 palos
1994 1753 2033 1788 et
2070 1750 2203 1799 virgas

503 1816 543 1853 in
594 1815 741 1853 foresta
788 1814 835 1852 (10
885 1814 985 1852 Den’
1043 1813 1091 1851 ad
1144 1812 1322 1861 gurgites
1372 1813 1413 1849 in
1473 1812 1644 1851 Sabrina
1690 1813 1944 1862 reparandos.
2004 1811 2120 1851 Teste
2159 1813 2203 1849 ut

503 1890 634 1926 supra.

609 1974 687 2009 Pr«)
726 1973 880 2009 Habet-ta
920 1973 960 2008 de
1003 1971 1485 2009 l'creton'.——lNIandatum
1525 1974 1583 2009 est
1622 1970 1788 2020 Hugoni
1831 1970 1878 2008 (10
1917 1970 2060 2009 Vivon'
2099 1970 2204 2020 quod

502 2034 676 2073 Roberto
730 2034 777 2071 (10
832 2035 1030 2079 Ρο101011’,
1100 2033 1163 2071 0111
1222 2033 1447 2071 Willelmus
1509 2033 1695 2078 Briwere,
1769 2033 1865 2070 dum
1921 2035 2099 2070 castrum
2156 2032 2203 2070 de

503 2098 624 2145 Brug'
682 2095 847 2134 Walteri
907 2095 984 2132 fuit
1040 2095 1081 2131 in
1139 2108 1262 2132 manu
1322 2108 1406 2140 sua,
1475 2095 1569 2133 fecit
1626 2094 1773 2132 habere
1837 2093 2204 2133 liberarationem*

502 2158 702 2207 quandam
737 2157 778 2194 in
817 2156 993 2205 predicto
1033 2159 1175 2202 castro,
1217 2169 1334 2206 quam
1376 2156 1500 2194 etiam
1539 2156 1725 2206 promisit
1759 2156 1795 2194 ei
1833 2155 2060 2194 habendam
2115 2157 2203 2194 tota

502 2221 585 2258 vita
623 2219 748 2268 ipsius
787 2218 951 2256 Roberti
991 2230 1062 2266 pro
1101 2230 1182 2255 una
1221 2218 1377 2267 virgata
1416 2222 1517 2256 terre
1556 2231 1676 2268 quam
1707 2218 1813 2256 idem
1848 2217 2045 2255 Robertus
2074 2217 2203 2255 eidem

505 2281 707 2319 Willelmo
745 2280 912 2325 dimisit,
952 2292 1027 2329 (1110
1066 2280 1226 2328 quidem
1258 2285 1363 2318 terra
1402 2284 1461 2318 est
1500 2281 1541 2317 in
1580 2293 1704 2317 manu
1753 2280 1907 2317 domini
1956 2280 2060 2329 regis
2115 2282 2201 2317 tan-

503 2356 623 2393 quam
678 2341 881 2391 pertinens
921 2342 969 2379 ad
1007 2342 1230 2390 predictum
1272 2345 1463 2387 castrum,
1505 2344 1549 2379 ut
1588 2341 1697 2387 dicit,
1739 2341 1860 2380 faciat
1900 2340 2045 2379 habere
2082 2340 2199 2379 liber-

503 2405 679 2443 ationem
710 2416 823 2441 suam
863 2403 965 2441 sicut
1004 2416 1092 2441 eam
1127 2404 1300 2453 recipere
1338 2404 1547 2442 consuevit
1586 2406 1764 2452 tempore
1794 2403 1961 2452 predicti
1992 2403 2200 2441 Willelmi.

507 2467 623 2505 Teste
663 2469 706 2504 ut
749 2478 880 2514 supra.

619 2562 690 2597 I'ra
728 2562 945 2609 quihus-(lam
987 2561 1190 2607 appellatis
1219 2562 1261 2596 de
1291 2568 1402 2597 morte
1441 2560 1773 2606 hominia—Rex,
1814 2573 1906 2598 cum
1946 2559 2086 2606 Alicia,
2127 2572 2203 2609 que

505 2622 582 2660 fuit
638 2635 737 2660 uxor
790 2620 951 2659 Roberti
1001 2621 1258 2666 Cementarfi,
1312 2621 1485 2670 appellet
1524 2621 1570 2659 (10
1625 2624 1754 2659 1110110
1804 2621 1971 2670 predicti
2028 2621 2103 2659 viri
2142 2621 2204 2659 sui

507 2684 735 2722 Gilbertum
804 2683 924 2724 Prati·
979 2686 1018 2720 et
1088 2682 1287 2721 Amiciam
1345 2696 1509 2721 uxorem
1578 2683 1687 2720 Petri
1744 2683 1791 2721 de
1848 2683 2102 2729 Mimeton’†‚
2165 2686 2204 2721 et

507 2745 734 2783 Willehnus
772 2744 903 2782 Drake
942 2746 980 2781 et
1020 2743 1172 2781 Editha
1220 2757 1319 2782 uxor
1370 2745 1456 2794 ejus
1495 2745 1698 2794 appellent
1747 2745 1794 2782 de
1832 2746 1960 2782 morte
1993 2744 2204 2794 cujusdam

506 2807 579 2844 fflii
636 2806 697 2844 sui
754 2806 1027 2843 Alexandrum
1086 2805 1121 2843 10
1178 2805 1422 2855 Deveneys‚‡
1483 2806 1679 2844 concessit
1745 2806 1934 2855 predictis
1995 2805 2206 2855 appellatis

506 2869 554 2906 ad
593 2868 827 2918 petitionem
877 2868 924 2905 R.
967 2867 1285 2905 Dunholmensis
1337 2868 1441 2916 quod
1480 2881 1616 2916 pacem
1666 2868 1818 2906 faciant
1871 2880 1963 2906 cum
2020 2867 2206 2916 predictis

508 2929 834 2979 appellatoribus,
875 2929 906 2966 si
946 2928 1022 2977 ipsi
1066 2929 1330 2977 appellatores
1365 2930 1578 2968 voluerint.
1638 2930 1693 2968 Et
1723 2930 1798 2968 hoc
1837 2929 2109 2979 significatum
2147 2931 2206 2967 est

506 2991 740 3043 justiciariis
800 2990 982 3040 proximo
1057 2990 1305 3028 itineraturis
1353 2991 1395 3028 in
1462 2992 1658 3030 comitatu
1716 2992 1827 3030 Wilt'
1878 2994 1923 3029 ut
1988 2992 2063 3029 hoc
2120 2990 2206 3029 fieri

509 3054 763 3103 permittant.
841 3053 958 3090 Teste
1001 3065 1090 3101 1030
1137 3052 1242 3100 111111(1
1291 3052 1540 3103 Merleberg’,
1591 3054 1644 3104 vj.
1695 3053 1758 3091 die
1806 3053 1992 3103 Augusti.

584 3153 597 3167 *
612 3150 665 3181 Sic
683 3149 718 3179 in
736 3148 809 3180 MS.
901 3147 1039 3186 †These
1056 3150 1120 3178 two
1137 3157 1259 3179 names
1277 3158 1332 3179 are
1349 3148 1556 3180 substituted
1574 3149 1626 3180 101·
1643 3153 1650 3166 ‘
1667 3148 1881 3180 Willelmnm
1898 3149 1928 3179 le
1945 3148 2139 3180 Deveneis.'

593 3202 605 3241 ss
621 3199 800 3232 Corrected
831 3200 919 3230 from
952 3200 991 3230 ‘J
994 3198 1170 3230 ohannem
1194 3199 1396 3232 Beccarium
1427 3199 1467 3230 de
1497 3199 1671 3232 Munbir'.’
1719 3199 1792 3231 The
1822 3199 1933 3231 words
1967 3198 2205 3239 immediately

507 3252 694 3292 following,
715 3254 766 3282 ‘et
782 3249 911 3282 Felicia
928 3249 968 3281 de
984 3250 1122 3281 Barewe
1139 3250 1288 3290 appellet
1304 3251 1344 3283 de
1370 3253 1478 3283 morte
1504 3250 1669 3283 Willelmi
1696 3250 1758 3281 filii
1782 3251 1833 3282 sui
1852 3250 2064 3282 willelmum
2091 3250 2203 3282 filium

509 3304 672 3341 Roberti,’
690 3302 778 3334 have
794 3301 877 3333 been
900 3301 1087 3334 cancelled.
