2375 3587
211 223 294 265 340

269 346 413 392 1236.

261 413 321 452 [m.
340 411 429 449 1811]

270 1674 330 1714 [m.
349 1673 440 1712 1711]

1146 220 1331 264 CLOSE
1377 220 1579 263 ROLLS.

564 419 719 457 Eodem
776 418 895 457 modo
951 418 1110 457 Lescar'
1172 417 1370 467 episcopo,
1423 417 1582 456 Lincor‘
1645 418 1843 467 episcopo,
1912 417 2208 467 archiepiscopo

510 481 812 530 Burdegalensi‚
862 481 1090 519 Baionensi’
1148 480 1344 529 episcopo,
1399 479 1612 518 Vasatensi
1668 480 1864 530 episcopo,
1921 481 2106 530 episcopo
2162 480 2209 518 de

512 543 736 592 Cumenges
773 546 812 581 et
851 542 985 580 abbati
1024 543 1071 580 (10
1109 543 1147 579 la
1188 542 1315 587 Selve,
1357 542 1534 591 Aquensi
1571 541 1769 591 episcopo.

624 631 835 666 Wascom‘a.
897 631 949 666 De
984 631 1120 674 trensn's
1156 628 1479 666 manualia—Rex
1516 628 1661 667 dilecto
1699 628 1997 678 consanguineo
2031 631 2070 666 et
2103 628 2211 666 fideli

513 704 584 729 suo
617 693 661 728 Β.
698 691 745 729 (10
776 689 961 730 Mastak’,
999 689 1138 727 comiti
1172 689 1334 739 Bygor’,
1367 689 1551 727 salutem.
1611 689 1666 728 Ut
1694 690 1741 727 de
1769 689 2078 728 communicatis
2098 689 2211 728 vobis

514 753 670 802 gaudiis
690 756 727 790 et
748 751 967 790 honoribus
990 751 1107 801 regiis
1128 750 1240 789 vobis
1261 756 1459 790 accrescat
1486 752 1679 801 gaudium
1709 755 1747 789 et
1776 751 1983 797 exultatio,
2006 752 2212 790 dilectioni

513 819 641 853 vestre
675 814 949 863 significamus
988 814 1092 863 quod
1127 814 1168 851 in
1203 827 1367 852 uxorem
1400 814 1590 852 duximus
1621 814 1862 864 Alyenoram
1897 814 2023 852 filiam
2055 814 2214 852 comitis

514 877 735 921 Provincie,
759 889 933 913 sororem
956 876 1301 924 regineFrancie,
1324 879 1473 914 certam
1502 876 1541 913 in
1565 876 1742 914 Domino
1763 889 1874 925 spem
1896 880 2088 925 ponentes
2109 876 2213 925 quod

514 940 552 977 id
583 939 695 977 cedat
725 938 772 975 ad
812 938 962 986 regiam
993 939 1279 976 exaltationem
1318 942 1357 976 et
1395 951 1652 977 communem
1693 938 1946 977 subditorum
1985 942 2213 977 nostrorum

514 1002 744 1039 utilitatem.
831 1000 1016 1038 Ceterum
1056 1014 1144 1039 cum
1183 1004 1297 1050 capte
1346 1004 1384 1039 et
1424 1010 1604 1039 securate
1644 1002 1725 1039 sint
1764 1004 1900 1051 treuge
1938 1001 2042 1039 inter
2080 1014 2213 1050 regem

516 1063 682 1101 Francie
721 1065 759 1099 et
798 1074 870 1100 nos
910 1076 1033 1111 usque
1082 1063 1123 1100 in
1162 1062 1337 1112 quinque
1385 1076 1511 1101 annos
1559 1077 1581 1101 a
1620 1063 1721 1101 festo
1759 1062 2064 1112 Assumpcionis
2103 1062 2214 1101 beate

516 1125 641 1163 Marie.
679 1124 860 1172 proximo
900 1126 1102 1173 preterito,
1143 1138 1241 1174 quas
1279 1125 1441 1174 quidem
1489 1125 1530 1162 in
1570 1125 1772 1174 presentia
1815 1125 2050 1163 nuntiorum
2090 1125 2215 1174 ipsius

516 1187 619 1234 regis
657 1186 704 1223 ad
744 1198 816 1223 nos
856 1186 896 1223 in
939 1187 1126 1235 Angliam
1160 1190 1321 1236 propter
1352 1187 1426 1225 hoc
1466 1187 1762 1225 destinatorum
1795 1199 1922 1236 nuper
1956 1187 1996 1224 in
2036 1186 2215 1224 animam

518 1252 695 1286 nostram
726 1247 848 1296 jurari
880 1248 1074 1289 fecimus:
1110 1247 1220 1285 vobis
1252 1249 1490 1286 mandamus
1521 1248 1691 1286 firmiter
1723 1248 1982 1297 injungentes
2012 1248 2216 1297 quatinus,

517 1313 618 1351 sicut
658 1326 730 1351 nos
764 1315 801 1348 et
832 1311 1027 1348 honorem
1062 1314 1247 1348 nostrum
1278 1310 1461 1359 diligitis,
1498 1310 1624 1348 dictas
1655 1314 1815 1359 treugas
1850 1310 2019 1348 firmiter
2048 1310 2218 1348 teneatis

517 1378 554 1412 et
593 1387 614 1411 a
653 1374 824 1412 subditis
863 1373 983 1411 vestis
1022 1372 1193 1410 firmiter
1232 1372 1357 1410 teneri
1397 1372 1567 1410 faciatis.
1646 1373 1761 1410 Teste
1800 1376 1844 1411 ut
1882 1385 2015 1422 supra.

627 1462 780 1499 Eodem
840 1460 958 1498 modo
1016 1458 1203 1498 scribitur
1263 1459 1497 1498 Seneburno
1549 1460 1596 1497 de
1646 1460 1841 1509 Lespair'‚
1897 1459 2123 1497 Alexandro
2173 1459 2220 1497 de

521 1524 754 1567 Caumunt’,
802 1523 980 1560 Ernaldo
1031 1523 1077 1560 de
1125 1521 1369 1567 Blakefordg
1419 1522 1616 1572 Emeryco
1655 1522 1701 1559 de
1740 1521 1950 1568 Lenebret,
1994 1521 2222 1559 Reimundo

524 1586 662 1623 Garsie
701 1586 747 1622 de
787 1585 942 1630 Nuval',
984 1585 1085 1634 Elye
1124 1584 1268 1629 Ridel’,
1310 1584 1535 1622 vicecomiti
1574 1584 1621 1621 de
1660 1584 1855 1622 Frunzac.

632 1673 1143 1721 Sulzampt‘.mMandatum
1183 1676 1241 1709 est
1280 1672 1503 1709 vicecomiti
1540 1672 1658 1710 Suht’
1688 1673 1806 1721 quod,
1837 1671 2056 1720 assumptis
2088 1683 2222 1709 secum

524 1737 592 1786 xij.
633 1737 679 1774 de
718 1735 975 1785 legalioribus
1014 1734 1211 1772 militibus
1258 1735 1304 1772 de
1352 1735 1546 1772 comitatu
1586 1748 1670 1780 suo,
1711 1735 1871 1772 accedat
1918 1746 2043 1782 usque
2081 1732 2223 1783 Froyle

523 1802 562 1836 et
601 1799 639 1835 la
670 1797 796 1835 Welle
834 1800 873 1834 et
912 1810 980 1845 per
1019 1799 1317 1834 sacramentum
1358 1797 1519 1834 illorum
1554 1796 1639 1834 fieri
1678 1796 1801 1834 faciat
1838 1794 2223 1845 perambulationem

523 1861 629 1898 inter
675 1863 821 1897 terram
870 1857 1070 1896 abbatisse
1116 1858 1262 1896 Sancte
1302 1859 1429 1896 Marie
1467 1858 1672 1896 Wintonie
1721 1858 1761 1895 in
1810 1857 1943 1908 Froyl’
1991 1859 2030 1895 et
2078 1860 2224 1895 terram

525 1922 712 1969 Hugonis
751 1921 798 1958 de
838 1921 1078 1970 Wingeham
1118 1920 1159 1957 in
1200 1920 1238 1958 la
1278 1921 1417 1966 Welle,
1459 1921 1515 1958 ita
1562 1921 1667 1970 quod
1715 1919 2009 1969 pel-ambulatio
2048 1919 2118 1956 illa
2155 1918 2227 1956 fiat

524 1998 592 2033 per
648 1988 774 2022 certas
831 1986 960 2020 metas
1018 1986 1056 2020 et
1108 1982 1269 2027 divisas,
1325 1983 1417 2032 quia
1475 1986 1557 2020 tam
1615 1982 1794 2031 predicta
1851 1980 2053 2019 abbatissa
2108 1993 2229 2031 quam

523 2047 724 2096 predictus
764 2046 886 2094 Hugo
925 2048 1145 2094 posuerunt
1189 2058 1228 2082 se
1278 2058 1410 2083 coram
1459 2057 1549 2093 rege
1592 2045 1632 2082 in
1672 2043 2059 2094 perambulationem
2100 2043 2226 2080 illam.

523 2108 578 2145 Et
614 2107 832 2156 predictam
873 2105 1260 2155 perambulationem
1296 2106 1485 2144 distincte
1524 2109 1562 2143 et
1596 2110 1730 2155 aperte
1765 2106 1913 2143 factam
1952 2105 1993 2142 in
2034 2105 2227 2154 scriptum

523 2170 725 2207 redactam
774 2167 847 2206 sub
897 2168 1029 2215 sigillo
1069 2172 1138 2206 tuo
1168 2172 1207 2206 et
1236 2181 1305 2216 per
1341 2172 1514 2218 quatuor
1562 2168 1708 2217 legales
1751 2167 1899 2205 milites
1942 2180 1989 2204 ex
2027 2166 2118 2212 hiis,
2158 2166 2226 2215 qui

524 2230 859 2280 pei-ambulationi
911 2230 969 2267 illi
1020 2229 1306 2275 interfuerunt,
1358 2229 1504 2268 habeat
1556 2243 1688 2268 coram
1740 2229 1973 2278 justiciariis
2025 2229 2127 2277 regis
2178 2228 2226 2265 ad

524 2294 697 2342 primam
727 2293 894 2330 assisam
926 2305 1017 2330 cum
1049 2292 1090 2329 in
1121 2295 1255 2341 partes
1286 2292 1375 2330 illas
1404 2292 1598 2338 venerint,
1630 2304 1699 2341 per
1727 2304 1826 2340 quas
1855 2294 1982 2329 metas
2012 2293 2050 2328 et
2079 2290 2227 2327 divisas

525 2356 702 2404 predicta
731 2354 1023 2403 perambulatio
1055 2355 1161 2392 facta
1200 2355 1334 2392 fuerit.
1412 2355 1466 2392 Et
1496 2354 1642 2392 habeat
1674 2353 1725 2391 ibi
1758 2354 1924 2391 nomina
1954 2354 2115 2390 illorum
2154 2353 2222 2403 xij.

525 2422 563 2455 et
594 2418 666 2455 1100
698 2417 826 2454 breve.
887 2417 1004 2455 Teste
1036 2430 1124 2466 rege
1155 2418 1261 2466 apud
1293 2417 1559 2462 wintoniam,
1601 2416 1685 2467 viij.
1726 2416 1788 2454 die
1827 2415 2048 2454 Februarii.

633 2495 784 2532 Eodem
823 2495 941 2532 modo
980 2495 1219 2533 mandatum
1269 2499 1329 2533 est
1367 2495 1593 2533 vicecomiti
1633 2493 1803 2532 Eboraci
1842 2494 1946 2543 quod
1985 2493 2070 2531 fieri
2109 2493 2230 2531 faciat

528 2556 914 2605 perambulationem
964 2557 1067 2595 inter
1116 2560 1262 2595 terram
1303 2558 1505 2595 ζ101101111110
1553 2557 1599 2594 (10
1643 2556 1784 2606 Lascy,
1824 2555 1981 2594 comitis
2021 2555 2149 2601 Linc’,
2190 2556 2230 2592 in

531 2619 668 2657 Sneth’
708 2622 746 2656 et
795 2622 918 2657 terras
959 2619 1111 2658 Thome
1154 2620 1201 2657 de
1242 2620 1490 2664 Poulintcn',
1531 2619 1613 2656 Ade
1662 2618 1736 2655 filii
1785 2617 1960 2664 Radulfi,
2001 2618 2109 2656 Luce
2156 2617 2229 2655 filii

529 2680 758 2726 Alexandri,
806 2680 1000 2719 Willelmi
1048 2681 1122 2718 filii
1170 2681 1397 2731 Reginaldi,
1447 2681 1607 2719 Ricardi
1656 2683 1695 2718 et
1743 2680 1827 2718 Ade
1874 2679 2140 2718 molendinar’
2189 2680 2229 2717 in

528 2741 773 2781 Poulinton’.

638 2821 722 2857 Rex
760 2821 993 2870 justiciariis
1041 2821 1123 2858 suis
1171 2821 1454 2859 itinerantibus
1502 2821 1606 2870 apud
1647 2820 1829 2866 Wilton',
1869 2820 2056 2858 salutem.
2129 2819 2232 2866 Quia

533 2882 761 2919 Willelmus
795 2882 841 2920 de
876 2881 914 2919 la
949 2882 1072 2920 Hulle
1106 2886 1144 2920 et
1179 2883 1385 2921 Dionisius
1424 2883 1532 2921 filius
1568 2883 1734 2929 Τ1101110,
1771 2881 1876 2931 capti
1915 2885 1953 2919 et
1991 2881 2032 2918 in
2071 2881 2234 2930 prisona

534 2948 671 2981 nostra
722 2945 827 2992 apud
880 2944 1170 2982 Sarrisburiam
1220 2946 1371 2983 detenti
1426 2958 1495 2994 pro
1546 2948 1675 2983 morte
1728 2943 1891 2982 Roberti
1940 2943 2013 2980 filii
2066 2942 2231 2989 Thome,

534 3019 652 3054 quem
700 3009 787 3043 rota
834 3006 1042 3055 cujusdam
1091 3009 1243 3045 carecte
1297 3007 1545 3045 transeuntis
1607 3020 1728 3056 quam
1776 3005 1873 3044 dicti
1922 3004 2149 3043 Willelmus
2196 3007 2235 3042 et

536 3068 742 3105 Dionisius
779 3068 979 3106 duxerunt
1033 3070 1232 3117 oppressit
1279 3071 1325 3107 ad
1373 3073 1544 3108 mortem
1584 3082 1652 3119 per
1699 3067 1980 3113 infortunium,
2020 3079 2101 3105 non
2139 3070 2234 3105 sunt

534 3131 580 3167 de
619 3133 747 3168 morte
794 3130 864 3167 illa
911 3130 1141 3179 culpabiles,
1183 3132 1287 3169 sicut
1334 3132 1560 3180 accepimus
1598 3145 1666 3180 per
1705 3131 1860 3169 litteras
1897 3133 2074 3175 vestras3
2122 3128 2234 3167 vobis

534 3192 775 3228 mandamus
822 3192 926 3241 quod
984 3192 1090 3240 ipsos
1152 3193 1403 3230 Willelmum
1452 3196 1490 3230 et
1539 3192 1767 3230 Dionisium
1814 3205 1836 3229 a
1882 3191 2043 3240 prisona
2100 3193 2236 3228 nostra

535 3253 744 3291 deliberari
778 3256 816 3290 et
849 3253 897 3290 de
932 3257 1060 3291 morte
1094 3254 1270 3302 predicta
1302 3254 1456 3303 quietos
1491 3267 1574 3292 esse
1609 3254 1778 3292 faciatis.
1849 3253 1964 3290 Teste
1996 3255 2040 3290 ut
2074 3264 2206 3301 supra.

644 3332 727 3368 Rex
773 3331 1006 3380 justiciariis
1054 3332 1136 3369 suis
1184 3332 1469 3370 itinerantibus
1516 3332 1557 3369 in
1606 3332 1799 3370 comitatu
1840 3331 2011 3376 Wiltes’,
2034 3330 2220 3368 salutem.

538 3393 780 3431 Mandamus
828 3393 939 3431 vobis
985 3393 1089 3443 quod
1136 3407 1217 3431 non
1265 3393 1451 3434 obstante
1498 3406 1543 3431 eo
1590 3394 1695 3445 quod
1743 3392 2000 3433 Baldewinus
2046 3392 2093 3431 de
2140 3393 2238 3431 Veer
