2375 3587
183 330 329 378 1235.

187 398 233 438 [m
265 397 315 436 4.]

1057 199 1109 239 19
1152 197 1358 238 HENRY
1399 195 1481 236 ΙΙΙ.
2042 196 2122 235 139

421 397 544 436 Thoft
596 397 638 434 in
690 396 885 435 comitatu
938 394 1206 444 Gantebrigie.
1283 395 1339 433 Et
1376 394 1617 432 mandatum
1661 395 1720 430 cst
1763 392 1919 431 custodi
1960 391 2124 429 honoris

421 459 590 508 predicti
639 459 745 509 quod
796 458 1022 509 predictum
1076 458 1239 496 feodum
1292 456 1426 506 ipsum
1476 455 1518 492 in
1570 468 1665 504 pace
1717 458 1850 493 tenere
1902 454 2123 504 permittat.

424 522 541 561 Teste
579 525 623 560 ut
661 535 795 571 supra.

531 628 608 663 Pro
647 628 775 663 abbate
811 635 844 663 et
882 626 1073 663 canonicis
1120 626 1162 660 <Ie
1212 621 1708 661 (fron-tow.—Mandatum
1760 622 1821 658 est
1860 619 2034 658 Roberto
2080 620 2127 657 (16

421 687 699 737 Everingham
745 687 850 736 quod
915 685 1062 724 habere
1118 685 1241 723 faciat
1297 683 1433 722 abbati
1490 686 1528 721 et
1585 682 1790 720 canonicis
1839 682 1886 719 (16
1938 682 2126 720 Ci'oxton'

421 750 688 800 quadraginta
725 762 893 800 quercus
932 749 974 786 in
1020 748 1140 786 bosco
1186 747 1233 785 de
1284 745 1561 784 Mammefeld'
1616 745 1666 782 ad
1718 744 1913 783 fabricam
1965 743 2129 782 ecclesie

421 825 504 859 sue,
537 812 584 850 de
613 812 718 850 dono
747 811 866 860 regis.
938 811 1056 848 Teste
1086 823 1176 860 rege
1206 809 1311 858 apud
1342 808 1546 854 Groxton',
1568 807 1741 846 secundo
1771 806 1833 844 die
1865 805 2127 856 Septembris.

532 921 610 957 I’ro
650 920 763 956 Petro
811 921 853 955 de
896 917 1426 966 Walseriny’.—Mandatum
1473 918 1533 953 est
1579 915 1750 953 Ricardo
1799 915 1846 951 (16
1885 914 2130 952 Mnntfichet

422 982 527 1031 quod
565 981 607 1019 in
650 981 848 1019 forinseco
894 979 1012 1018 bosco
1062 979 1166 1029 regis
1223 979 1270 1016 de
1316 978 1538 1027 Havering’
1580 977 1702 1015 faciat
1741 976 1886 1014 habere
1926 976 2044 1014 Petro
2082 976 2129 1014 de

424 1043 653 1094 Wakering‘
693 1043 870 1094 quinque
903 1041 1044 1081 robora
1085 1042 1134 1080 ad
1173 1041 1308 1080 focum
1339 1053 1471 1086 suum,
1512 1040 1560 1077 (16
1598 1040 1702 1077 (10110
1742 1039 1858 1088 regis.
1931 1039 2048 1076 Teste
2086 1040 2131 1075 ut

423 1118 557 1155 Supra.

532 1214 610 1250 Pro
647 1214 825 1251 tJoltamne
876 1214 919 1249 de
956 1212 1097 1249 Nerill'
1138 1213 1180 1248 de
1217 1209 1654 1248 ‹lami3.——Ma11dat11n1
1694 1211 1753 1247 est
1791 1208 1921 1247 eidem
1960 1207 2131 1246 Ricardo

422 1275 530 1325 quod
568 1275 610 1313 in
649 1274 770 1313 ballia
809 1288 882 1313 sua
926 1273 1072 1312 habere
1111 1274 1231 1312 faciat
1274 1273 1456 1312 Johanni
1495 1272 1542 1310 de
1578 1272 1722 1310 Nevill'
1763 1272 1940 1321 quinque
1978 1271 2128 1316 clamos,

423 1338 471 1376 de
508 1338 613 1375 dono
652 1337 767 1387 regis.
853 1338 970 1375 Teste
1009 1349 1100 1386 rege
1139 1336 1246 1386 apud
1284 1335 1465 1385 Noting’,
1501 1334 1575 1385 iiij.
1617 1335 1680 1373 die
1722 1332 1984 1384 Septembris.
2056 1333 2131 1371 Per

425 1400 473 1438 R.
514 1399 646 1437 filium
686 1398 886 1437 Nicholai.

530 1470 771 1508 Mandatum
810 1472 870 1509 est
910 1469 1064 1507 Thome
1098 1469 1146 1506 (16
1176 1469 1373 1507 Muleton’
1405 1469 1511 1519 quod
1551 1468 1593 1505 in
1633 1467 1783 1505 foresta
1811 1467 1859 1505 de
1890 1466 2128 1515 Engelwud'

425 1533 570 1572 habere
622 1532 744 1570 faciat
815 1531 877 1570 W.
930 1531 1070 1570 comiti
1122 1530 1222 1569 Albe
1274 1531 1401 1569 Marle
1463 1531 1511 1568 de
1560 1530 1665 1568 dono
1721 1530 1843 1578 regis.
1930 1528 2047 1566 Teste
2086 1530 2130 1565 ut

423 1608 556 1646 supra.

532 1693 611 1729 Pro
650 1692 807 1740 quodam,
845 1689 1173 1728 conversa—Rex
1211 1689 1406 1739 magistro
1446 1689 1623 1727 Waltero
1655 1691 1694 1727 et
1728 1687 1863 1727 Jcscio
1897 1687 1981 1725 filio
2008 1685 2130 1732 Petri,

423 1753 656 1793 custodibus
694 1765 978 1791 conversorum
1009 1752 1210 1798 London‘,
1246 1754 1432 1790 salutem.
1493 1751 1699 1789 Mittimus
1738 1751 1787 1788 ad
1825 1763 1895 1788 vos
1929 1750 2131 1799 Rogerum

424 1828 662 1855 conversum
700 1815 748 1853 de
792 1815 971 1860 Parten’,
1014 1814 1127 1853 vobis
1173 1814 1417 1852 mandantes
1458 1814 1577 1863 quod,
1626 1814 1658 1851 si
1700 1813 1834 1862 ipsum
1879 1812 2049 1861 dignum
2095 1813 2133 1848 et

423 1880 614 1918 idoneum
652 1878 884 1916 inveneritis
923 1878 1028 1927 quod
1066 1879 1170 1915 inter
1203 1877 1302 1915 alios
1342 1890 1567 1923 conversos,
1609 1877 1677 1926 qui
1717 1879 1812 1914 sunt
1862 1875 1904 1912 in
1950 1873 2133 1913 custodia

424 1945 568 1988 vestra,
609 1941 771 1979 admitti
819 1940 975 1987 debeat,
1029 1944 1126 1979 tunc
1176 1940 1348 1978 eundem
1392 1942 1594 1989 Rogeruin
1647 1939 1873 1977 admittatis
1923 1940 1961 1975 et
2011 1936 2132 1974 talem

424 2003 697 2043 liberationem
735 2002 770 2041 ei
807 2002 952 2041 habere
991 2002 1152 2040 faciatis
1199 2002 1360 2052 qualem
1408 2002 1481 2039 uni
1529 2014 1816 2041 conversorum
1860 1999 2133 2050 predictorum

425 2065 571 2105 habere
609 2064 754 2104 facitis.
813 2065 930 2103 Teste
969 2066 1014 2103 ut
1052 2077 1186 2114 supra.

532 2171 589 2207 De
630 2171 743 2215 fustis
800 2168 1214 2207 datis.-Mandatum
1263 2171 1323 2206 est
1381 2167 1551 2218 Hugoni
1610 2167 1694 2206 filio
1754 2166 1930 2213 Roberti,
1978 2167 2134 2205 custodi

424 2233 569 2271 foreste
615 2231 718 2281 regis
765 2231 812 2269 (16
861 2231 1023 2282 Shyrlet
1069 2234 1110 2269 et
1158 2231 1205 2268 de
1253 2230 1292 2268 la
1340 2231 1438 2281 Lye,
1479 2231 1585 2281 quod
1632 2229 1777 2268 habere
1827 2229 1950 2267 faciat
2000 2228 2135 2267 abbati

426 2294 587 2345 Salopie
623 2293 854 2344 quindecim
893 2293 1001 2331 fnsta
1038 2293 1080 2330 in
1120 2293 1269 2331 foresta
1307 2293 1353 2330 de
1391 2293 1430 2330 la
1463 2293 1547 2343 Lye
1580 2292 1628 2330 ad
1664 2292 1941 2341 operationem
1973 2290 2134 2329 ecclesie

427 2370 508 2404 sue,
549 2357 597 2394 de
634 2357 739 2395 dono
776 2355 893 2405 regis.
971 2356 1089 2394 Teste
1126 2368 1217 2405 rege
1256 2355 1361 2405 apud
1400 2355 1582 2405 Noting’,
1625 2368 1662 2393 v.
1704 2354 1767 2392 die
1809 2353 2072 2403 Septembris.

535 2463 592 2500 De
624 2463 746 2499 damis
784 2460 1194 2499 datis.—Ma11datu1n
1233 2464 1292 2500 est
1331 2460 1511 2499 Johanni
1551 2460 1598 2497 de
1646 2458 1790 2497 Nevill’
1839 2458 1944 2508 quod
1991 2457 2137 2496 habere

426 2523 548 2563 faciat
596 2523 801 2563 Willelmo
847 2523 895 2561 de
951 2522 1181 2572 Cantilupo,
1226 2523 1390 2574 juniori,
1435 2523 1534 2562 duos
1591 2523 1732 2560 damos
1787 2521 1828 2558 in
1886 2521 2036 2560 foresta
2089 2520 2136 2558 (16

428 2586 647 2637 Rokingh',
687 2586 735 2624 de
773 2586 878 2624 dono
918 2585 1035 2636 regis.
1106 2586 1222 2624 Teste
1266 2589 1310 2624 ut
1349 2599 1484 2635 supra.

537 2693 615 2730 Pro
666 2692 889 2730 Baldewz'no
938 2693 980 2728 cie
1031 2691 1378 2740 Cm·tegsat'.—Rex
1425 2689 1653 2729 vicecomiti
1720 2688 1894 2727 Eboraci
1952 2687 2137 2726 salutem.

428 2755 531 2802 Quia
568 2756 836 2804 protestatum
876 2756 936 2791 est
974 2766 1109 2792 coram
1149 2753 1264 2792 nobis
1303 2753 1408 2803 quod
1448 2752 1707 2791 Balclewinus
1747 2752 1793 2789 de
1835 2753 2045 2799 Cortegate
2093 2749 2140 2787 de

431 2817 693 2867 Scardeburg’
732 2816 952 2866 appellavit
993 2816 1202 2855 Simonem
1242 2816 1537 2854 Flandrensem
1577 2816 1625 2853 (16
1665 2818 1795 2853 morte
1836 2813 2019 2863 Gregorii
2068 2812 2141 2850 filii

428 2880 505 2927 sui,
526 2880 595 2930 qui
628 2893 697 2930 pei·
727 2878 1000 2917 infortunium
1030 2878 1262 2917 submersus
1290 2878 1368 2916 fuit
1399 2879 1441 2916 in
1475 2881 1593 2928 portu
1628 2878 1676 2916 de
1710 2876 1988 2925 scardeburg,
2011 2874 2139 2913 cordis

429 2943 633 2981 anxietate
680 2945 718 2981 et
765 2942 899 2980 dolore
946 2941 1074 2980 nimio
1120 2954 1239 2991 quem
1299 2941 1480 2990 concepit
1541 2940 1749 2979 occasione
1811 2938 1954 2977 mortis
2015 2936 2141 2986 ipsius

430 3004 613 3055 Gregorii
650 3007 688 3042 et
726 3017 808 3042 non
846 3016 891 3042 eo
929 3003 1035 3053 quod
1072 3003 1179 3041 idem
1235 3003 1376 3043 Simon
1430 3003 1478 3041 de
1525 3002 1705 3052 predicta
1753 3004 1882 3039 morte
1929 2998 2141 3048 culpabilis

428 3067 519 3113 fuit,
558 3070 597 3105 et
635 3066 739 3105 sicut
776 3066 884 3104 idem
922 3066 1183 3104 Baldewinus
1223 3065 1454 3115 recognovit
1492 3078 1627 3103 coram
1667 3061 1971 3103 coronatoribus
2019 3060 2138 3099 comi-

428 3132 538 3168 tatus
598 3128 681 3174 tui;
741 3127 814 3166 tibi
876 3127 1153 3176 significamus
1214 3128 1321 3178 quod
1382 3127 1587 3177 appellum
1656 3125 1755 3163 illud
1826 3124 1985 3162 nullum
2055 3134 2140 3160 esse

429 3194 663 3241 reputamus
710 3193 749 3229 et
796 3202 866 3239 pro
913 3189 1028 3228 nullo
1076 3188 1286 3228 habemus.
1373 3189 1428 3227 Et
1476 3189 1564 3227 ideo
1612 3188 1685 3227 tibi
1745 3186 1987 3236 precipimus
2034 3184 2139 3234 quod

430 3253 656 3302 predictum
732 3252 941 3291 Simonem
1015 3251 1223 3290 occasione
1297 3250 1472 3300 predicte
1528 3250 1671 3288 mortis
1728 3247 1998 3287 attachiatum
2055 3245 2142 3284 sine

429 3315 621 3353 dilatione
658 3313 870 3353 deliberari
908 3312 1032 3352 facias
1070 3316 1109 3352 et
1147 3313 1269 3352 libere
1306 3316 1345 3352 et
1384 3312 1470 3351 sine
1503 3311 1795 3362 impedimento
1842 3321 1921 3359 quo
1970 3306 2141 3347 voluerit

430 3378 565 3427 ipsum
602 3376 710 3416 abire
747 3375 971 3426 permittas.
1049 3375 1167 3414 Teste
1204 3378 1248 3414 ut
1288 3388 1421 3425 supra.
