2375 3587
178 214 231 253 10

240 335 382 382 1234.

238 403 296 441 [m.
315 400 381 439 25.]

1099 204 1282 247 CLOSE
1327 203 1530 246 ROLLS.

472 419 592 443 manu
630 418 701 443 sua
740 406 827 453 post
865 405 1035 440 mortem
1074 400 1240 450 predicti
1286 398 1438 443 Briani,
1479 401 1517 436 et
1567 398 1613 435 de
1662 395 1806 446 quibus
1858 395 1965 433 idem
2017 394 2159 431 Petrus

471 481 539 516 per
576 480 741 505 manum
780 469 1025 504 escaetorum
1072 463 1173 513 regis
1204 462 1366 500 domino
1414 460 1495 508 regi
1538 458 1774 507 respondere
1822 455 2045 494 tenebatur.
2104 454 2160 491 Et

470 530 708 567 mandatum
748 531 806 566 est
844 526 1108 565 escaetoribus
1156 524 1343 574 predictis
1390 521 1495 570 quod
1539 521 1584 558 de
1619 518 1807 569 predictis
1846 517 1983 567 xxviij.
2022 516 2158 554 solidis

468 591 520 628 ix.
561 590 732 628 denariis
766 598 803 627 et
842 588 955 626 obolo
993 588 1120 625 eidem
1150 587 1268 624 Petro
1298 596 1435 634 pacem
1474 581 1617 620 habere
1658 580 1910 630 permittant.
1970 579 2085 616 Teste
2116 580 2160 614 ut

470 665 601 702 supra.

575 769 630 804 Dr*
669 774 825 814 respectu
862 766 1001 813 lassad-1¹
1040 765 1134 800 inter
1174 762 1333 799 abbatem
1386 762 1428 795 tle
1471 760 1575 795 lima
1612 765 1644 794 «st
1681 758 1771 794 cives
1809 753 2158 802 II'Jsntom'e.—Rex

466 827 687 866 vicecomiti
723 827 840 864 b‘uht’
874 825 1056 863 salutem.
1135 823 1245 862 Scias
1286 822 1389 870 quod
1430 819 1641 868 loquelam,
1682 831 1756 867 11116
1790 820 1849 854 est
1880 828 2014 853 coram
2044 813 2158 852 nobis

468 890 569 926 inter
611 889 713 926 cives
749 890 906 925 nostros
950 885 1154 922 Wintonie
1197 887 1235 921 et
1273 882 1457 920 abbatem
1500 881 1546 917 de
1588 879 1707 929 Hyda
1747 879 1793 915 de
1829 874 2157 915 contentionibus

466 950 562 988 ortis
619 950 722 986 inter
767 961 831 985 eos
880 948 926 985 de
974 945 1212 996 quibusdam
1270 941 1532 985 libertatibus,
1587 940 1791 989 posuimus
1841 938 1882 975 in
1933 939 2157 985 respectum

466 1024 588 1060 usque
626 1011 673 1047 ad
717 1009 941 1058 proximum
980 1008 1197 1045 adventum
1238 1009 1419 1042 nostrum
1473 1003 1578 1051 apud
1617 1001 1894 1051 XVyntoniam.
1965 999 2020 1036 Et
2068 998 2155 1035 ideo

466 1072 538 1111 tibi
576 1071 816 1121 precipimus
845 1071 949 1120 quod
980 1069 1140 1106 interim
1176 1068 1267 1104 inde
1298 1067 1452 1103 nullam
1483 1064 1605 1102 facias
1635 1062 1953 1112 inquisitionem.
2042 1060 2159 1097 Teste

467 1147 554 1183 rege
593 1139 636 1170 ut
678 1145 808 1181 supra.

574 1251 651 1287 Pro
691 1249 857 1284 Halm-tn
895 1248 937 1282 «le
981 1247 1119 1293 Marsya,
1161 1245 1287 1280 comite
1332 1240 1787 1279 Ii'a›zce'mfiMandatum
1832 1241 1890 1276 est
1934 1237 2159 1276 vicecomiti

465 1313 586 1350 Lanc'
617 1310 721 1359 quod
751 1309 834 1346 sine
863 1307 1053 1345 dilatione
1082 1305 1191 1343 reddi
1222 1304 1342 1343 faciat
1373 1302 1554 1341 Huberto
1584 1303 1630 1339 de
1660 1303 1809 1350 Bur-go,
1829 1300 1966 1339 comiti
1995 1299 2157 1345 Kancie,

464 1373 599 1412 omnia
642 1371 786 1409 catalla
830 1373 867 1407 et
912 1369 1091 1406 instaura
1128 1380 1211 1412 sua,
1252 1366 1487 1414 ubicumque
1536 1365 1698 1402 inventa
1751 1362 1902 1400 fuerint
1950 1362 1988 1399 in
2041 1361 2158 1400 hallia

465 1449 547 1479 sua,
578 1447 651 1483 que
681 1436 796 1481 capta
835 1432 997 1468 fuerunt
1039 1429 1079 1466 in
1119 1441 1285 1466 manum
1326 1427 1427 1473 regis
1466 1427 1526 1464 vel
1566 1425 1682 1463 aliter
1721 1425 1913 1462 distracta
1952 1423 2157 1462 occasione

464 1495 658 1545 captionis
696 1508 763 1532 sue
801 1497 837 1531 et
877 1491 1164 1539 indignationis
1203 1503 1323 1539 quam
1362 1489 1548 1527 dominus
1590 1501 1655 1525 rex
1694 1500 1787 1536 erga
1825 1499 1917 1524 eum
1961 1485 2156 1535 concepit,

465 1559 541 1596 nisi
583 1557 723 1596 catalla
762 1556 830 1592 illa
868 1555 1027 1592 vendita
1066 1553 1216 1590 fuerint
1254 1566 1322 1601 per
1360 1564 1526 1589 manum
1566 1550 1805 1588 ballivorum
1844 1548 1946 1598 regis
1981 1549 2029 1586 ad
2060 1561 2159 1597 opus

464 1621 567 1670 regis
605 1620 665 1657 vel
703 1619 795 1656 data
834 1630 900 1666 per
939 1620 1168 1665 preceptum
1208 1628 1339 1653 suum.
1418 1614 1533 1651 Teste
1573 1616 1616 1650 ut
1656 1626 1788 1661 supra.

571 1706 808 1743 Mandatum
856 1707 914 1741 est
961 1702 1132 1740 Roberto
1179 1702 1226 1739 de
1283 1701 1509 1750 Cuygneres
1565 1700 1670 1748 quod
1726 1699 1862 1737 onmia
1919 1699 2064 1737 catalla
2122 1702 2160 1736 et

463 1769 652 1813 instaura,
692 1780 766 1817 que
805 1767 965 1803 fuerunt
1004 1764 1180 1814 ejusdcm
1222 1763 1393 1801 Huberti
1423 1766 1461 1800 ot
1491 1775 1565 1812 que
1597 1763 1762 1799 fuerunt
1792 1762 1833 1798 in
1865 1761 2047 1799 custodia
2076 1761 2160 1799 Ade

463 1831 509 1868 de
548 1830 727 1867 Yelaund
765 1832 802 1866 et
841 1830 976 1876 postea
1014 1827 1054 1863 in
1103 1839 1185 1871 sua,
1234 1826 1279 1863 do
1328 1825 1442 1863 bonis
1490 1824 1572 1862 suis
1619 1837 1693 1874 que
1741 1827 1859 1873 capta
1907 1824 2071 1861 fuerunt
2117 1823 2158 1860 in

464 1905 630 1930 manum
668 1891 769 1940 regis
807 1890 1012 1928 occasione
1050 1888 1245 1938 captionis
1285 1901 1352 1925 sue
1399 1891 1437 1925 et
1476 1887 1768 1936 indignationis
1807 1899 1928 1936 quam
1968 1899 2035 1924 rex
2065 1899 2158 1935 erga

464 1967 554 1992 eum
593 1953 784 2002 concepit,
824 1952 949 1989 eidem
989 1950 1170 1988 Huberto
1209 1950 1292 1988 sine
1337 1949 1529 1987 dilatione
1568 1949 1677 1986 reddi
1716 1949 1850 1987 faciat.
1951 1949 2068 1986 Teste
2115 1951 2159 1987 ut

465 2029 595 2065 supra.

576 2133 649 2167 l’m»
688 2131 893 2167 limma-him
933 2131 975 2165 «lv
1018 2128 1501 2165 [latalaum‚elmuinus
1540 2140 1605 2165 rex
1635 2126 1829 2166 concessit
1859 2125 2082 2164 Eustachio
2111 2123 2159 2160 de

466 2193 696 2230 Loudeham
735 2205 802 2240 per
840 2194 989 2229 cartam
1029 2203 1142 2228 suam
1181 2203 1300 2240 quam
1339 2190 1372 2227 ei
1413 2190 1495 2227 lieri
1537 2189 1643 2235 fecit,
1679 2189 1783 2239 quod
1814 2189 1897 2237 ipso
1927 2191 1965 2226 et
1995 2187 2158 2225 heredes

467 2254 526 2292 5111
564 2253 735 2291 habeant
765 2257 802 2290 et
836 2256 998 2290 teneant
1028 2253 1074 2290 de
1105 2265 1193 2301 rege
1222 2256 1260 2289 et
1290 2252 1501 2289 heredibus
1532 2252 1613 2289 suis
1644 2252 1733 2289 illas
1764 2251 1932 2300 triginta
1967 2249 2158 2287 solidatas

466 2317 641 2354 redditus
697 2329 787 2353 cum
844 2315 1096 2364 pertinentiis
1153 2315 1234 2352 suis
1291 2328 1389 2364 quas
1445 2314 1647 2352 Henricus
1705 2313 1863 2363 Corbyn
1921 2312 2051 2350 tenuit
2117 2310 2158 2347 in

467 2378 668 2415 Karleton'
708 2377 749 2414 in
788 2376 1019 2426 Lyndrich',
1060 2376 1257 2414 reddendo
1296 2376 1387 2413 inde
1426 2376 1507 2424 regi
1547 2379 1584 2413 et
1623 2374 1836 2413 heredibus
1874 2374 1957 2412 suis
1987 2372 2158 2422 singulis

465 2439 582 2477 annis
620 2439 668 2476 ad
713 2439 962 2477 Scaccarium
1010 2439 1162 2476 Pasche
1209 2451 1275 2476 sex
1322 2438 1505 2475 denarios
1553 2451 1623 2487 pro
1671 2437 1781 2476 omni
1830 2436 2005 2482 servitio⁷
2055 2435 2157 2473 sicut

466 2502 664 2551 predictus
702 2501 898 2538 Henricus
937 2514 1001 2538 eos
1040 2501 1198 2538 reddere
1237 2500 1457 2544 consuevit,
1498 2501 1623 2538 donec
1662 2513 1729 2538 rex
1776 2499 1838 2538 vel
1885 2498 2049 2536 heredes
2098 2497 2159 2535 sui

465 2563 663 2601 redditum
702 2563 815 2599 illum
856 2562 1098 2600 reddiderint
1136 2562 1252 2600 rectis
1287 2562 1498 2600 heredibus
1532 2575 1601 2611 per
1635 2575 1773 2611 pacem
1808 2561 1870 2599 vel
1905 2561 2158 2599 voluntatem

466 2638 591 2670 suam,
633 2625 734 2662 sicut
772 2624 928 2672 plenius
966 2625 1194 2662 continetur
1232 2625 1273 2661 in
1322 2628 1429 2662 carta
1468 2625 1658 2673 predicta.
1745 2624 1800 2661 Et
1831 2623 2070 2661 mandatum
2099 2625 2158 2659 est

464 2686 685 2724 vicecomiti
715 2686 889 2734 Noting’
938 2686 1043 2734 (111011
1090 2686 1136 2723 de
1184 2686 1371 2734 predictis
1419 2686 1586 2735 triginta
1626 2685 1804 2724 solidatis
1844 2684 2023 2723 redditus
2064 2696 2156 2721 cum

466 2747 716 2796 pertinentiis
763 2750 836 2784 etc.
886 2747 1044 2795 plenam
1093 2747 1280 2785 seisinam
1329 2748 1506 2796 predicto
1555 2747 1777 2786 Eustachio
1826 2746 1970 2784 habere
2019 2745 2154 2789 faciat,

468 2809 567 2846 sicut
612 2808 833 2857 predictum
872 2811 943 2846 est.
1021 2809 1136 2846 Teste
1174 2813 1218 2846 ut
1257 2822 1390 2858 supra.
1644 2805 1649 2811 ’

578 2925 649 2960 Pro
702 2924 882 2960 willelm
929 2925 1285 2972 (sleaJ›e›·zm.——Rex
1332 2925 1528 2962 concessit
1574 2924 1781 2962 Willelmo
1823 2924 2037 2973 Chaperun
2087 2936 2156 2973 per

466 2987 615 3022 cartam
654 2997 766 3021 suain
806 2987 951 3021 terram
991 2997 1081 3022 cum
1126 2985 1382 3034 pertinentiis
1430 2986 1471 3022 in
1518 2985 1679 3035 Coleby,
1715 2999 1790 3035 que
1841 2985 1918 3023 fuit
1961 2984 2156 3022 Willelmi

469 3046 590 3083 Malet
637 3046 682 3082 de
733 3045 981 3091 Gerardvill'‚
1046 3049 1083 3084 et
1143 3060 1262 3095 quam
1315 3047 1420 3084 idem
1482 3048 1710 3085 willelmus
1779 3047 1991 3097 Chaperun
2046 3047 2156 3095 prius

468 3106 606 3144 habuit
644 3107 689 3143 de
728 3106 847 3143 ballio
886 3107 1000 3155 regis,
1041 3106 1267 3145 habendam
1306 3111 1344 3145 et
1384 3108 1598 3146 tenendam
1637 3109 1683 3146 de
1722 3121 1811 3156 rege
1858 3112 1897 3145 et
1945 3106 2157 3145 heredibus

468 3168 547 3205 suis
585 3168 680 3205 adeo
718 3167 849 3213 libere,
883 3169 1013 3217 quiete
1052 3171 1090 3206 et
1128 3169 1280 3218 integre
1318 3183 1409 3207 cum
1448 3169 1635 3207 omnibus
1669 3169 1922 3207 libertatibus
1956 3172 1994 3206 et
2025 3168 2158 3206 liberis

466 3229 818 3266 consuetudinibus
869 3230 917 3266 ad
973 3230 1193 3278 predictam
1243 3235 1390 3268 terram
1440 3231 1748 3280 pertinentibus,
1799 3231 1902 3269 sicut
1955 3230 2157 3279 predictus

469 3290 692 3328 Willelmus
731 3291 854 3328 Malet
901 3291 1013 3328 illam
1058 3292 1187 3329 tenuit
1231 3292 1272 3329 in
1315 3306 1439 3330 manu
1485 3306 1569 3337 sua,
1610 3293 1734 3331 donec
1779 3305 1847 3330 rex
1895 3292 1957 3330 vel
1996 3292 2158 3329 heredes

468 3351 529 3388 sui
566 3364 653 3388 eam
692 3351 934 3389 reddiderint
978 3352 1189 3391 heredibus
1222 3353 1388 3402 predicti
1422 3354 1614 3392 Willelmi
1648 3354 1773 3391 Malet
1805 3366 1873 3403 per
1906 3353 2158 3391 voluntatem
