2375 3587
269 196 351 236 368

336 318 477 368 1236.

324 385 384 424 [m.
408 382 485 423 Sa]

1199 194 1385 237 OLOSE
1426 194 1630 237 ROLLS.

563 393 722 439 dicitur,
780 395 997 439 tenentem,
1038 393 1085 431 de
1142 392 1311 430 dimidia
1367 394 1552 431 carucata
1608 394 1709 431 terre
1765 405 1857 431 cum
1909 392 2166 442 pertinentiis
2222 392 2263 429 in

564 455 769 501 XVestcot',
808 458 932 504 ponat
971 455 1012 492 in
1052 458 1276 504 respectum
1320 467 1444 504 usque
1491 455 1539 492 ad
1588 454 1817 503 proximum
1856 454 2094 493 comitatum
2143 467 2262 492 suum

562 520 653 566 post
695 517 941 566 quindenam
982 516 1121 555 Sancti
1169 516 1333 554 Hillarii
1382 529 1489 554 anno
1537 516 1649 565 regni
1687 516 1815 554 nostri
1854 517 1963 566 xxj.;
2010 519 2049 554 et
2087 516 2121 554 si
2157 515 2262 554 idem

562 578 684 616 abbas
731 579 923 616 defaltam
972 578 1148 628 aliquam
1200 578 1293 617 fecit
1331 580 1421 627 post
1459 578 1680 627 predictam
1719 578 2028 617 translationem
2067 590 2182 616 suam
2220 578 2262 615 in

561 640 756 678 comitatu
796 653 867 679 suo
905 641 1111 678 occasione
1151 639 1325 688 predicte
1365 643 1479 686 terre,
1502 640 1693 678 nolumus
1730 640 1864 689 ipsum
1903 643 2064 689 propter
2100 640 2176 678 hoc
2219 639 2262 676 in

561 702 695 752 aliquo
742 715 826 740 esse
873 702 1120 751 perdentem,
1169 701 1262 750 quia
1309 701 1502 739 defaltam
1550 701 1679 750 ipsam
1729 714 1799 751 pro
1846 702 1958 739 nulla
2014 703 2261 750 reputamus.

563 763 679 801 Teste
717 776 807 812 rege
846 763 950 812 apud
989 762 1254 812 wigorniam,
1298 776 1360 800 xx.
1401 763 1465 801 die
1504 763 1616 801 Julii.

670 843 912 880 Mandatum
960 844 1019 880 est
1066 842 1220 880 custodi
1267 844 1406 892 portus
1446 842 1588 881 Dovor’
1628 843 1734 893 quod
1771 841 2000 892 passagium
2037 841 2179 891 prioris
2217 842 2265 880 de

562 904 737 949 Wenloc,
761 917 880 953 quem
918 903 1106 942 dominus
1142 916 1209 941 rex
1249 904 1374 942 mittit
1412 904 1454 942 in
1494 904 1688 943 nuntium
1728 917 1847 943 suum
1886 904 1936 942 ad
1969 905 2102 953 partes
2135 905 2264 942 trans-

561 965 750 1011 marinas,
799 968 997 1015 quantum
1045 965 1192 1014 poterit
1230 966 1440 1004 accelerari
1479 966 1614 1012 faciat,
1655 979 1727 1005 nec
1765 966 1926 1016 aliquod
1963 965 2152 1015 paagium
2190 965 2266 1004 hac

561 1027 645 1065 vice
693 1026 741 1065 ab
787 1040 832 1065 eo
879 1027 941 1065 vel
989 1026 1221 1065 hominibus
1259 1028 1342 1066 suis
1381 1041 1452 1077 pro
1491 1027 1675 1078 passagio
1712 1027 1890 1077 predicto
1928 1026 2073 1076 capiat.
2148 1026 2265 1066 Teste

561 1102 651 1139 rege
688 1092 733 1127 ut
772 1102 904 1139 supra.

671 1192 1053 1240 Salopim—-Amilia
1108 1205 1208 1230 uxor
1264 1192 1427 1231 Roberti
1485 1193 1532 1230 de
1591 1193 1758 1232 Clifton'
1816 1192 2038 1231 attornavit
2092 1192 2265 1230 eundem

562 1253 783 1293 Robertum
840 1268 978 1293 versus
1034 1255 1163 1292 Adam
1220 1255 1267 1293 de
1327 1255 1549 1294 Shenetan'
1606 1258 1644 1293 et
1697 1255 1905 1293 Julianam
1953 1267 2117 1293 uxorem
2165 1254 2264 1305 ejus,

563 1316 774 1354 Danielem
809 1317 856 1354 de
886 1317 1059 1367 Harleye
1089 1320 1127 1355 et
1162 1317 1402 1355 Richoldain
1436 1330 1601 1354 uxorem
1633 1317 1731 1367 ejus,
1768 1317 1984 1355 Ricardum
2016 1317 2064 1355 de
2094 1316 2266 1366 Harleye

562 1382 599 1417 et
632 1378 791 1417 Sarram
822 1391 984 1416 uxorem
1015 1379 1115 1428 ejus,
1143 1378 1422 1424 deforciantes,
1446 1378 1493 1416 de
1524 1378 1883 1417 consuetudinibus
1912 1380 1951 1416 et
1980 1378 2158 1417 serviciis
2191 1391 2266 1427 que

562 1441 763 1490 predictus
796 1442 878 1492 (sie)
913 1440 1110 1479 Robertus
1149 1444 1187 1479 et
1227 1441 1377 1478 Amilia
1410 1439 1458 1479 ab
1489 1441 1544 1479 eis
1581 1440 1748 1490 exigunt
1785 1441 1833 1479 de
1863 1440 1987 1479 libero
2019 1443 2264 1488 tenemento,

562 1504 666 1554 quod
704 1504 750 1541 de
790 1504 845 1541 eis
884 1506 1022 1542 tenent
1060 1503 1100 1540 in
1140 1502 1415 1541 Beleswurth'.

674 1608 1085 1646 &lamen—{Iohannes
1115 1608 1150 1644 le
1182 1608 1430 1656 Flennneng’
1460 1607 1680 1645 attornavit
1709 1607 1926 1646 Ricardum
1957 1608 1992 1645 le
2019 1607 2267 1657 Flemmeng'

563 1683 700 1708 versus
748 1670 877 1707 Adam
925 1670 972 1707 ‹le
1021 1670 1184 1708 Tenacr'
1232 1673 1270 1708 et
1317 1669 1489 1708 Aliciam
1538 1682 1702 1708 uxorem
1751 1670 1837 1720 ejus
1884 1669 2164 1716 deforcianteS,
2220 1670 2267 1708 de

564 1731 924 1771 consuetudinibus
972 1734 1010 1770 et
1058 1732 1235 1770 serviciis
1282 1745 1357 1781 que
1410 1732 1516 1769 idem
1579 1732 1788 1770 Johannes
1840 1732 1964 1781 exigit
2012 1745 2034 1769 a
2080 1731 2269 1782 predictis

565 1794 650 1832 Ada
688 1797 726 1832 et
766 1793 895 1832 Alicia
934 1794 981 1831 de
1020 1796 1253 1831 tenemento
1293 1793 1335 1830 in
1375 1793 1622 1832 Rissindon'.

672 1873 908 1911 Mandatum
970 1876 1029 1910 est
1086 1872 1133 1910 G.
1191 1872 1237 1910 de
1297 1872 1524 1918 Tui-revill',
1584 1872 1867 1910 archidiacono
1923 1871 2164 1910 Dublinensi
2229 1875 2268 1912 et

562 1934 811 1974 thesaurario
850 1934 965 1983 regis,
1005 1934 1110 1983 quod
1149 1934 1190 1971 in
1230 1933 1306 1972 fide
1343 1947 1422 1983 qua
1461 1937 1620 1972 tenetur
1658 1934 1823 1972 domino
1862 1934 1944 1983 regi
1982 1933 2095 1972 omni
2133 1934 2266 1973 studio

563 2000 601 2036 et
649 1996 859 2045 diligentia
905 2009 982 2045 qua
1029 1995 1176 2044 poterit
1224 1999 1338 2034 caute
1387 1996 1603 2045 investiget
1641 1996 1688 2034 de
1728 1998 1836 2034 statu
1875 1995 2060 2045 Magistri
2100 1995 2266 2034 Walteri

563 2058 694 2097 clerici
728 2058 882 2096 domini
921 2057 1195 2107 Imperatoris,
1236 2058 1409 2107 qualiter
1443 2070 1483 2095 se
1522 2061 1633 2107 gerat
1677 2058 1718 2095 in
1757 2056 1938 2107 partibus
1976 2057 2057 2096 illis
2095 2060 2134 2096 et
2171 2058 2266 2108 quid

564 2121 749 2159 intendat
796 2123 833 2158 et
881 2132 956 2169 que
1003 2119 1123 2157 fuerit
1171 2132 1292 2157 causa
1339 2120 1537 2158 adventus
1586 2119 1647 2158 sui
1696 2120 1737 2157 in
1781 2118 2036 2166 Hiberniam,
2076 2122 2114 2158 et
2163 2120 2267 2159 circa

564 2196 683 2232 quem
723 2182 804 2220 sive
841 2194 940 2232 quos
977 2181 1220 2219 familiarius
1260 2185 1517 2220 conversetur
1554 2185 1593 2220 et
1627 2182 1660 2220 si
1698 2182 1795 2232 quid
1833 2182 2011 2231 exploret
2050 2182 2155 2232 quod
2194 2195 2266 2221 nos

564 2245 627 2283 161
665 2248 813 2283 terram
852 2246 1033 2281 nostram
1067 2247 1209 2292 tangat
1248 2247 1286 2282 et
1321 2244 1436 2294 cujus
1476 2244 1558 2282 5116
1595 2257 1765 2294 quorum
1805 2244 1974 2283 consilio
2007 2246 2266 2293 properetur3

566 2311 604 2345 et
640 2307 744 2356 quod
783 2306 875 2343 inde
913 2306 1154 2355 inquisierit,
1196 2306 1269 2344 sub
1304 2306 1564 2345 festinatione
1604 2306 1794 2345 secretius
1842 2307 2006 2345 domino
2045 2307 2128 2357 regi
2167 2306 2266 2345 scire

566 2368 700 2414 faciat,
753 2368 1056 2416 investigationi
1112 2368 1288 2418 predicte
1345 2368 1480 2406 taliter
1536 2369 1769 2407 insistentes
1818 2369 1923 2419 quod
1979 2369 2072 2407 inde
2122 2369 2267 2408 merito

566 2431 692 2479 possit
730 2430 1016 2468 commendari.
1102 2431 1217 2468 Teste
1256 2443 1347 2479 rege
1385 2431 1490 2479 apud
1530 2430 1796 2480 Wigorniam,
1836 2430 1948 2481 xxiij.
1987 2431 2050 2468 die
2089 2430 2201 2469 Julii.

676 2509 759 2546 Rex
795 2508 940 2546 dilecto
977 2511 1016 2546 et
1055 2508 1162 2546 fideli
1211 2521 1282 2547 suo
1325 2508 1482 2547 Simoni
1530 2509 1577 2546 de
1625 2509 1791 2558 Roppel’
1841 2512 1880 2547 et
1929 2508 2046 2547 sociis
2089 2509 2171 2547 suis
2218 2509 2267 2547 ad

568 2570 740 2619 gaiolam
774 2570 886 2608 Linc'
921 2569 1236 2616 deliberandam,
1270 2571 1455 2608 salutem.
1525 2570 1629 2617 Quia
1660 2570 1890 2609 audivimus
1920 2571 2025 2620 quod
2059 2571 2268 2609 Johannes

567 2632 675 2670 filius
714 2632 847 2668 Baldr'
888 2634 927 2669 et
966 2631 1168 2669 Heni-icus
1207 2632 1315 2670 filius
1355 2632 1455 2682 Toly
1493 2634 1532 2670 et
1570 2632 1704 2681 Agnes
1753 2645 1853 2670 uxor
1899 2633 1986 2682 ejus
2033 2633 2268 2671 detinentur

568 2695 610 2731 in
658 2694 821 2743 prisona
868 2696 1007 2731 nostra
1052 2693 1157 2742 apud
1206 2693 1321 2732 Linc'
1365 2706 1434 2742 per
1472 2694 1677 2743 appellum
1724 2694 1936 2744 cujusdam
1975 2694 2155 2732 mulieris
2192 2707 2268 2744 que

569 2769 635 2795 eos
682 2755 830 2805 apellat
877 2755 923 2793 de
970 2759 1099 2793 morte
1147 2756 1359 2793 Laurentii
1408 2756 1482 2793 filii
1530 2756 1667 2794 Baldr’
1708 2756 1783 2794 viri
1831 2756 1906 2802 sui,
1947 2759 1986 2795 et
2038 2757 2085 2794 de
2123 2756 2267 2806 quibus

570 2818 697 2856 nichil
736 2819 871 2855 actum
910 2817 988 2855 fuit
1027 2829 1118 2855 cum
1158 2818 1341 2866 producti
1379 2821 1514 2856 essent
1551 2831 1685 2856 coram
1724 2818 1870 2857 dilecto
1908 2821 1947 2856 et
1984 2818 2093 2856 fideli
2131 2821 2269 2857 nostro

570 2879 774 2918 Willelmo
802 2879 849 2916 de
880 2878 1061 2917 Eboraco
1095 2882 1134 2917 et
1167 2879 1283 2918 sociis
1316 2880 1411 2926 suis,
1434 2879 1669 2930 justiciariis
1703 2880 1770 2930 qui
1804 2880 1949 2919 ultimo
1979 2880 2270 2919 itineraverunt

570 2942 612 2979 in
665 2941 861 2979 comitatu
917 2940 1049 2986 Linc',
1106 2954 1151 2978 eo
1203 2942 1308 2991 quod
1364 2944 1461 2980 tunc
1518 2944 1713 2980 testatum
1770 2941 1848 2980 fuit
1904 2942 2011 2991 quod
2066 2942 2268 2991 predictus

572 3002 817 3041 Laurentius
873 3014 1034 3051 peregre
1090 3003 1291 3051 profectus
1356 3003 1434 3041 fuit
1498 3003 1603 3052 apud
1668 3003 1908 3041 Bromholm
1965 3006 2003 3042 et
2059 3016 2268 3052 nunquam

572 3067 756 3102 mortuus
805 3063 913 3101 visus
966 3063 1069 3109 fuit;
1132 3064 1244 3102 101115
1288 3065 1530 3102 mandamus
1582 3065 1687 3113 quod
1736 3065 1783 3102 de
1834 3064 1915 3102 illis
1964 3064 2091 3103 nichil
2139 3066 2269 3114 agatis

572 3139 706 3165 coram
752 3124 865 3163 vobis
913 3125 962 3162 ad
1010 3138 1186 3174 presens,
1227 3129 1287 3164 set
1326 3126 1417 3164 illos
1456 3138 1524 3175 per
1563 3125 1730 3164 ballium
1764 3126 1983 3165 dimittatis
2022 3126 2091 3176 xij.
2131 3126 2266 3176 probis

570 3186 804 3225 hominibus
842 3199 967 3235 usque
1005 3187 1055 3224 ad
1093 3187 1313 3226 adventum
1347 3187 1667 3236 justiciariorum
1707 3188 1756 3225 ad
1794 3187 1969 3237 primam
2008 3188 2176 3226 assisam
2224 3188 2266 3226 in

571 3252 703 3298 partes
732 3248 822 3286 illas
851 3247 1035 3286 venerint
1062 3249 1158 3300 (sic),
1189 3252 1233 3287 ut
1260 3249 1423 3287 interim
1454 3249 1545 3288 sciri
1573 3249 1700 3298 possit
1724 3252 1861 3287 utrum
1892 3249 1997 3287 idem
2024 3249 2269 3288 Laurentius

570 3311 723 3349 occisus
762 3310 883 3348 fuerit
921 3310 983 3348 161
1018 3322 1112 3357 non,
1149 3313 1187 3349 et
1226 3314 1364 3349 utrum
1403 3311 1480 3361 ipsi
1514 3311 1561 3349 de
1595 3311 1733 3349 eadem
1767 3314 1896 3350 morte
1930 3310 2149 3363 culpabiles
2184 3311 2267 3350 sint

570 3373 632 3412 vel
670 3385 764 3412 non.
842 3372 957 3411 Teste
996 3375 1041 3411 ut
1080 3385 1211 3422 supra.
