2375 3587
242 216 322 255 494

302 337 443 386 1237.

311 402 374 444 [m.
393 403 440 444 3·]

1174 216 1358 258 CLOSE
1404 216 1609 257 ROLLS.

651 413 725 449 Pro
773 427 885 449 uwore
937 414 1117 451 Willelmi
1165 412 1561 459 JIarescallzZ——Quia
1613 424 1680 449 rex
1735 411 1889 460 accepit
1930 412 2028 460 [per]
2079 409 2244 459 inquisi-

537 474 687 512 tionem
753 474 903 512 factam
964 487 1033 523 per
1096 477 1328 522 preceptum
1391 486 1509 510 suuni
1574 473 1679 521 quod
1736 472 1790 522 xij
1850 485 1937 510 acre
1995 474 2095 509 terre
2152 483 2244 508 cum

536 535 793 584 pertinentiis
830 549 931 585 quas
969 536 1198 574 Willelmus
1238 535 1510 580 Marescalffis,
1551 534 1618 583 qui
1658 535 1864 583 utlagatus
1897 537 1957 572 est
1995 546 2066 582 pro
2116 535 2245 571 morte

538 597 729 642 hominis,
770 601 815 635 ut
866 598 1026 642 dicitur,
1077 597 1208 643 tenuit
1246 597 1287 633 in
1334 597 1581 641 Brademar’,
1635 599 1730 634 sunt
1774 596 1838 645 jus
1889 599 1928 633 et
1984 594 2244 643 maritagium

539 659 657 697 Aline
696 660 831 697 uxoris
869 660 955 709 ejus
993 662 1032 696 et
1070 672 1150 696 non
1194 659 1258 708 jus
1296 661 1334 696 et
1365 658 1565 696 hereditas
1597 658 1722 706 ipsius
1761 657 1975 701 Willelini;
2006 656 2245 694 mandatum

538 725 598 760 est
637 721 861 760 vicecomiti
901 721 1062 769 Noting'
1102 721 1207 770 quod
1246 721 1373 758 eidem
1424 720 1541 757 Aline
1587 720 1633 758 de
1680 720 1779 769 ipsis
1825 720 1894 770 xij.
1944 719 2044 757 acris
2084 718 2245 768 plenam

538 784 728 822 seisinam
768 783 912 821 habere
950 783 1086 821 faciat.
1145 783 1262 821 Teste
1297 787 1340 820 ut
1376 796 1505 832 supra.

648 873 703 908 De
742 872 941 918 quercubus
971 869 1385 907 ‹lanta—Mandatum
1425 872 1484 907 est
1533 869 1713 906 -Johanni
1764 869 1811 906 de
1863 868 2007 906 Nevill'
2059 867 2165 918 quod
2203 867 2245 904 in

558 938 689 972 oresta
727 933 830 982 regis
869 933 916 970 de
956 932 1080 982 Clyva
1118 939 1229 970 extra
1268 944 1433 981 parcum
1474 932 1579 980 regis
1618 931 1739 969 faciat
1768 930 1914 969 habere
1954 931 2161 968 Willelmo
2199 930 2246 967 de

542 996 677 1045 Burgo
716 1009 783 1033 sex
821 1007 990 1044 quercus
1038 995 1087 1032 ad
1134 994 1399 1032 maeremium
1448 994 1680 1032 faciendum
1734 994 1783 1031 ad
1831 993 1971 1031 domos
2011 1005 2101 1030 suas
2140 993 2246 1041 apud

540 1059 720 1106 Burgum
759 1070 835 1106 que
874 1069 1000 1105 nuper
1038 1056 1247 1095 combuste
1285 1056 1449 1093 fuerunt
1496 1055 1795 1093 reedificandas.
1855 1055 1971 1092 Teste
2010 1058 2054 1092 ut
2092 1067 2226 1103 supra.

654 1156 728 1191 Pro
778 1155 940 1190 Nemesim
987 1152 1495 1190 balistarim—Mandatum
1553 1154 1613 1189 est
1660 1151 1793 1189 Aaron
1833 1154 1871 1189 et
1917 1152 2056 1197 Leoni,
2106 1151 2246 1189 Judeis

541 1215 728 1261 Eboraci,
778 1215 997 1253 Benedicto
1046 1215 1212 1263 Crespin
1261 1220 1300 1252 et
1348 1214 1478 1251 David
1527 1214 1574 1251 (16
1623 1213 1780 1251 Oxonia
1828 1216 1867 1250 et
1913 1213 2101 1251 omnibns
2156 1213 2246 1251 aliis

542 1278 681 1316 ‚Iudeis
722 1277 878 1326 Anglie,
916 1277 1022 1326 quod
1061 1290 1198 1315 curam
1238 1276 1400 1324 capiant
1429 1276 1475 1313 de
1519 1276 1694 1313 Seniano
1729 1274 1948 1321 balistario,
1998 1275 2247 1313 neccessaria

541 1353 611 1378 sua
652 1344 735 1377 tam
775 1340 815 1376 in
855 1338 960 1377 robis
998 1351 1119 1388 quam
1159 1339 1200 1375 in
1240 1338 1330 1376 aliis
1360 1338 1393 1375 ei
1430 1336 1721 1375 rationabiliter
1751 1337 2007 1383 inveniendo,
2038 1337 2141 1375 sicut
2180 1350 2246 1375 rex

542 1403 640 1440 alias
674 1402 730 1439 eis
769 1401 970 1450 precepit3
1007 1401 1065 1439 ita
1100 1401 1205 1450 quod
1253 1413 1323 1449 pro
1372 1399 1531 1437 defectu
1584 1400 1763 1447 ipsorum
1814 1411 1894 1436 non
1934 1403 2114 1448 oporteat
2153 1413 2244 1437 eum

541 1464 820 1514 conquerendo
868 1464 914 1501 (16
962 1463 1018 1501 eis
1066 1463 1115 1501 ad
1165 1475 1297 1510 regem
1352 1462 1489 1499 redire.
1548 1461 1665 1499 Teste
1713 1467 1756 1499 ut
1805 1474 1937 1510 supra.
1999 1462 2073 1500 Per
2113 1463 2244 1511 ipsum

544 1540 689 1577 regem.

655 1617 705 1652 De
743 1617 864 1651 ‘lamis
902 1613 1316 1651 slatz's.—Maii‹latuin
1356 1616 1415 1650 est
1456 1612 1635 1649 Johanni
1679 1612 1726 1649 (16
1765 1612 1908 1650 Nevill'
1958 1613 2062 1662 quod
2101 1612 2246 1651 habere

543 1678 663 1716 faciat
702 1676 834 1715 abbati
875 1677 921 1714 de
962 1677 1097 1725 Burgo
1136 1681 1214 1713 tres
1267 1675 1406 1712 dames
1446 1675 1487 1711 in
1527 1674 1676 1711 foresta
1714 1674 1761 1712 de
1811 1675 1921 1713 Clive
1971 1688 2041 1724 pro
2093 1675 2247 1714 decima

543 1753 616 1778 sua
653 1752 728 1788 que
767 1740 939 1777 eundem
979 1737 1166 1776 abbatem
1206 1737 1407 1783 contingit
1454 1737 1500 1774 de
1551 1749 1640 1773 xXX.
1690 1736 1821 1774 damis
1868 1750 1967 1787 quos
2014 1751 2081 1775 rex
2120 1750 2249 1787 nuper

542 1801 690 1851 ceperit
728 1802 769 1838 in
810 1802 958 1839 foresta
995 1801 1042 1838 de
1082 1799 1340 1846 Roking‘ham
1388 1803 1426 1836 et
1465 1799 1512 1837 de
1562 1798 1799 1837 selveston&
1859 1799 1975 1837 Teste
2013 1812 2103 1848 rege
2141 1800 2247 1849 apud

543 1863 822 1913 Notingham’,
862 1863 915 1900 ix.
955 1862 1018 1900 die
1059 1861 1320 1911 Septembris

658 1971 730 2006 l'ra
788 1971 973 2006 minitas«
1035 1968 1487 2006 ‹*estam--Mandatum
1542 1971 1600 2004 est
1656 1969 1694 2004 J.
1754 1967 1894 2005 comiti
1951 1967 2079 2013 Linc',
2143 1968 2248 2017 quod

544 2032 767 2070 vaccariam
806 2044 926 2080 quain
964 2034 1002 2068 J.
1044 2031 1246 2080 quondam
1300 2043 1434 2068 comes
1475 2029 1626 2068 Cestrie
1666 2033 1704 2067 et
1752 2030 1895 2075 Hunis,
1936 2030 2046 2067 dedit
2095 2030 2248 2068 Helene

543 2094 747 2132 comitisse
787 2094 938 2132 Cestrie
975 2096 1013 2131 et
1053 2093 1197 2137 Hunt',
1238 2092 1372 2130 uxoris
1411 2105 1491 2137 sue,
1533 2091 1760 2130 habendam
1800 2092 1903 2141 apud
1944 2092 2115 2141 Henleg‘
2156 2105 2247 2130 cum

544 2156 713 2194 Ricardo
761 2156 807 2193 de
856 2155 1061 2201 Maxfeld',
1111 2155 1320 2204 permittat
1369 2154 1499 2203 ipsam
1547 2154 1797 2192 comitissam
1845 2154 1887 2191 in
1936 2167 2031 2203 pace
2078 2157 2116 2192 et
2163 2154 2249 2192 sine

544 2220 835 2268 impedimento
872 2217 1029 2256 habere.
1089 2217 1205 2255 Teste
1246 2221 1289 2254 ut
1328 2230 1461 2266 supra.

656 2326 730 2361 l'ru
786 2325 968 2361 Ii'illelmo
1020 2323 1368 2371 ])ἀ)·ιΙιιζῑ”.-Β6Χ
1416 2322 1651 2371 perdonavit
1708 2321 1913 2359 Willelmo
1968 2321 2150 2359 Bardulf’
2210 2335 2247 2360 v.

544 2400 699 2424 marcas
733 2386 781 2423 ad
815 2399 914 2436 quas
949 2385 1190 2423 ainerciatus
1224 2385 1302 2422 fuit
1336 2397 1471 2422 corani
1511 2384 1745 2433 justiciariis
1778 2383 1925 2422 ultimo
1963 2383 2249 2422 itinerantibus

545 2449 587 2486 in
626 2449 821 2487 comitatu
860 2448 987 2485 Norf'.
1047 2448 1103 2485 Et
1143 2447 1380 2484 mandatum
1430 2452 1489 2483 est
1538 2445 1756 2483 baronibus
1803 2446 1849 2483 (16
1898 2446 2106 2484 Scaccario
2145 2446 2249 2495 quod

545 2524 637 2548 eum
685 2511 778 2548 inde
824 2511 1006 2560 quietum
1054 2523 1139 2547 esse
1187 2509 1351 2547 faciant.
1422 2509 1538 2546 Teste
1587 2521 1676 2557 rege
1724 2508 1829 2557 apud
1878 2507 2054 2556 Noting’,
2100 2521 2137 2545 x.
2186 2508 2248 2546 die

547 2572 807 2622 Septembris.

658 2678 731 2713 pm
774 2678 925 2713 [subm-to
965 2678 1008 2712 «le
1053 2675 1406 2712 li'mleton’.—Rex
1444 2674 1679 2724 perdonavit
1719 2673 1892 2712 Roberto
1938 2674 1985 2711 de
2034 2674 2248 2712 Wudeton’

545 2739 598 2776 lx.
658 2739 804 2777 solidos
862 2738 910 2776 ad
965 2750 1063 2787 quos
1135 2737 1377 2775 amerciatus
1446 2737 1523 2774 fuit
1593 2749 1727 2774 coram
1799 2736 2033 2786 justiciariis
2103 2736 2249 2774 ultimo

545 2800 829 2840 itinerantibus
888 2800 927 2836 in
990 2799 1181 2838 comitatu
1233 2799 1382 2848 Salop’,
1433 2799 1481 2836 ad
1530 2812 1570 2837 se
1617 2799 1929 2837 sustentandum
1985 2799 2026 2835 in
2084 2798 2249 2836 servicio

545 2863 650 2912 regis
688 2863 737 2900 ad
775 2867 911 2899 xxx.³¹¹³
949 2861 1217 2909 colligendam
1255 2862 1297 2898 in
1336 2862 1531 2899 comitatu
1570 2861 1761 2910 predicto,
1821 2861 1876 2898 Et
1914 2860 2151 2897 mandatum
2190 2863 2249 2897 est

546 2924 762 2963 baronibus
801 2924 847 2961 de
888 2924 1095 2962 Scaccario
1132 2924 1239 2973 quod
1278 2923 1412 2972 ipsum
1451 2924 1543 2961 inde
1579 2923 1761 2972 quietum
1793 2935 1878 2960 esse
1909 2922 2072 2960 faciant.
2132 2922 2248 2959 Teste

546 3001 636 3037 rege
674 2987 779 3036 apud
818 2986 999 3035 Noting'‚
1039 2999 1063 3023 x
1101 2986 1163 3024 die
1204 2985 1464 3035 Septembris.

654 3058 710 3095 Et
749 3057 988 3095 mandatum
1027 3060 1087 3093 est
1124 3056 1350 3094 vicecomiti
1392 3056 1526 3105 Salop‘
1566 3055 1671 3105 quod
1710 3067 1848 3104 pacem
1900 3054 1935 3092 ei
1973 3054 2066 3092 inde
2103 3052 2247 3092 habere

545 3120 768 3170 permittat,
808 3122 847 3157 et
884 3118 1016 3156 averia
1053 3121 1128 3156 etc.
1168 3118 1379 3156 deliberari
1419 3118 1553 3156 faciat.
1611 3117 1729 3155 Teste
1767 3119 1813 3155 ut
1850 3129 1984 3166 supra.

654 3225 711 3261 De
757 3224 870 3260 cervis
918 3222 1333 3260 datia—Mandatum
1381 3226 1441 3260 est
1490 3221 1666 3260 Henrico
1712 3221 1760 3259 de
1806 3222 1900 3258 Dun
1947 3220 2052 3269 quod
2102 3219 2247 3258 habere

563 3288 666 3326 aciat
705 3285 888 3323 Huberto
927 3285 1063 3330 Hoes’,
1103 3285 1322 3322 senescallo
1360 3284 1584 3330 wasconie,
1625 3283 1724 3321 duos
1762 3295 1897 3321 cervos
1935 3282 1977 3319 in
2016 3282 2164 3320 foresta
2201 3282 2248 3320 de

547 3349 792 3397 Graveling’,
841 3348 888 3385 de
935 3347 1040 3386 dono
1090 3347 1206 3396 regis.
1292 3347 1408 3386 Teste
1456 3350 1501 3385 ut
1549 3359 1681 3396 supra.
1768 3345 1844 3385 Per
1892 3344 2153 3384 Amauricum
2200 3344 2247 3382 de

549 3413 699 3453 Sancto
738 3410 936 3449 Amando.
