2375 3587
223 198 305 237 244

288 326 427 370 1236.

284 390 428 430 [mum

287 628 434 669 [mua]

1157 184 1343 227 CLOSE
1383 181 1587 224 ROLLs.

521 391 583 429 die
621 403 700 439 qua
737 388 848 434 obiit,
887 388 965 437 ipsi
1004 385 1183 424 Johanni
1221 384 1384 433 plenam
1424 381 1615 420 seisinam
1655 378 1800 416 habere
1839 376 1974 415 facias.
2049 374 2106 413 Et
2147 374 2222 412 hoc

523 453 638 491 nobis
690 451 764 490 sub
816 450 948 500 sigillo
994 452 1062 487 tuo
1114 451 1153 486 et
1206 445 1350 495 sigillis
1409 443 1679 493 predictorum
1726 439 1941 489 significes.
2018 437 2134 475 Teste
2179 439 2224 474 ut

525 527 657 564 supra,

635 635 712 671 Pro
758 634 937 681 Uaglistro
981 631 1146 666 Walter«)
1194 630 1236 664 (Ie
1275 624 1571 664 Lewzc‘·lc’.—-Rex
1609 621 1760 660 intuitu
1798 620 1873 658 Dei
1911 619 2108 658 concessit
2152 621 2227 657 etc.

525 696 719 745 Magistro
758 694 934 732 Waltero
972 693 1019 729 de
1058 690 1208 728 Lench’
1242 688 1414 737 capellas
1452 686 1555 735 regis
1595 685 1642 722 de
1680 683 1844 721 Divisis.
1903 683 1959 720 Et
1988 682 2227 720 mandatum

524 761 584 796 est
621 756 919 796 constabulario
959 754 1078 792 castri
1117 753 1164 790 de
1203 751 1353 789 Divisis
1401 749 1505 799 quod
1552 748 1594 784 in
1642 745 1887 795 corporalem
1935 744 2228 794 possessionem

525 820 794 868 predictarum
816 816 1063 866 capellarum
1103 814 1236 863 ipsum
1275 812 1453 850 inducat.
1535 809 1651 847 Teste
1699 820 1788 856 rege
1835 807 1940 856 apud
1988 806 2228 853 Farendon',

526 894 591 918 xx.
631 881 693 918 die
728 879 950 917 Februarii.

635 1003 690 1039 De.
753 1002 882 1050 glainla
950 1000 1040 1048 regul<
1100 994 1556 1035 Oronie.-—Mandatum
1613 995 1672 1030 est
1730 990 1910 1029 Johanni
1966 990 2013 1028 de
2069 990 2230 1036 Nevill’,

525 1062 747 1115 justiciario
799 1061 956 1105 foreste,
1009 1058 1115 1108 quod
1165 1058 1206 1094 in
1255 1056 1373 1094 bosco
1425 1055 1472 1092 (le
1527 1053 1713 1092 Shotovr'
1764 1051 1885 1090 faciat
1937 1050 2081 1088 habere
2130 1051 2230 1089 vice-

527 1126 665 1166 comiti
705 1123 858 1162 Oxonie
898 1121 1042 1171 viginti
1081 1131 1249 1170 quercus
1289 1118 1338 1156 ad
1387 1116 1661 1165 operationem
1711 1113 1838 1163 gaiole
1879 1112 1920 1150 in
1960 1115 2089 1152 castro
2127 1114 2231 1162 regis

528 1188 695 1227 Oxonie.
755 1186 870 1223 Teste
910 1196 1000 1232 rege
1038 1182 1143 1232 apud
1183 1180 1395 1224 Oxoniam‚
1437 1178 1532 1227 xxij.
1573 1177 1635 1215 die
1674 1175 1896 1214 Februarii.

641 1317 715 1352 Pro
747 1314 905 1351 Ifoberto
931 1310 1209 1349 Prest’.—-Rex
1243 1306 1479 1357 perdonavit
1510 1304 1684 1343 Roberto
1710 1304 1837 1342 Prest’
1874 1304 2234 1353 transgressionem

529 1391 652 1430 quam
693 1376 787 1415 fecit
833 1375 874 1412 in
929 1374 1078 1412 foresta
1128 1371 1232 1420 regis
1282 1370 1328 1408 de
1381 1367 1626 1406 Pauncehal'
1676 1366 1869 1416 capiendo
1916 1367 1958 1404 in
2010 1380 2055 1405 ea
2106 1381 2235 1406 unum

530 1443 714 1480 founum.
791 1439 844 1475 Et
888 1436 1127 1474 mandatum
1176 1436 1235 1471 est
1283 1431 1464 1470 Johanni
1512 1431 1559 1468 de
1607 1429 1768 1475 Nevssl’,
1818 1429 2041 1480 justiciario
2079 1430 2237 1477 foreste,

530 1502 635 1553 quod
689 1500 911 1550 predictum
966 1496 1201 1540 Robertum,
1257 1497 1420 1542 captum
1473 1495 1511 1529 et
1563 1491 1774 1528 detentum
1826 1490 1867 1527 in
1916 1491 2079 1540 prisona
2135 1493 2238 1542 regis

532 1564 738 1603 occasione
777 1561 967 1610 predicta,
1008 1558 1057 1596 ab
1095 1558 1233 1595 eadem
1272 1556 1435 1605 prisona
1473 1553 1663 1591 deliberet
1709 1556 1748 1590 et
1791 1551 1913 1590 libere
1952 1566 2030 1603 quo
2071 1554 2239 1594 voluerit

533 1626 715 1677 quietum
754 1623 862 1661 abire
901 1621 1125 1671 permittat.
1186 1619 1303 1656 Teste
1342 1630 1431 1665 rege
1470 1620 1513 1653 ut
1551 1628 1684 1664 supra.

645 1757 720 1793 Pro
763 1755 926 1792 Ricardo
971 1753 1131 1789 San-ard
1178 1757 1210 1786 et
1260 1763 1371 1785 umore
1417 1746 1809 1795 ‹fijnsu—-Mandatum
1857 1749 1918 1784 est
1965 1746 2145 1784 Johanni
2193 1749 2241 1787 de

536 1817 692 1862 Nevssl‘,
733 1814 956 1867 justiciario
995 1813 1153 1857 foreste,
1195 1811 1300 1860 quod
1338 1822 1474 1859 capere
1504 1807 1713 1857 permittat
1743 1807 1961 1846 Ricardum
1993 1808 2172 1848 Suward‘
2203 1813 2242 1849 et

535 1879 779 1928 Philippam,
812 1888 975 1914 uxorem
1015 1875 1114 1925 ejus,
1146 1871 1384 1911 rationabile
1423 1871 1663 1909 estoverium
1704 1883 1821 1908 suum
1852 1870 1893 1907 in
1924 1869 2053 1909 boscis
2082 1872 2165 1910 suis
2194 1873 2241 1912 de

538 1941 713 1980 Stowud'
742 1943 780 1978 et
814 1939 996 1983 Sohovr'‚
1027 1937 1130 1974 sicut
1155 1936 1229 1985 ipsi
1255 1938 1293 1973 et
1317 1938 1587 1972 antecessores
1615 1932 1790 1982 predicte
1825 1932 2011 1982 Philippe
2044 1934 2240 1974 hactenus

535 2016 674 2053 capere
713 2003 1019 2041 consueverunt.
1097 1998 1213 2036 Teste
1253 2010 1342 2046 rege
1382 1999 1426 2034 ut
1465 2008 1597 2045 supra.

646 2135 700 2170 De
755 2133 1021 2180 perdonatione
1075 2144 1144 2178 pro
1206 2130 1376 2166 &ilberto
1438 2126 1707 2163 Base—Rex
1767 2125 2003 2174 perdonavit
2061 2126 2244 2165 Gilberto

540 2196 683 2233 Basset
722 2194 899 2243 quinque
937 2205 1093 2231 marcas
1127 2204 1196 2240 per
1234 2203 1332 2240 quas
1370 2189 1494 2227 finem
1534 2187 1628 2226 fecit
1676 2200 1809 2226 coram
1857 2187 2092 2237 justiciariis
2140 2190 2243 2239 regis

538 2257 683 2294 ultimo
722 2253 1010 2293 itinerantibus
1050 2253 1090 2290 in
1131 2252 1329 2291 comitatu
1371 2250 1489 2289 saht'
1530 2262 1602 2298 pro
1641 2248 1805 2286 licentia
1843 2249 2113 2287 concordandi
2152 2263 2243 2288 cum

541 2318 744 2357 Willelmo
797 2317 843 2354 de
896 2316 1024 2353 Ponte
1076 2315 1123 2352 de
1177 2314 1295 2352 Arch’
1350 2316 1388 2350 et
1440 2325 1515 2361 que
1566 2310 1614 2348 ab
1660 2323 1704 2349 eo
1754 2310 1972 2359 exiguntur
2017 2324 2086 2361 per
2133 2326 2240 2350 sum-

541 2380 807 2418 monitionem
877 2377 1074 2417 Scaccarii
1150 2376 1266 2425 regis.
1361 2375 1416 2413 Et
1480 2373 1721 2411 mandatum
1788 2376 1847 2410 est
1914 2372 2130 2413 baronibus
2196 2375 2244 2413 de

544 2441 750 2481 Scaccario
789 2440 893 2489 quod
933 2440 979 2477 de
1018 2439 1207 2488 predictis
1238 2438 1414 2487 quinque
1448 2435 1593 2473 marcis
1632 2435 1766 2483 ipsum
1802 2434 2031 2473 Gilbertum
2062 2437 2242 2486 quietum

541 2516 625 2541 esse
663 2503 827 2540 faciant.
904 2502 1021 2539 Teste
1058 2513 1147 2549 rege
1182 2499 1288 2549 apud
1336 2498 1530 2543 Wudest,'
1572 2496 1684 2546 xxiij.
1726 2495 1788 2533 die
1828 2495 2051 2536 Februarii.

651 2632 708 2668 De
747 2631 1018 2678 perdonatz'one
1058 2628 1359 2675 transsmssionis
1397 2624 1687 2667 foresten—Rex
1724 2624 1960 2673 perdonavit
1994 2625 2165 2665 Ricardo
2202 2628 2249 2666 de

545 2691 726 2730 Thuncel
773 2694 811 2728 et
859 2690 1062 2728 Willelmo
1109 2691 1147 2726 et
1197 2688 1415 2737 Stephano,
1454 2687 1549 2724 filiis
1588 2686 1684 2732 suis,
1725 2686 2086 2734 transgressionem
2124 2700 2246 2738 quam

545 2755 684 2793 fecisse
736 2753 925 2790 dicuntur
972 2752 1013 2789 in
1060 2751 1209 2789 foresta
1258 2749 1374 2798 regis.
1462 2749 1518 2787 Et
1576 2748 1816 2786 mandatum
1865 2751 1923 2786 est
1973 2749 2153 2787 Johanni
2200 2751 2247 2789 de

545 2816 703 2861 NevilL’
754 2814 977 2864 justiciario
1026 2814 1184 2859 foreste,
1234 2812 1339 2861 quod
1386 2810 1585 2860 predictos
1635 2810 1869 2856 Ricardum,
1911 2810 2162 2850 Willelmum
2210 2816 2248 2851 et

547 2878 814 2927 Stephanum,
855 2879 991 2925 captos
1029 2879 1068 2913 et
1106 2875 1148 2912 in
1188 2875 1351 2924 prisona
1389 2873 1493 2922 regis
1531 2873 1716 2910 detentos
1755 2872 1961 2910 occasione
1998 2873 2187 2922 predicta,
2225 2889 2247 2913 a

546 2940 723 2989 predicta
749 2938 911 2987 prisona
936 2937 1126 2975 deliberet
1153 2942 1191 2975 et
1217 2936 1400 2986 quietum
1425 2936 1506 2986 (sie)
1532 2947 1610 2984 quo
1633 2933 1834 2972 voluerint
1861 2933 1968 2972 abire
1994 2936 2246 2984 permittant.

548 3002 664 3040 Teste
699 3013 789 3049 rege
829 3000 935 3049 apud
970 2999 1165 3045 Wudest‘,
1206 3012 1296 3036 xxv.
1335 2997 1397 3035 die
1436 2996 1656 3035 Februarii.

656 3122 735 3158 Pro
796 3121 980 3158 willelmo
1036 3121 1117 3165 filio
1178 3118 1672 3157 WilldmL—Mandatum
1729 3119 1788 3155 est
1843 3115 2066 3155 vicecomiti
2123 3118 2246 3157 Lanc’

547 3183 666 3234 quod,
705 3182 738 3220 si
777 3182 1005 3220 Willelmus
1043 3181 1151 3219 filius
1186 3180 1381 3220 Willelmi
1419 3179 1601 3218 nondum
1641 3178 1845 3227 utlagatus
1884 3178 1936 3216 sit
1972 3178 2014 3216 in
2052 3180 2247 3219 comitatu

548 3259 619 3284 suo
675 3257 746 3294 pro
802 3246 930 3281 morte
987 3243 1149 3281 Roberti
1205 3243 1241 3280 le
1291 3242 1429 3280 Tallur
1485 3241 1589 3279 unde
1644 3239 1870 3289 appellatus
1925 3242 1985 3278 est
2040 3243 2079 3279 et
2134 3241 2248 3281 debet

547 3306 722 3356 utlagari
752 3307 800 3344 ad
832 3305 1061 3354 proximum
1092 3305 1331 3344 comitatum
1363 3317 1495 3350 suum,
1527 3306 1623 3342 tunc
1659 3301 1951 3351 utlagationem
1981 3302 2094 3341 illam
2125 3307 2248 3353 ponat

547 3370 590 3408 in
628 3371 852 3419 respectum
891 3380 1015 3419 usque
1054 3367 1102 3405 ad
1139 3367 1265 3404 alium
1303 3366 1541 3406 comitatum
1578 3377 1710 3404 suum.
1797 3363 1913 3404 Teste
1951 3366 1995 3403 ut
2034 3377 2165 3418 supra.
