2375 3587
226 206 308 245 214
1148 212 1333 255 GLOSE
1377 212 1584 255 ROLLS.

288 351 429 397 1235.

276 418 337 459 [m.
362 415 433 456 22]
632 424 723 463 Rex.
755 424 959 461 Judeorum
986 439 1095 473 pena.
1126 429 1200 464 Pro
1226 426 1411 463 ll'illelmo
1436 426 1477 461 de
1499 425 1627 473 Pyrlco
1656 431 1688 461 et
1712 424 1960 462 aliia—Rex
1986 422 2220 473 justiciariis

522 482 570 520 ad
605 484 828 523 custodiam
863 486 1083 524 Judeorum
1118 486 1334 537 assignatis
1373 485 1559 524 salutem.
1619 484 1766 525 Sciatis
1804 484 1909 534 quod
1947 484 2219 523 concessimus

520 546 638 594 quod,
672 558 764 585 cum
795 548 1008 597 contigerit
1041 549 1220 587 decetero
1252 547 1439 586 heredem
1470 547 1641 598 alicujus
1673 546 1801 585 teneri
1835 547 1974 585 Judeis
2009 547 2051 585 in
2086 546 2220 585 debito

523 606 656 656 aliquo
689 621 760 658 pro
786 613 1035 648 antecessore
1065 623 1149 655 suo,
1183 611 1298 661 cujus
1323 610 1437 648 heres
1470 609 1555 658 ipse
1590 609 1655 655 sit,
1692 612 1731 647 et
1765 608 1887 647 fuerit
1917 609 2023 647 infra
2054 612 2219 653 etatem,

523 668 633 707 nulle
666 673 831 709 currant
864 684 982 709 usure
1013 671 1055 709 in
1090 671 1224 710 debito
1257 671 1434 721 predicto
1464 671 1657 721 quamdiu
1692 670 1812 708 fuerit
1850 670 1957 708 infra
1994 673 2145 709 etatem
2183 672 2221 708 et

524 730 565 768 in
609 732 791 770 custodia
823 733 1006 783 alicujus,
1048 736 1106 772 set
1144 733 1311 772 omnino
1350 735 1505 771 cessent
1543 745 1669 782 usque
1711 732 1760 770 ad
1802 732 2029 781 legitimam
2071 734 2220 770 etatem

524 792 681 831 heredis
712 794 890 843 predicti.
962 795 1018 833 Et
1049 795 1136 833 ideo
1174 794 1286 833 vobis
1325 795 1569 833 mandamus
1606 794 1713 845 quod
1751 793 1791 832 id
1829 794 2009 833 decetero
2051 793 2222 832 firmiter

525 855 652 893 teneri
673 859 710 894 et
731 856 787 894 sic
806 856 891 894 fieri
912 857 1083 896 faciatis.
1142 857 1198 896 Et
1213 858 1306 908 quia
1334 857 1444 895 istud
1460 857 1701 906 generaliter
1726 856 2013 904 concessimus,
2035 856 2222 895 volumus

524 917 629 965 quod
667 918 709 955 in
748 918 880 957 debito
917 920 1023 969 quod
1062 919 1292 958 Willelmus
1331 920 1377 957 de
1425 919 1570 970 Pyrho,
1610 919 1678 969 qui
1726 922 1785 957 est
1833 918 1940 956 infra
1986 921 2134 957 etatem
2183 920 2222 955 et

525 978 566 1015 in
605 981 786 1018 custodia
823 981 966 1031 prioris
1004 982 1051 1020 de
1094 982 1298 1029 Theford’,
1338 981 1455 1020 debet
1500 983 1614 1020 Isaac
1651 982 1699 1019 de
1736 981 1932 1028 Norwico,
1969 979 2110 1027 Judeo,
2152 992 2222 1029 pro

525 1040 657 1080 debito
705 1042 898 1081 Willehni
945 1044 992 1082 de
1044 1044 1180 1094 Pyrho
1227 1044 1290 1082 avi
1337 1044 1412 1090 sui,
1463 1056 1543 1082 non
1597 1046 1760 1082 currant
1809 1055 1929 1081 usure
1976 1056 1999 1081 a
2045 1045 2223 1092 tempore

524 1115 602 1152 quo
632 1104 858 1143 Willelmus
894 1106 940 1144 de
979 1106 1126 1156 Pyrho,
1167 1110 1281 1156 pater
1318 1106 1486 1156 predicti
1516 1105 1726 1152 Willelmi,
1757 1105 1836 1143 fuit
1865 1105 1974 1143 infra
2003 1107 2152 1144 etatem
2184 1107 2223 1142 et

523 1163 565 1202 in
595 1166 787 1213 custodia,
821 1179 893 1206 nec
923 1167 1046 1206 etiam
1076 1171 1293 1218 antequam
1325 1168 1432 1206 idem
1471 1167 1714 1214 Willelmus,
1745 1167 1813 1217 qui
1851 1167 1983 1206 adhuc
2020 1168 2222 1216 superstes

524 1229 584 1264 est
622 1230 660 1266 et
698 1228 740 1266 in
787 1229 969 1268 custodia
1010 1229 1153 1279 prioris
1200 1229 1382 1280 predicti,
1422 1230 1471 1268 ad
1517 1229 1743 1278 legitimam
1791 1231 1940 1268 etatem
1983 1228 2222 1279 pervenerit.

524 1290 577 1327 Et
615 1289 702 1328 ideo
740 1290 851 1330 vobis
889 1292 1131 1330 mandamus
1168 1293 1275 1342 quod
1314 1292 1369 1330 sic
1407 1291 1494 1330 fieri
1532 1294 1569 1331 et
1608 1291 1821 1330 inrotulari
1863 1290 2035 1330 faciatis.
2105 1290 2222 1329 Teste

523 1363 614 1401 rege
651 1353 757 1401 apud
796 1353 1215 1400 Westmonasterium,
1256 1354 1307 1391 vi.
1349 1353 1411 1391 die
1450 1352 1696 1393 Decembris.

631 1491 687 1526 De
732 1498 879 1528 extenta
925 1490 1447 1529 judeorum.-ix1andatu1n
1495 1494 1554 1530 est
1612 1490 1848 1541 justiciariis
1900 1490 1949 1528 ad
1998 1488 2221 1529 custodiam

524 1550 745 1590 Judeoruin
795 1552 1012 1602 assignatis
1065 1554 1169 1602 quod
1220 1556 1368 1591 terram
1418 1553 1613 1592 Willelmi
1669 1553 1705 1591 le
1758 1554 1945 1603 Joynnur
1995 1551 2038 1590 in
2091 1551 2220 1590 Lond’

523 1627 598 1663 que
645 1617 704 1652 est
750 1614 914 1652 vadium
968 1615 1116 1653 Leonis
1163 1615 1315 1653 Blundi
1362 1618 1401 1653 et
1446 1615 1548 1665 Elye
1595 1615 1758 1660 Blundi,
1807 1614 2029 1653 Judeorum
2076 1614 2219 1659 Lond‘,

523 1676 608 1714 sine
659 1676 852 1714 dilatione
900 1677 1059 1715 extendi
1109 1677 1273 1722 faciant,
1322 1680 1361 1715 et
1414 1680 1629 1726 postquam
1682 1689 1771 1715 eam
1836 1676 1999 1714 extendi
2055 1675 2222 1714 fecerint

524 1739 745 1777 secundum
801 1739 979 1777 valorem
1037 1739 1164 1788 ipsius
1217 1744 1320 1777 terre
1372 1743 1410 1777 et
1461 1739 1734 1789 quantitatem
1787 1738 1913 1776 debiti
1968 1738 2073 1787 quod
2125 1737 2224 1787 ipsis

524 1801 664 1839 Judeis
704 1800 753 1838 ab
793 1801 879 1850 ipso
911 1801 1116 1839 Willelmo
1156 1800 1323 1839 debetur
1362 1801 1438 1850 ipsi
1481 1801 1686 1840 Willelmo
1728 1799 1987 1839 rationabiles
2027 1799 2223 1838 terminos

522 1862 570 1900 de
608 1863 785 1912 predicto
822 1862 955 1901 debito
993 1863 1070 1912 ipsi
1109 1863 1238 1901 Leoni
1286 1866 1326 1902 et
1375 1863 1477 1914 Elye
1524 1863 1715 1902 solvendo
1752 1862 1897 1901 habere
1936 1861 2115 1907 faciant;
2165 1861 2223 1900 ita

522 1925 627 1975 quod
665 1925 844 1964 decetero
882 1922 1048 1964 omnino
1086 1928 1242 1964 cessent
1281 1938 1413 1964 usure.
1473 1926 1591 1964 Teste
1628 1928 1671 1964 ut
1710 1938 1843 1975 supra.

630 2063 687 2099 De
726 2063 820 2099 riuis
858 2065 1069 2099 arestande's
1116 2065 1166 2098 ad
1214 2076 1305 2110 opus
1352 2061 1765 2111 reyis.—Mandatum
1815 2064 1876 2100 est
1926 2060 2222 2100 constabulario

522 2124 569 2162 de
609 2124 816 2163 Carebroc’
855 2125 960 2174 quod
997 2125 1096 2162 duas
1130 2127 1298 2161 navatas
1338 2124 1436 2170 vini,
1478 2123 1511 2162 si
1559 2123 1662 2163 forte
1704 2123 1889 2162 venerint
1937 2123 1979 2161 in
2027 2122 2220 2162 ballivam

522 2199 650 2231 suam,
691 2186 777 2224 sine
813 2186 1011 2225 dilacione
1050 2186 1170 2224 faciat
1209 2186 1375 2224 arestari
1415 2189 1453 2225 et
1493 2185 1542 2223 ad
1581 2198 1682 2235 opus
1721 2185 1825 2234 regis
1864 2184 1974 2223 salvo
2013 2184 2220 2230 custodiri,

522 2247 601 2286 nisi
657 2248 787 2298 major
842 2251 881 2286 et
937 2247 1077 2286 ballivi
1135 2247 1239 2296 regis
1300 2247 1516 2297 Suhampt'
1575 2247 1611 2285 ei
1667 2246 1898 2296 significent
1956 2246 2062 2296 quod
2126 2246 2221 2284 vina

522 2309 764 2349 sufficienter
797 2309 973 2348 habeant
1003 2310 1054 2348 ad
1083 2322 1183 2358 opus
1222 2309 1326 2359 regis
1362 2312 1502 2348 contra
1534 2309 1693 2348 instans
1725 2309 1868 2347 Natale
1901 2308 2081 2355 Domini,
2114 2321 2221 2347 anno

521 2376 596 2410 etc.
636 2386 702 2410 xx.
782 2372 900 2411 Teste
937 2375 982 2410 ut
1022 2385 1155 2421 supra.

509 2501 513 2504 ⁴
631 2458 731 2506 Quia
764 2472 832 2497 rex
866 2459 1014 2497 talliari
1053 2459 1148 2498 fecit
1179 2458 1382 2497 dominica
1415 2472 1486 2497 sua
1518 2471 1586 2508 per
1619 2461 1768 2497 terram
1795 2458 1952 2508 Anglie,
1981 2457 2220 2496 mandatum

520 2523 581 2559 est
635 2520 861 2559 vicecomiti
918 2521 1046 2559 Oxon’
1103 2520 1209 2570 quod
1273 2520 1419 2559 habere
1476 2521 1597 2559 faciat
1663 2520 1893 2569 Engelardo
1949 2520 1996 2558 de
2053 2519 2219 2570 Cygoin'

520 2582 758 2621 rationabile
808 2582 1021 2632 tallagium
1070 2583 1118 2621 de
1169 2582 1350 2621 manerio
1405 2583 1453 2621 de
1509 2582 1748 2621 Bensinton'
1804 2594 1897 2621 cum
1953 2581 2221 2631 pertinentiis,

520 2645 626 2695 quod
663 2648 724 2683 est
761 2644 1010 2684 dominicum
1050 2644 1153 2694 regis
1186 2647 1224 2683 et
1255 2644 1396 2684 est.in
1429 2657 1554 2683 manu
1585 2657 1657 2683 sua
1690 2644 1737 2683 de
1768 2643 1888 2683 ballio
1926 2644 2044 2694 regis.
2104 2643 2221 2683 Teste

522 2709 567 2745 ut
606 2719 739 2757 supra.

628 2844 684 2879 De
717 2843 991 2891 provisionibus
1029 2849 1159 2880 contra
1197 2841 1651 2880 Nucula—Mandatum
1685 2843 1745 2879 est
1777 2840 2002 2896 vicecomiti
2035 2841 2146 2881 Surr'
2181 2846 2222 2881 et

524 2903 681 2943 Sussex’
720 2904 825 2953 quod
863 2903 942 2942 emi
982 2903 1103 2942 faciat
1141 2903 1183 2941 in
1223 2903 1372 2942 balliva
1410 2917 1482 2942 sua
1520 2902 1763 2953 quingentas
1808 2902 1980 2953 gallinas
2025 2903 2074 2942 ad
2120 2916 2220 2953 opus

521 2965 625 3015 regis
669 2968 810 3004 contra
860 2965 1018 3003 instans
1061 2966 1204 3004 Natale
1251 2965 1430 3011 Domini,
1481 2978 1589 3003 anno
1640 2967 1716 3003 etc.
1769 2978 1835 3002 xx.
1885 2968 1925 3003 et
1976 2978 2043 3004 eas
2095 2978 2220 3015 usque

522 3028 774 3066 Wintoniam
813 3028 955 3066 cariari
990 3028 1123 3074 faciat,
1172 3027 1400 3066 liberandas
1448 3027 1596 3066 ibidem
1646 3027 1793 3065 dilecto
1841 3029 1880 3065 et
1928 3027 2036 3065 fideli
2083 3031 2220 3071 nostro

520 3090 691 3128 Ricardo
724 3089 808 3128 filio
834 3089 1022 3138 Hugonis
1054 3089 1096 3127 in
1129 3089 1268 3139 vigilia
1300 3090 1393 3128 festi
1427 3089 1609 3138 predicti,
1645 3088 1714 3138 qui
1747 3089 1794 3127 de
1827 3088 1954 3138 pretio
1987 3090 2218 3135 earundem,

519 3152 625 3201 quod
661 3150 777 3189 nobis
815 3151 1117 3200 significaveris,
1158 3164 1205 3189 ex
1238 3154 1352 3200 parte
1391 3154 1530 3189 nostra
1563 3150 1637 3189 tibi
1676 3150 1865 3189 satisfieri
1903 3149 2035 3190 faciet.
2103 3152 2218 3190 Teste

514 3226 604 3263 rege
642 3213 748 3262 apud
787 3212 1035 3257 Guffleford’,
1075 3213 1128 3250 ix.
1168 3213 1232 3251 die
1271 3212 1521 3251 Decembris.

626 3308 781 3347 Eodem
827 3307 946 3347 modo
991 3307 1231 3347 mandatum
1279 3311 1339 3347 est
1385 3306 1687 3348 vicecomitibus
1735 3306 1863 3353 Wilt',
1915 3306 2049 3353 Suht’,
2098 3306 2217 3346 Berk’

518 3370 565 3410 de
602 3362 834 3421 quingentis
872 3369 914 3408 in
953 3369 1123 3419 singulis
1161 3369 1434 3409 comitatibus.
1509 3370 1626 3408 Teste
1663 3371 1709 3407 ut
1746 3381 1880 3419 supra.
