2375 3587
1186 189 1372 231 CLOSE
1419 189 1620 231 ROLLS.

1630 286 1743 293 —-——

650 386 886 423 Mandatum
935 390 995 424 est
1048 385 1265 425 baronibus
1313 386 1360 424 de
1413 386 1621 425 Scaccario
1684 384 1790 434 quod
1840 385 2039 423 Robertus
2086 385 2122 422 10
2161 385 2249 423 Lou

540 447 651 485 venit
689 447 739 485 ad
778 461 911 497 regem
947 448 1011 486 die
1051 448 1166 485 Lune
1206 448 1246 484 in
1285 448 1462 486 crastino
1512 447 1646 485 Clausi
1694 447 1846 485 Pasche
1883 450 1923 485 et
1961 459 2115 485 moram
2154 446 2249 484 fecit

539 521 627 547 cum
675 522 765 558 rege
810 523 879 558 per
926 513 1158 559 preceptum
1208 509 1311 558 regis
1360 522 1484 558 usque
1531 509 1580 546 ad
1628 509 1734 546 diem
1784 508 1896 546 Jovis
1945 508 2148 558 sequentis
2210 510 2249 545 et

539 571 644 620 quod
692 571 824 620 ipsum
872 571 1095 609 Robertum
1141 574 1303 620 propter
1350 570 1575 608 absentiam
1625 583 1740 608 suam
1785 570 1924 608 diebus
1972 570 2160 619 predictis
2199 569 2247 607 ad

542 633 796 671 Scaccarium
854 634 957 682 regis
1014 646 1095 671 non
1159 633 1429 679 occasionent,
1486 633 1580 682 quia
1636 646 1703 670 rex
1760 633 1795 670 ei
1851 632 2075 670 absentiam
2133 644 2247 669 suam

539 696 791 734 warantizat.
869 695 986 734 Teste
1025 708 1114 744 rege
1155 696 1260 744 apud
1302 693 1510 739 Windles’,
1552 708 1644 732 xxx.
1682 695 1746 732 die
1779 694 1940 744 Aprilis.

649 783 754 820 Illud

647 870 875 908 Willelmus
922 869 969 907 de
1018 869 1213 908 Botereus
1261 870 1484 908 attornavit
1534 870 1735 908 Thomam
1786 870 1953 921 Shirray
2001 870 2043 907 in
2092 869 2251 919 loquela

540 945 614 981 que
654 936 713 969 est
752 932 793 968 in
833 931 1031 969 comitatu
1072 931 1272 970 Cornubie
1320 932 1426 970 inter
1473 932 1606 981 ipsum
1656 932 1908 970 Willelmum
1956 934 1995 970 et
2032 931 2250 970 Ricardum

538 995 586 1032 de
607 995 799 1043 Tintager
826 994 874 1031 de
903 994 1267 1032 consuetudinibus
1298 998 1337 1032 et
1359 994 1549 1032 serviciis.
1627 994 1745 1033 Teste
1785 1008 1875 1044 rege
1913 995 2019 1043 apud
2058 994 2248 1042 Rading‘‚

538 1057 583 1107 ij.
625 1057 688 1094 die
727 1056 837 1094 Maii.

649 1163 1004 1211 llyhernim—-Rex
1035 1163 1230 1201 Mauricio
1262 1164 1345 1200 filio
1377 1164 1799 1212 Geroldi‚justiciario
1823 1163 2040 1214 Hybernie,
2062 1163 2248 1201 salutem.

538 1227 711 1264 Veniens
756 1226 805 1262 ad
854 1238 925 1263 nos
973 1226 1098 1263 frater
1146 1226 1289 1270 Adam,
1341 1225 1462 1263 abbas
1510 1226 1557 1263 de
1611 1226 1758 1275 Magio,
1808 1226 2087 1275 conquerendo
2135 1225 2250 1264 nobis

538 1288 780 1327 monstravit
832 1289 937 1337 quod
987 1301 1079 1326 cum
1128 1288 1347 1326 Mauricius
1401 1288 1447 1325 de
1496 1288 1679 1326 London'
1733 1289 2024 1338 implacitasset
2084 1288 2250 1326 fratrem

539 1351 790 1391 Willelmun,
832 1351 1036 1399 quondam
1076 1349 1263 1388 abbatem
1312 1350 1493 1399 ejusdem
1525 1350 1613 1395 loci,
1664 1351 1983 1399 predecessorem
2023 1363 2154 1396 suum,
2182 1350 2250 1399 qui

538 1416 676 1461 postea
714 1412 832 1450 cessit
871 1411 1032 1449 abbacie
1072 1425 1154 1456 5110,
1195 1416 1234 1450 et
1274 1415 1412 1460 postea
1452 1412 1618 1450 fratrem
1660 1412 1867 1450 Donatum
1907 1413 1941 1450 ei
1980 1411 2249 1451 substitutum

538 1475 604 1524 qui
646 1478 783 1523 postea
822 1474 1025 1522 depositus
1065 1474 1208 1518 suerat,
1251 1487 1369 1522 super
1416 1473 1657 1522 quibusdam
1706 1475 1821 1512 terris
1855 1478 1892 1512 et
1933 1473 2251 1523 possessionibus

536 1537 575 1574 in
613 1536 809 1574 Hibernia
857 1549 955 1585 quas
1004 1536 1165 1584 petebat
1214 1549 1351 1573 versus
1400 1535 1564 1574 abbates
1614 1536 1823 1585 predictos,
1876 1537 1981 1574 idem
2030 1537 2250 1575 Mauricius

538 1613 617 1637 non
675 1598 830 1636 destitit
888 1599 1086 1647 loquelam
1150 1612 1263 1636 suain
1326 1598 1510 1648 prosequi
1569 1602 1708 1636 contra
1764 1598 1971 1637 abbaciam
2028 1599 2250 1648 predictam

538 1668 717 1710 tempore
766 1661 897 1699 medio
944 1674 1022 1710 quo
1073 1660 1239 1699 vacabat
1288 1674 1357 1710 per
1395 1661 1617 1698 cessionem
1666 1661 1832 1709 predicti
1882 1661 2018 1699 fratris
2056 1660 2250 1699 Willelmi

539 1732 577 1762 et
615 1723 909 1772 depositionem
949 1723 1044 1761 dicti
1086 1723 1222 1760 fratris
1264 1723 1411 1760 Donati
1444 1736 1568 1772 usque
1605 1723 1653 1760 ad
1694 1724 1990 1772 promotionem
2031 1722 2250 1772 supradicti

539 1786 707 1830 abbatis,
740 1785 846 1823 unde
885 1798 977 1822 cum
1018 1798 1098 1822 non
1138 1790 1242 1823 esset
1281 1785 1345 1834 qui
1391 1785 1438 1822 ad
1479 1785 1675 1833 placitum
1716 1785 1816 1823 illud
1856 1786 2103 1835 respondere-
2125 1785 2251 1835 possit

539 1862 584 1886 eo
623 1852 815 1897 tempore,
855 1861 992 1885 versus
1031 1847 1240 1885 abbaciam
1289 1848 1511 1896 predictam
1551 1847 1783 1886 occasiones
1831 1848 1987 1898 quaerit
2035 1848 2251 1886 intendens

542 1912 669 1960 ipsam
710 1923 779 1959 per
825 1909 1010 1954 defaltas,
1056 1923 1154 1958 quas
1194 1909 1291 1948 dicit
1343 1923 1431 1947 eam
1482 1910 1622 1948 fecisse
1670 1913 1850 1959 tempore
1904 1910 2127 1948 vacationis
2173 1923 2255 1957 sue,

540 1973 713 2022 graviter
760 1971 1062 2020 dampnificare.
1142 1971 1196 2009 Et
1245 1972 1339 2021 quia
1387 1972 1573 2022 iniquum
1623 1975 1727 2010 esset
1767 1972 1984 2010 manifeste
2022 1976 2062 2010 et
2109 1976 2249 2011 contra

541 2036 668 2084 legem
708 2038 811 2072 terre
850 2033 952 2082 regis
991 2034 1097 2083 quod
1136 2035 1343 2072 occasione
1384 2034 1563 2083 predicta
1601 2034 1826 2083 dampnum
1866 2034 2088 2072 incurreret
2127 2034 2250 2073 abbas

541 2097 743 2147 predictus
782 2096 843 2134 vel
882 2096 923 2132 in
963 2096 1098 2144 aliquo
1137 2100 1241 2133 esset
1280 2096 1462 2145 perdens,
1495 2096 1606 2134 vobis
1636 2097 1880 2134 mandamus
1919 2097 2025 2146 quod
2064 2096 2250 2135 abbatem

540 2161 673 2209 ipsum
712 2162 874 2208 propter
927 2158 1002 2196 hoc
1051 2158 1090 2194 in
1141 2158 1254 2196 nullo
1303 2158 1568 2196 occasionetis
1619 2171 1692 2196 nec
1742 2171 1814 2207 pro
1861 2159 2022 2197 defaltis
2072 2160 2250 2208 reputari

541 2222 698 2260 faciatis
742 2221 847 2270 quod
897 2229 1074 2269 tempore
1126 2221 1302 2269 predicto
1350 2221 1545 2258 omissum
1598 2224 1672 2258 est.
1740 2221 1856 2259 Teste
1902 2234 1966 2259 me
2016 2221 2102 2270 ipso
2144 2223 2251 2271 apud

543 2285 730 2331 Rading’‚
772 2283 814 2332 ij.
854 2283 916 2319 die
958 2282 1069 2326 Maii,
1111 2295 1217 2319 anno
1259 2283 1368 2331 regni
1409 2282 1538 2320 nostri
1579 2283 1660 2332 xxj.

651 2371 733 2406 Rex
774 2368 999 2406 vicecomiti
1054 2367 1217 2412 Kancie‚
1259 2368 1445 2406 salutem.
1523 2368 1632 2406 Pone
1683 2381 1751 2417 per
1807 2368 1972 2406 vadium
2024 2372 2063 2407 et
2120 2369 2251 2409 salvos

542 2431 694 2481 plegios
741 2431 788 2468 de
832 2430 968 2474 Boxle,
1021 2429 1167 2467 Sancte
1214 2430 1491 2478 Radegundis,
1541 2433 1580 2468 et
1625 2430 1673 2467 de
1722 2431 1871 2468 Lesnes
1923 2430 2086 2470 abbates
2147 2432 2252 2481 quod

544 2494 625 2531 sint
675 2505 807 2530 coram
865 2491 1101 2540 justiciariis
1159 2491 1308 2529 nostris
1366 2492 1472 2541 apud
1531 2492 1941 2530 Westmonasterium
1999 2493 2040 2531 in
2099 2493 2253 2532 octabis

546 2555 693 2594 Sancte
769 2553 980 2591 Trinitatis
1055 2554 1257 2591 ostensuri
1314 2566 1434 2604 quare
1510 2557 1731 2592 tenuerunt
1802 2555 1949 2603 placita
2024 2555 2065 2592 in
2141 2557 2251 2594 curia

544 2616 855 2655 christianitatis
903 2629 1020 2664 super
1076 2616 1406 2654 advocationibus
1454 2617 1716 2655 ecclesiarum
1777 2618 2051 2656 maneriorum
2109 2619 2252 2668 prioris

543 2683 582 2718 et
612 2679 903 2717 monachorum
936 2678 1082 2716 Sancte
1121 2678 1333 2716 Trinitatis
1365 2678 1597 2724 Cantuarie,
1629 2682 1668 2717 et
1699 2692 1820 2728 super
1851 2680 2009 2718 xenniis
2040 2693 2115 2730 que
2145 2681 2252 2719 idem

544 2741 867 2790 archiepiscopus
897 2740 1065 2789 percipit
1096 2741 1143 2778 de
1182 2741 1375 2779 maneriis
1414 2741 1595 2790 ipsorum
1636 2741 1778 2790 prioris
1810 2744 1847 2779 et
1878 2743 2183 2789 monachorum,
2215 2746 2254 2781 et

545 2816 663 2853 super
687 2802 924 2841 obedientiis
950 2803 1093 2840 domus
1117 2803 1263 2841 Sancte
1288 2803 1502 2841 Trinitatis
1523 2804 1741 2841 Cantuarie
1769 2807 1910 2842 contra
1937 2804 2251 2853 prohibitionem

545 2870 740 2910 nostram,
779 2877 870 2902 cum
910 2864 1059 2912 placita
1096 2865 1143 2901 de
1182 2864 1514 2903 advocationibus
1554 2865 1812 2904 ecclesiarum
1856 2865 1952 2904 alibi
2000 2867 2125 2904 teneri
2172 2880 2253 2905 non

546 2927 715 2966 debeant
754 2939 826 2964 nec
864 2927 1145 2964 consueverint
1184 2926 1224 2963 in
1265 2940 1387 2976 regno
1428 2931 1563 2965 nostro
1603 2941 1723 2977 quam
1774 2928 1815 2965 in
1855 2929 1966 2966 curia
2003 2932 2165 2973 nostra;
2215 2932 2254 2967 et

547 2993 725 3039 preterea
762 3001 868 3032 cum,
909 2992 1075 3025 vacante
1114 2988 1461 3037 archiepiscopatu
1498 2989 1795 3035 Contuariensi‚
1831 2990 1880 3028 ad
1912 3003 1986 3028 nos
2019 2993 2058 3028 et
2092 2991 2256 3029 heredes

547 3055 706 3090 nostros
753 3050 952 3088 dictorum
1002 3051 1242 3088 xenniorum
1290 3051 1494 3100 perceptio
1543 3055 1582 3089 et
1623 3052 1895 3100 predictarum
1934 3051 2254 3091 obedientiarum

547 3111 756 3162 dispositio
812 3111 1022 3160 pertineat.
1110 3112 1218 3149 Pone
1283 3112 1405 3150 etiam
1464 3126 1533 3162 per
1590 3113 1754 3150 vadium
1812 3116 1850 3151 et
1908 3114 2037 3152 salvos
2102 3113 2254 3164 plegios

547 3175 770 3225 predictum
818 3172 990 3222 priorem
1039 3174 1144 3222 quod
1193 3177 1291 3211 tunc
1339 3174 1392 3212 sit
1439 3173 1493 3212 ibi
1542 3177 1778 3213 ostensurus
1825 3188 1948 3225 quare
1995 3179 2155 3214 secutus
2193 3179 2252 3214 est

547 3238 653 3275 idem
701 3235 896 3285 placitum
943 3237 985 3273 in
1033 3235 1171 3272 eadem
1221 3236 1330 3273 curia
1377 3239 1517 3274 contra
1564 3236 1879 3285 prohibitionem
1918 3240 2111 3275 nostram.
2199 3237 2254 3275 Et

548 3299 694 3338 habeas
732 3297 787 3335 ibi
821 3295 988 3334 nomina
1017 3296 1241 3345 plegiorum
1271 3301 1310 3335 et
1344 3298 1420 3337 hoc
1450 3297 1578 3337 breve.
1640 3298 1757 3337 Teste
1787 3312 1878 3348 rege
1907 3299 2013 3348 apud
2043 3299 2252 3346 Windles',

549 3375 586 3401 v.
627 3361 690 3399 die
729 3358 841 3398 Maii.
899 3358 974 3396 Per
1013 3358 1075 3396 W.
1115 3358 1163 3396 de
1212 3359 1364 3408 Raleg'.
