2375 3587
190 374 335 420 1236.

186 441 234 479 [m
266 439 334 480 14.]

1060 246 1115 285 20
1156 244 1364 285 HENRY
1406 245 1488 285 ΙΙΙ.
2049 245 2130 286 255

426 441 644 491 preceperit
683 442 731 479 ad
771 441 963 480 standum
1004 444 1111 480 recto
1164 441 1211 479 de
1258 439 1414 478 roberia
1461 440 1638 489 predicta
1690 441 1796 479 unde
1848 441 1983 480 rettati
2027 442 2134 485 sunt,

426 504 458 542 si
515 504 605 553 quis
662 504 754 542 inde
812 517 951 542 versus
1000 517 1065 542 eos
1122 503 1231 553 loqui
1288 503 1472 548 voluerit,
1529 505 1626 540 tunc
1684 516 1750 540 eos
1807 515 1876 551 per
1932 503 2135 552 plevinam

426 566 646 615 predictam
695 566 879 604 dimittat
928 570 967 604 et
1027 579 1049 603 a
1110 565 1274 615 prisona
1332 564 1437 613 regis
1484 564 1689 602 deliberet.
1764 565 1940 602 Nomina
1998 568 2133 603 autem

425 628 697 678 predictorum
747 629 987 678 plegiorum,
1037 629 1105 678 qui
1153 641 1219 666 eos
1265 627 1542 676 manuceperit
1585 628 1684 677 (sic),
1729 627 1810 675 regi
1857 627 1956 665 scire
2001 626 2134 665 faciat.

427 691 544 729 'Peste
583 694 628 729 ut
666 704 800 740 supra.

538 812 617 848 Pro
639 813 726 848 Ada.
754 813 797 848 de
828 813 971 849 Sam-ta
1004 810 1445 848 Elem—Mandatum
1477 812 1536 848 est
1569 809 1803 860 justiciariis
1833 810 1881 847 ad
1910 810 2135 849 custodiam

428 873 648 911 Judeorum
692 873 909 922 assignatis
957 873 1062 922 quod
1114 885 1195 911 non
1245 871 1431 910 obstante
1480 885 1524 909 eo
1572 872 1677 920 quod
1721 872 1849 909 Adam
1892 871 1938 909 de
1988 872 2138 911 Sancta

428 935 559 973 Elena
608 935 802 973 terminos
852 948 945 974 suos
995 948 1074 973 non
1126 935 1301 973 servavit
1348 935 1395 972 de
1442 934 1522 972 fine
1569 947 1687 983 quem
1739 934 1833 972 fecit
1889 947 1980 972 cum
2034 934 2138 984 Elya

428 997 602 1043 Blundo,
644 997 746 1048 Elya
791 997 873 1035 filio
921 997 1144 1043 Benedicti,
1196 998 1328 1035 Aaron
1378 997 1463 1034 filio
1511 996 1703 1034 Habrahe
1748 1000 1788 1034 et
1836 996 1969 1034 Aaron
2008 996 2137 1041 Linc',

428 1059 569 1098 Judeis
618 1060 735 1109 regis,
785 1060 832 1098 de
880 1059 1015 1097 debito
1063 1060 1104 1097 in
1153 1071 1231 1108 quo
1289 1058 1344 1096 eis
1397 1061 1557 1096 tenetur
1606 1058 1757 1096 faciant
1815 1058 1948 1107 ipsum
2007 1058 2135 1095 Adam

426 1122 607 1160 decetero
646 1122 840 1160 terminos
880 1122 1079 1171 predictos
1126 1121 1270 1159 habere
1317 1125 1356 1159 et
1406 1133 1653 1159 conservare.
1732 1120 1848 1158 Teste
1893 1132 1983 1169 rege
2032 1120 2137 1169 apud

428 1184 645 1234 Kenyton',
682 1184 735 1222 vi.
776 1184 839 1222 die
878 1183 1042 1233 Aprilis.

534 1314 591 1349 Dc
628 1320 773 1350 mtenta
817 1314 918 1349 radii
956 1313 1166 1350 ..ludeormn
1211 1310 1697 1348 faeiem&.—Mandatum
1737 1314 1798 1349 est
1836 1311 1985 1349 eisdem
2034 1311 2139 1360 quod

427 1378 574 1412 terram
616 1374 783 1413 Celestr'
824 1375 871 1412 de
920 1374 1106 1412 Boleton’
1148 1375 1189 1412 in
1238 1374 1438 1419 Boleton⁷,
1478 1386 1554 1423 que
1602 1376 1662 1411 est
1708 1373 1871 1411 vadium
1919 1375 2052 1411 Aaron
2100 1377 2139 1411 et

431 1437 660 1477 Salomonis
699 1442 737 1475 et
776 1437 921 1483 Joscei,
964 1437 1183 1475 Judeorum
1220 1436 1366 1481 Lond‘,
1400 1439 1439 1473 et
1478 1449 1546 1485 per
1583 1438 1883 1473 sacramentum
1923 1434 2138 1484 proborum

428 1503 466 1538 et
512 1499 704 1549 legalium
745 1499 959 1537 hominum
999 1499 1160 1537 extendi
1209 1498 1361 1536 faciant
1409 1501 1608 1547 quantum
1658 1507 1762 1536 terra
1809 1497 1880 1535 illa
1918 1497 2049 1536 valeat
2097 1497 2139 1534 in

428 1561 644 1600 dominicis
685 1560 921 1607 redditibus,
963 1561 1099 1599 assisis
1139 1564 1177 1599 et
1217 1561 1321 1606 aliis,
1362 1564 1401 1598 et
1440 1561 1661 1598 secundum
1705 1560 1980 1598 extensionem
2026 1560 2138 1597 illam

429 1624 605 1673 predicte
646 1623 812 1662 Celestr'
853 1622 1116 1662 rationabiles
1152 1623 1350 1661 terminos
1389 1623 1435 1661 de
1474 1621 1609 1660 debito
1647 1622 1752 1672 quod
1792 1622 1879 1671 ipsa
1916 1622 1972 1660 eis
2010 1621 2137 1668 debet,

428 1685 574 1728 habere
614 1685 782 1724 faciant.
853 1685 971 1724 Teste
1010 1689 1054 1723 ut
1092 1698 1225 1734 supra.

538 1763 692 1801 Eodem
760 1763 879 1801 modo
944 1763 1187 1800 mandatum
1245 1765 1304 1800 est
1370 1762 1519 1800 eisdem
1578 1761 1625 1799 de
1682 1765 1787 1799 terra
1854 1760 2025 1800 Gilberti
2091 1762 2138 1800 de

429 1826 656 1864 Totenham
698 1825 740 1863 in
782 1825 1011 1863 Totenham
1047 1824 1313 1869 extendenda,
1354 1837 1429 1873 que
1467 1827 1526 1861 est
1564 1823 1727 1861 vadium
1775 1824 1875 1874 Elye
1915 1824 1950 1862 le
1990 1824 2137 1862 Evesk’

429 1892 467 1928 et
507 1889 640 1927 Aaron
674 1888 747 1926 filii
787 1887 958 1933 Abrahe‚
992 1887 1223 1925 'Judeorum
1262 1886 1402 1925 Lond'.
1476 1886 1593 1925 Teste
1632 1889 1676 1924 ut
1715 1899 1847 1936 supra.

544 2019 617 2055 Pro
667 2019 838 2055 Hemico
886 2018 928 2053 ‹Iv
976 2015 1473 2054 Haurim—Mandatum
1522 2017 1581 2053 est
1620 2015 1845 2054 vicecomiti
1894 2015 1996 2053 Buk’
2032 2016 2137 2065 quod

430 2093 513 2118 non
552 2080 772 2129 distringat
821 2079 1047 2117 Henricum
1097 2079 1144 2116 de
1182 2078 1363 2116 Hauvill'
1404 2078 1471 2128 qui
1520 2080 1581 2115 est
1629 2077 1670 2115 in
1720 2078 1883 2116 servitio
1929 2079 2031 2127 regis
2070 2091 2139 2128 per

429 2145 663 2192 preceptum
721 2142 826 2191 regis
878 2141 928 2179 ad
986 2141 1217 2179 faciendum
1269 2143 1420 2180 sectam
1477 2140 1526 2178 ad
1576 2140 1815 2178 comitatum
1873 2153 2006 2179 suum.
2082 2141 2138 2180 Et

430 2205 562 2243 averia
601 2217 673 2243 sua
711 2217 787 2254 que
837 2203 1044 2242 occasione
1085 2203 1263 2252 predicta
1306 2202 1440 2252 [cepit]
1482 2202 1517 2240 ei
1556 2201 1767 2240 deliberari
1808 2202 1943 2241 faciat.
2021 2203 2138 2241 Teste

428 2280 518 2317 rege
557 2267 663 2317 apud
700 2266 951 2316 Gingeston',
988 2266 1073 2316 viij.
1113 2265 1176 2304 die
1215 2265 1376 2318 Aprilis.

536 2397 613 2433 Pro
674 2396 842 2432 Henrico
901 2396 943 2429 de
1007 2392 1534 2432 Tretblerill'.—Mandatum
1600 2395 1660 2429 est
1726 2391 2024 2430 constabulario
2089 2392 2136 2430 de

428 2456 645 2496 Porecestr’
705 2456 811 2506 quod
876 2456 999 2493 faciat
1063 2455 1209 2493 habere
1275 2454 1453 2493 Henrico
1510 2454 1557 2492 de
1614 2453 1860 2501 Trublevill⁷‚
1917 2454 2136 2493 senescallo

429 2519 653 2565 wasconie,
685 2518 896 2568 sexaginta
934 2517 1044 2556 fusta
1083 2518 1125 2555 in
1164 2516 1283 2555 bosco
1325 2516 1505 2556 Simonis
1544 2517 1591 2554 de
1627 2516 1765 2554 Monte
1804 2517 1916 2554 Forti
1948 2517 1995 2555 de
2031 2517 2137 2555 dono

428 2582 556 2632 ipsius
605 2581 796 2632 Symonis
835 2580 941 2618 infra
981 2580 1172 2618 forestam
1221 2579 1324 2629 regis
1372 2578 1420 2617 de
1469 2579 1570 2617 Bere
1618 2579 1789 2628 sparsim
1829 2591 1897 2628 per
1935 2579 2021 2617 loca
2067 2578 2135 2617 ubi

431 2645 519 2695 capi
566 2646 756 2694 poterunt
803 2643 852 2681 ad
900 2643 1037 2680 minus
1079 2645 1374 2680 nocumentum
1424 2641 1532 2679 bosci
1572 2641 1740 2691 predicti
1779 2641 1968 2679 carianda
2014 2654 2138 2690 usque

432 2708 480 2746 ad
518 2707 672 2745 insulas
712 2706 814 2755 regis
854 2703 987 2744 Geres’
1026 2708 1066 2743 et
1106 2703 1262 2743 Gener'.
1324 2703 1441 2741 Teste
1480 2717 1570 2753 rege
1605 2704 1711 2753 apud
1747 2702 1958 2753 Kenyton’,
2000 2716 2035 2741 x.
2075 2704 2137 2741 die

430 2769 594 2820 Aprilis.

539 2893 631 2928 Rex.
690 2891 747 2927 De
783 2891 881 2926 'vinis
921 2889 1128 2926 liberandis
1175 2895 1207 2924 et
1255 2886 1766 2925 carimulis.-Mandatum
1805 2889 1865 2924 est
1903 2885 2135 2924 custodibus

431 2953 567 2993 celarii
608 2952 712 3001 regis
742 2950 1095 2989 westmonasterii
1133 2950 1239 2999 quod
1278 2949 1326 2987 de
1355 2949 1461 2987 vinis
1495 2948 1598 2998 regis
1631 2961 1707 2998 que
1746 2951 1841 2986 sunt
1879 2948 1921 2985 in
1956 2947 2134 2997 predicto

433 3015 577 3054 celario
624 3013 796 3051 liberent
844 3025 913 3062 per
950 3012 1081 3050 visum
1119 3011 1320 3049 Johannis
1358 3011 1405 3049 de
1444 3011 1648 3049 Colemere
1686 3009 1988 3048 vicecomitibus
2031 3010 2134 3058 regis

434 3078 619 3116 London'
670 3089 737 3114 sex
784 3074 892 3112 dolia
939 3073 1023 3111 vini
1072 3073 1262 3111 carianda
1307 3085 1432 3121 usque
1480 3072 1698 3122 Kenyton’.
1775 3070 1966 3109 Liberent
2012 3071 2133 3108 etiam

432 3140 610 3190 predicto
632 3137 812 3176 {Iohanni
842 3135 1053 3173 duodecim
1084 3134 1191 3173 dolia
1218 3134 1301 3173 vini
1332 3135 1379 3172 de
1408 3134 1586 3183 predicto
1615 3134 1757 3172 celerio
1783 3133 1983 3171 mittenda
2010 3146 2134 3182 usque

432 3203 482 3241 ad
523 3200 683 3239 Turrim
724 3198 826 3247 regis
864 3196 1060 3242 London’,
1102 3197 1206 3235 sicut
1246 3210 1314 3234 rex
1352 3197 1387 3234 ei
1426 3196 1614 3245 precepit.
1674 3196 1790 3233 Teste
1829 3198 1874 3232 ut
1912 3207 2043 3243 supra.

540 3279 780 3319 Mandatum
819 3280 877 3315 est
916 3276 1097 3314 Johanni
1147 3276 1193 3313 de
1244 3275 1447 3314 Colemere
1500 3275 1604 3324 quod
1657 3274 1704 3312 de
1755 3273 1860 3311 vinis
1907 3273 2010 3322 regis
2056 3286 2131 3323 que

432 3347 527 3383 sunt
565 3344 606 3380 in
645 3340 829 3380 custodia
867 3351 938 3378 sua
976 3338 1083 3387 apud
1118 3338 1301 3376 London’
1342 3337 1482 3375 liberet
1517 3335 1819 3375 vicecomitibus
1862 3334 1965 3383 regis
2002 3335 2129 3373 Lond'

430 3407 507 3445 tria
545 3405 652 3443 dolia
691 3402 880 3443 carianda
917 3413 1042 3452 usque
1083 3400 1304 3447 Waltham,
1343 3403 1382 3437 et
1421 3400 1597 3450 quinque
1631 3398 1738 3436 dolia
1776 3397 1964 3436 carianda
2003 3410 2127 3449 usque
