2375 3587
293 211 378 250 540

357 341 505 389 1237.

336 408 397 448 [m.
417 408 512 448 loa]

1232 214 1419 258 OLOSE
1464 215 1669 258 ROLLS.

592 406 783 445 comitem
850 408 1076 456 Heresorff,
1146 413 1366 456 tenentem,
1435 412 1482 450 de
1548 414 1722 461 quatuor
1785 413 1983 451 carucatis
2049 416 2151 452 terre
2207 426 2299 452 cum

592 469 846 517 pertinentiis
894 471 935 508 in
984 471 1281 513 Kinebauton’:
1339 477 1378 511 et
1430 475 1470 511 in
1524 474 1683 523 loquela
1729 488 1805 524 que
1858 478 1917 513 est
1969 488 2103 514 coram
2153 476 2299 514 eisdem

591 531 826 580 justiciariis
865 533 970 572 inter
1008 535 1181 573 eundem
1218 535 1455 581 Radulfum,
1495 539 1713 585 petentem,
1755 539 1794 575 et
1833 537 2058 586 predictum
2096 539 2298 585 comitem,

592 596 812 641 tenentem,
856 596 903 633 de
943 596 1071 635 tribus
1108 597 1305 635 carucatis
1345 601 1447 635 terre
1486 611 1580 636 cum
1625 599 1881 648 pertinentiis
1920 600 1962 637 in
2003 600 2299 650 Whytehurst’.

592 656 709 695 Teste
747 670 837 706 rege
876 658 981 707 apud
1021 658 1269 705 qudestok’,
1309 673 1346 697 v.
1388 660 1450 697 die
1490 661 1603 698 Julii.

699 745 939 783 Mandatum
978 750 1037 784 est
1075 747 1301 785 vicecomiti
1332 748 1483 786 Kancie
1512 749 1632 798 quod,
1663 749 1696 786 si
1730 748 1882 787 baillivi
1912 749 1962 786 E.
1997 749 2301 788 Cantuariensis

591 806 892 856 archiepiscopi,
937 808 999 845 vel
1047 808 1220 846 aliorum
1269 810 1337 859 qui
1386 809 1594 848 libertates
1652 810 1805 849 habent
1862 811 1903 848 in
1962 811 2161 849 comitatu
2219 824 2303 857 suo,

592 867 738 917 quibus
784 869 1006 908 vicecomes
1054 870 1361 910 denunciaverit
1417 873 1522 921 quod
1581 886 1648 911 eos
1714 873 1802 922 capi
1864 873 2018 912 faciant
2073 873 2142 922 qui
2199 873 2306 911 infra

590 930 795 969 libertates
844 946 936 970 suas
985 934 1123 971 rettati
1172 934 1325 972 fuerint
1373 935 1420 972 de
1470 935 1631 981 felonia,
1690 935 1943 985 negligentes
1992 935 2075 973 sint
2131 936 2180 973 ad
2237 948 2303 974 eos

591 994 817 1043 capiendos,
852 1008 1022 1033 manum
1062 999 1239 1045 apponat
1277 997 1327 1034 ad
1366 997 1473 1046 ipsos
1513 998 1727 1047 capiendos
1765 998 2006 1036 auctoritate
2053 998 2170 1047 regis,
2221 1010 2301 1036 non

590 1055 775 1094 obstante
814 1057 950 1106 aliqua
988 1057 1187 1097 libertate.
1275 1060 1330 1097 Et
1369 1060 1400 1097 si
1442 1064 1757 1109 transgressores
1797 1061 1944 1098 foreste
1983 1061 2046 1098 vel
2089 1068 2302 1110 parcorum

589 1118 879 1168 archiepiscopi
929 1120 1096 1169 predicti
1143 1122 1203 1159 vel
1253 1122 1424 1159 alioruin
1475 1122 1515 1159 in
1564 1123 1765 1160 comitatu
1828 1135 1899 1160 suo
1948 1136 2047 1172 quos
2095 1124 2201 1172 cepit
2239 1122 2302 1160 vel

589 1184 781 1230 capturus
838 1186 897 1220 est
954 1183 1148 1229 decetero,
1203 1184 1415 1222 inveniant
1473 1184 1548 1222 sibi
1616 1185 1884 1222 sufficientem
1935 1185 2196 1224 securitatem
2253 1185 2302 1223 ad

590 1244 780 1281 standum
821 1244 912 1282 inde
960 1249 1067 1284 recto
1114 1247 1275 1296 quando
1322 1250 1361 1285 et
1408 1246 1476 1284 ubi
1526 1247 1748 1295 preceperit
1788 1260 1868 1292 rex,
1900 1249 1939 1284 et
1977 1248 2083 1296 quod
2122 1248 2303 1285 decetero

589 1318 727 1354 pacem
767 1306 872 1355 regis
911 1307 1219 1354 conservabunt,
1269 1321 1338 1357 per
1382 1308 1641 1346 securitatem
1700 1309 1923 1358 predictam
1981 1322 2047 1347 eos
2103 1309 2300 1347 dimittat.

591 1369 707 1406 Teste
747 1381 835 1417 rege
875 1369 981 1418 apud
1022 1370 1270 1415 Wudestok’,
1321 1384 1358 1408 x.
1399 1371 1462 1408 die
1502 1371 1617 1408 Julii.

697 1456 781 1493 Rex
840 1456 1053 1496 abbatibus
1112 1459 1159 1496 de
1217 1458 1348 1504 Boxl’,
1412 1459 1560 1497 Sancte
1608 1459 1883 1508 Radegundis‚
1943 1463 1982 1498 et
2030 1460 2077 1498 de
2133 1459 2301 1505 Lesnes,

589 1519 776 1557 salutem.
864 1520 1098 1559 Memoriter
1157 1527 1342 1559 tenemus
1401 1535 1475 1559 nos
1542 1521 1641 1559 alias
1707 1521 1933 1560 inhibuisse
1998 1535 2048 1560 ne
2114 1521 2302 1560 teneretis

589 1581 783 1630 placitum
851 1582 891 1620 in
959 1584 1069 1622 curia
1142 1584 1454 1622 christianitatis
1531 1584 1636 1622 inter
1702 1584 1974 1623 venerabilem
2041 1585 2187 1623 fatrem
2250 1584 2300 1622 E.

589 1643 927 1682 Cantuariensem
967 1646 1331 1695 archiepiscopum,
1372 1660 1419 1683 ex
1460 1659 1539 1683 una
1579 1649 1705 1695 parte,
1746 1650 1785 1685 et
1824 1647 1997 1696 priorem
2032 1650 2071 1685 et
2111 1659 2304 1685 monacos

590 1708 737 1746 Sancte
771 1708 984 1746 Trinitatis
1025 1709 1242 1747 Cantuarie
1281 1722 1328 1746 ex
1367 1709 1459 1753 alia,
1502 1722 1620 1757 super
1659 1709 1991 1747 advocationibus
2031 1709 2301 1755 ecclesiarum,

589 1771 785 1816 mariscis,
840 1771 1036 1816 exenniis,
1078 1775 1116 1809 et
1169 1771 1348 1809 serviciis
1401 1771 1633 1809 hominum.
1720 1771 1776 1809 Et
1822 1772 1930 1820 quia,
1980 1785 2061 1809 non
2115 1771 2304 1810 obstante

588 1832 860 1880 prohibitione
918 1836 1056 1870 nostra
1114 1833 1307 1881 predicta,
1369 1833 1515 1870 iterum
1574 1833 1825 1870 summoneri
1910 1833 2062 1871 fecistis
2128 1833 2303 1871 eundem

588 1895 934 1945 archiepiscopum
976 1899 1021 1933 ut
1061 1898 1169 1933 certo
1199 1895 1260 1933 die
1295 1908 1430 1932 corani
1467 1894 1578 1933 vobis
1618 1899 1850 1943 compareat
1889 1896 1939 1933 ad
1975 1895 2303 1945 respondendum

589 1970 708 2006 super
746 1958 952 2007 premissis
991 1957 1053 1995 vel
1092 1957 1199 1995 diem
1239 1957 1514 2006 recipiendum
1563 1970 1641 2006 quo
1690 1970 1760 2006 per
1807 1970 1847 1995 se
1886 1958 1949 1996 vel
1998 1960 2301 2008 procuratorem

588 2032 722 2057 coram
762 2020 928 2058 domino
964 2033 1068 2069 papa
1107 2023 1338 2068 compareat
1378 2019 1469 2056 inde
1509 2032 1789 2068 responsurus,
1831 2023 1870 2057 et
1909 2020 2043 2058 littere
2083 2019 2303 2070 apostolice

589 2095 760 2131 quarum
813 2083 1053 2122 auctoritate
1092 2083 1168 2120 hoc
1202 2082 1336 2120 facitis
1374 2095 1444 2131 per
1482 2081 1574 2120 falsi
1613 2082 1915 2131 suggestionem
1956 2086 2051 2121 sunt
2087 2083 2303 2132 impetrate

587 2161 680 2186 cum
734 2147 973 2185 contineant
1031 2145 1200 2182 eandem
1257 2157 1420 2182 causam
1475 2143 1516 2180 in
1574 2143 1659 2181 foro
1716 2143 1986 2182 ecclesiastico
2031 2144 2130 2182 alias
2180 2143 2303 2181 fuisse

588 2212 803 2248 tractatam
843 2208 957 2246 nullo
1007 2207 1334 2256 predecessorum
1386 2209 1618 2243 nostrorum
1669 2218 1808 2254 regum
1863 2206 2010 2255 Anglie
2061 2206 2175 2244 illam
2213 2218 2302 2255 pro-

588 2271 765 2317 hibente,
806 2271 911 2320 quod
950 2269 1165 2307 manifeste
1206 2268 1357 2306 falsum
1397 2281 1480 2306 esse
1519 2267 1747 2305 dinoscitur
1781 2280 1874 2305 cum
1914 2268 2151 2318 hujusmodi
2184 2280 2304 2306 causa

588 2334 701 2371 nullo
740 2337 918 2382 tempore
957 2331 1052 2369 alibi
1091 2343 1213 2380 quam
1246 2330 1287 2367 in
1322 2330 1433 2368 curia
1466 2332 1605 2367 nostra
1635 2332 1674 2367 et
1713 2329 2037 2377 predecessorum
2072 2333 2303 2368 nostrorum

588 2396 749 2434 tractari
786 2395 1050 2441 consueverit,
1085 2393 1198 2431 vobis
1246 2393 1426 2431 districte
1461 2391 1721 2441 prohibemus
1755 2405 1874 2441 super
1904 2393 2042 2430 omnia
2074 2395 2306 2431 tenementa

589 2462 720 2497 vestra
758 2472 834 2508 que
874 2457 1019 2495 tenetis
1059 2457 1100 2494 in
1141 2468 1263 2505 regno
1302 2459 1440 2493 nostro
1480 2467 1529 2492 ne
1568 2454 1609 2492 in
1649 2454 1757 2492 dicta
1795 2467 1917 2493 causa
1955 2455 2180 2504 procedatis
2226 2453 2303 2504 ipsi

588 2521 889 2570 archiepiscopo
919 2520 1025 2558 diem
1056 2518 1297 2568 prefigentes
1325 2521 1439 2556 extra
1470 2529 1638 2565 regnum
1669 2520 1855 2554 nostrum
1876 2517 1938 2555 vel
1959 2518 2037 2555 alio
2064 2518 2183 2556 modo
2209 2520 2303 2555 ante

588 2583 806 2621 adventum
846 2582 999 2620 domini
1039 2581 1160 2630 legati
1201 2581 1241 2617 in
1289 2580 1494 2629 Angliam‚
1533 2578 1600 2628 qui
1643 2578 1684 2615 in
1723 2579 1861 2628 januis
1899 2582 1973 2625 est,
2014 2579 2078 2617 cui
2116 2579 2303 2618 volumus

589 2645 767 2693 predicta
805 2644 1104 2683 communicare
1144 2647 1183 2681 et
1218 2643 1259 2680 in
1294 2642 1444 2680 eisdem
1484 2641 1571 2691 ejus
1605 2641 1663 2678 uti
1696 2641 1880 2679 consilio.
1940 2642 2058 2680 Teste
2091 2644 2137 2680 ut
2167 2654 2301 2691 supra.

696 2732 926 2770 Willelmus
965 2732 1012 2769 de
1052 2730 1207 2769 Albem'
1248 2734 1286 2769 et
1326 2728 1558 2769 Christiana
1597 2740 1696 2765 uxor
1734 2728 1767 2777 ej
1812 2729 2058 2778 [('am·elle(l.]

699 2820 927 2858 Willelmus
956 2820 1003 2857 de
1033 2818 1190 2857 Albem'
1219 2818 1442 2857 attornavit
1475 2817 1586 2870 100οχ
1602 2816 1747 2853 Veisus
1803 2815 2016 2853 dominum
2064 2829 2197 2865 regern
2254 2816 2304 2854 ad

753 2882 973 2920 Ricardum
1012 2881 1060 2919 de
1100 2880 1301 2919 Bolebec.
1578 2877 1583 2914 f
1654 2878 1896 2926 pretendum
1943 2881 1982 2916 et
2029 2879 2302 2928 recipiendum

1579 2915 1583 2992 l
1655 2939 1936 2978 rationabilem
1984 2944 2140 2990 partem
2187 2954 2302 2979 suam

700 2977 944 3022 Christiana,
970 2989 1070 3014 uxor
1097 2975 1292 3014 Willelmi
1319 2976 1367 3013 de
1387 2975 1559 3022 Albem',
1578 2995 1581 3033 ἱ
1655 3014 1732 3050 que
1752 3014 1818 3040 eos
1838 3002 2040 3052 contingit
2063 3003 2303 3041 hereditarie

754 3041 976 3080 attornavit
1013 3041 1099 3079 loco
1134 3054 1206 3079 suo
1240 3041 1407 3079 Petrum
1442 3041 1490 3079 de
1523 3040 1562 3078 la
1581 3036 1592 3088 l*
1656 3066 1704 3104 de
1731 3069 1836 3105 terra
1863 3081 1939 3117 que
1968 3068 2047 3106 fuit
2075 3068 2112 3106 J,
2142 3068 2301 3107 eomffls

755 3104 1057 3153 Champaygne'
1657 3128 1823 3176 Cestrie‚
1859 3129 1909 3167 *a
1946 3130 2010 3168 die
2050 3130 2190 3169 Sancti
2225 3130 2300 3168 Mi-

703 3191 877 3231 Isabella
910 3190 957 3228 de
988 3190 1103 3227 Brus'
1136 3190 1358 3228 attornavit
1384 3191 1470 3229 loco
1491 3204 1563 3230 suo
1656 3191 1806 3229 chaelis
1854 3191 1895 3229 in
1944 3205 2071 3230 unum
2120 3205 2300 3231 mensem

756 3253 864 3293 Saer'
886 3252 934 3290 de
956 3251 1226 3291 Wulaveston'
1248 3255 1288 3291 et
1309 3252 1561 3291 Willelmum
1579 3230 1586 3301 i
1656 3251 1900 3302 ubicumque
1974 3253 2163 3292 dominus
2235 3267 2301 3292 rex

753 3315 801 3354 de
840 3316 964 3353 Lacu.
1576 3302 1586 3359 „²
1656 3316 1790 3355 fuerit.

987 3411 1001 3425 *¹
1016 3409 1124 3440 These
1148 3411 1257 3442 words
1281 3385 1459 3452 following
1484 3386 1735 3444 areweancelled
1758 3414 1795 3444 in
1818 3413 1889 3445 MS.
