2375 3587
217 191 300 235 Hm

284 320 417 366 1235

280 387 342 425 [m.
358 386 403 425 2.]

1145 194 1328 239 CLosE
1375 193 1577 237 RoLLs

617 393 693 428 Pro
739 394 866 428 abbate
913 390 1604 429 11'estnmnasteriens1‘.—Man(1atu1n
1643 391 1704 427 est
1742 387 1958 426 baronibus
1996 387 2044 425 (16
2083 385 2196 426 Scae-

508 453 614 490 cario
648 454 748 502 quod
786 454 922 492 onmia
955 454 1280 498 amercianienta,
1316 465 1391 502 que
1430 454 1662 500 receperunt
1697 449 1745 488 ab
1779 448 2011 488 hominibus
2045 448 2199 487 abbatis

508 516 545 550 et
596 518 817 553 conventus
862 515 1304 553 Westmonasteriensis
1353 517 1493 552 contra
1542 512 1745 550 libertates
1797 524 1895 560 quas
1944 510 2093 548 habent
2131 524 2199 559 per

508 580 658 613 cartam
708 577 811 625 regis
860 577 906 614 de
962 576 1187 626 quietantia
1243 576 1512 624 predictorum
1569 573 1973 611 amerciamentorum
2029 575 2067 610 et
2122 585 2198 622 que

508 640 663 686 recepta
720 641 814 675 sunt
871 643 960 687 post
1024 638 1317 676 confectionem
1375 636 1484 674 illius
1541 638 1659 681 carte,
1717 633 1906 683 predictis
1967 633 2101 672 abbati
2158 637 2197 672 et

506 699 720 737 conventui
760 699 844 737 sine
881 699 1074 738 dilatione
1112 699 1222 736 reddi
1261 699 1424 737 faciant.
1484 697 1599 735 Teste
1638 699 1682 734 ut
1716 709 1847 745 supra.

615 786 668 822 De
706 794 849 823 estenta
888 786 1375 830 facimula.—Mandatum
1423 789 1482 822 est
1528 783 1752 822 vicecomiti
1800 783 1942 821 Norht'
1982 784 2086 833 quod
2129 797 2198 833 per

505 850 801 884 sacramentum
832 847 1047 896 proborum
1080 852 1117 885 et
1155 847 1345 896 legalium
1377 846 1591 884 hominum
1625 846 1672 883 de
1703 845 1898 883 comitatu
1929 858 2000 883 suo
2038 846 2199 883 extendi

505 907 624 945 faciat
673 912 796 946 terras
841 909 1027 956 Hugonis
1075 909 1121 946 de
1169 908 1341 946 Bernak‘
1382 912 1420 946 et
1468 907 1641 945 Galfridi
1689 907 1735 944 de
1783 905 1956 944 Bernak’
1996 907 2038 944 in
2079 906 2198 945 ballia

505 982 588 1015 sua,
647 965 843 1018 quantum
894 971 1045 1008 scilicet
1100 974 1203 1008 terra
1253 970 1460 1020 utriusque
1505 982 1642 1007 eorum
1692 969 1821 1007 valeat
1878 969 1919 1006 in
1970 969 2196 1017 dominicis,

504 1031 736 1078 redditibus,
791 1033 1002 1081 vilenagiis
1053 1037 1091 1070 et
1149 1033 1236 1070 aliis
1289 1031 1462 1070 exitibus
1515 1036 1630 1069 terre.
1707 1031 1762 1068 Et
1812 1034 2017 1068 extentam
2068 1031 2195 1078 illam,

503 1093 690 1131 distincte
751 1099 789 1132 et
849 1098 983 1143 aperte
1045 1095 1085 1131 in
1148 1095 1339 1143 scriptum
1398 1094 1612 1139 redactam,
1664 1087 1755 1130 sine
1812 1092 2004 1131 dilatione
2061 1094 2197 1133 mittat

501 1155 734 1204 justiciariis
782 1157 996 1205 assignatis
1044 1157 1091 1194 ad
1140 1157 1362 1195 custodiam
1401 1156 1635 1201 Judeorum,
1676 1157 1714 1192 et
1761 1154 1890 1192 breve.
1949 1155 2064 1194 Teste
2107 1170 2197 1207 rege

502 1217 607 1266 apud
645 1217 1065 1264 Westmonasterium,
1105 1222 1149 1256 ut
1188 1232 1321 1267 supra.

609 1296 664 1334 Et
710 1297 948 1334 mandatum
988 1301 1047 1335 est
1084 1296 1318 1347 justiciariis
1356 1296 1405 1334 ad
1443 1295 1669 1334 custodiam
1708 1295 1930 1333 Judeorum
1978 1295 2195 1345 assignatis

501 1357 617 1406 quod,
666 1371 757 1395 cum
806 1359 1008 1407 predictus
1055 1359 1273 1397 vicecomes
1321 1358 1458 1396 fecerit
1506 1361 1545 1395 et
1592 1357 1648 1394 eis
1695 1356 1850 1395 miserit
1895 1359 2100 1396 extentam
2148 1359 2195 1397 de

500 1419 615 1456 terris
668 1419 855 1468 predictis
915 1420 1079 1468 Hugoni
1137 1423 1175 1458 et
1232 1420 1415 1457 Gralfrido
1470 1419 1517 1456 de
1569 1418 1680 1468 xlvij.
1731 1418 1889 1464 marcis,
1940 1432 2038 1468 quas
2090 1420 2194 1459 idem

500 1480 622 1529 Hugo
660 1481 776 1519 debet
826 1482 933 1520 Meer
985 1483 1113 1520 -Judeo
1164 1482 1394 1527 Stamford’,
1447 1485 1486 1519 et
1536 1482 1583 1519 de
1635 1480 1780 1529 viginti
1832 1483 2004 1530 quatuor
2048 1483 2194 1522 marcis

500 1556 598 1592 quas
636 1543 835 1592 predictus
875 1544 1081 1582 Galfridus
1120 1544 1234 1582 debet
1283 1544 1436 1593 Copino
1485 1544 1611 1580 »ludeo
1662 1542 1895 1588 Stamford',
1937 1543 2194 1584 rationabiles

499 1606 600 1643 fines
638 1610 677 1643 et
715 1606 973 1644 rationabiles
1012 1607 1205 1645 terminos
1253 1606 1398 1644 habere
1449 1606 1600 1644 faciant
1650 1605 1870 1643 secundum
1923 1606 2193 1655 quantitatem

498 1666 723 1705 debitorum
761 1671 799 1705 et
837 1668 1011 1705 valorem
1063 1668 1342 1717 predictarum·
1383 1672 1592 1705 terrarum.
1664 1666 1779 1704 Teste
1831 1679 1918 1716 rege
1966 1670 2009 1705 ut
2058 1680 2192 1718 supra.

499 1729 574 1766 Per
613 1729 661 1766 (¹1.
702 1729 748 1767 de
789 1729 1042 1767 Graucuinb’.

610 1817 682 1853 l'm
751 1818 800 1854 lt'.
872 1819 1142 1854 ‘'cinnum-imru*
1208 1816 1657 1865 awli{episcopm—Quia
1725 1829 1792 1853 rex
1860 1816 2059 1855 intellexit
2126 1831 2194 1867 per

496 1877 798 1927 inquisitionem
837 1879 986 1916 factam
1025 1892 1092 1927 per
1122 1882 1353 1927 preceptum
1384 1891 1501 1915 suum
1531 1878 1635 1927 quod
1667 1877 1893 1915 manerium
1923 1878 1970 1916 de
2001 1878 2192 1918 Haudlou

496 1940 668 1988 pertinet
706 1940 753 1977 ad
792 1941 1019 1978 manerium
1058 1941 1104 1977 de
1153 1939 1408 1989 Tunebrug';
1468 1940 1706 1977 mandatum
1755 1943 1814 1977 est
1857 1939 2028 1978 Ricardo
2066 1941 2113 1979 de
2151 1942 2190 1979 la

497 2002 623 2039 Lad'*
660 2003 762 2052 quod
810 2003 860 2040 E.
911 2002 1191 2041 Cantuariensi
1238 2003 1536 2051 archiepiscopo
1593 2002 1640 2039 de
1697 2001 1872 2051 predicto
1920 2002 2098 2041 manerio
2144 2004 2192 2042 de

497 2063 685 2101 Haudlou
724 2064 809 2102 sine
850 2065 1042 2102 dilatione
1081 2064 1242 2113 plenam
1287 2065 1476 2102 seisinain
1525 2063 1669 2101 habere
1717 2063 1851 2101 faciat.
1939 2064 2055 2103 Teste
2101 2078 2191 2115 rege

496 2126 600 2174 apud
639 2126 1055 2172 Westnionasterium‚
1096 2126 1189 2175 xvij.
1231 2127 1293 2164 die
1328 2126 1526 2164 Octobris.
1603 2126 1679 2163 Per
1717 2125 1850 2174 ipsum
1890 2138 2036 2175 regem.

606 2214 681 2250 ΡΜ
720 2215 908 2261 Αἰμνηωνα
947 2215 1220 2261 mut-saussaium
1262 2212 1669 2261 restisa—Mandatum
1717 2216 1777 2250 est
1824 2212 1979 2250 Custodi
2027 2213 2190 2253 honoris

494 2273 760 2312 Richemund⁷
809 2275 913 2324 quod
961 2275 1080 2313 faciat
1129 2275 1273 2313 habere
1312 2275 1510 2324 Alyenore
1549 2273 1844 2323 consanguinee
1883 2274 1986 2323 regis
2028 2275 2189 2324 plenam

493 2335 681 2373 seisinam
733 2337 780 2373 de
828 2337 1007 2374 manerio
1058 2337 1104 2374 de
1159 2337 1362 2374 Swafham
1411 2348 1502 2374 cum
1551 2335 1703 2373 carucis
1752 2338 1790 2373 et
1838 2334 1966 2373 bladis
2012 2337 2189 2386 ejusdem

493 2397 661 2435 manerii
708 2398 753 2435 de
801 2402 1025 2447 autumpno
1073 2399 1254 2448 proximo
1292 2398 1492 2447 preterito,
1533 2409 1640 2435 anno
1677 2400 1750 2435 etc.
1792 2397 1871 2434 xix.
1947 2397 2064 2436 Teste
2100 2412 2190 2449 rege

492 2459 597 2507 apud
635 2460 1050 2505 Westmonasterium,
1093 2461 1201 2511 xviij.
1241 2461 1303 2498 die
1344 2459 1540 2498 Octobris.

605 2547 657 2582 ])ι1
711 2548 909 2594 ‹sum-culm
965 2547 1376 2584 «larisu—Mandatum
1424 2549 1484 2583 est
1531 2545 1711 2583 »Iohanni
1763 2545 1809 2583 de
1857 2546 2034 2583 Monem’
2083 2549 2188 2597 quod

493 2606 636 2644 habere
673 2607 794 2645 faciat
832 2608 1026 2646 Nicholao
1063 2609 1109 2646 de
1148 2609 1265 2647 Molis
1305 2608 1511 2656 sexaginta
1557 2620 1725 2656 quercus
1774 2607 1814 2644 in
1863 2607 1975 2646 Nova
2023 2609 2188 2648 Foresta

492 2668 540 2705 ad
577 2668 715 2706 domos
754 2681 845 2706 suas
882 2669 928 2706 de
967 2670 1262 2719 Alvingeham’‚
1298 2682 1372 2718 que
1410 2682 1537 2717 nuper
1576 2681 1644 2717 per
1678 2668 1949 2706 infortunium
1981 2670 2187 2710 combuste

492 2730 669 2775 fuerunt,
710 2730 938 2768 relevandas
977 2731 1023 2768 de
1061 2731 1166 2769 dono
1204 2731 1322 2780 regis.
1400 2730 1517 2768 Teste
1556 2733 1600 2767 ut
1639 2742 1772 2778 supra.

600 2819 677 2854 Pro
715 2819 764 2855 A.
803 2820 987 2855 coitiz'tz'ssa
1030 2820 1163 2855 l’enhr'
1205 2821 1246 2854 <le
1289 2817 1718 2866 pet-alanarianen—Rex
1756 2815 1973 2855 baronibus
2011 2818 2093 2856 suis
2139 2820 2186 2858 de

492 2878 698 2917 Scaccario
729 2878 912 2916 salutem.
973 2879 1117 2917 Sciatis
1146 2879 1251 2928 quod
1284 2878 1593 2928 perdonavimus
1622 2877 1764 2915 dilecte
1798 2877 1922 2915 sorori
1955 2882 2102 2925 nostre,
2138 2880 2183 2919 A.

489 2940 690 2978 comitisse
722 2939 880 2986 Penbr',
914 2944 1076 2978 centum
1116 2944 1155 2978 et
1194 2941 1361 2989 triginta
1391 2944 1430 2978 et
1465 2940 1641 2989 quinque
1674 2939 1794 2977 libras
1828 2939 2075 2987 blancorum,
2110 2956 2185 2992 que

488 3006 648 3039 extense
686 3005 781 3039 sunt
819 3002 867 3039 ad
901 3006 1063 3040 centum
1098 3006 1136 3040 et
1175 3002 1443 3051 quadraginta
1474 3005 1512 3039 et
1550 3014 1674 3039 unam
1712 3000 1856 3038 libram
1887 3004 1925 3039 et
1955 3002 2183 3051 quindecim

488 3063 646 3108 solidos,
686 3063 754 3111 qui
801 3063 1016 3112 exiguntur
1062 3063 1111 3101 ab
1157 3077 1202 3101 ea
1249 3064 1296 3100 ad
1347 3062 1600 3102 Scaccarium
1648 3065 1832 3100 nostrum
1881 3062 1927 3100 de
1974 3064 2090 3102 firma
2136 3065 2183 3103 de

493 3124 722 3162 Wexcumb'
755 3128 793 3161 et
826 3124 1046 3162 Bidewind'
1079 3125 1125 3161 (16
1162 3125 1328 3162 dimidio
1367 3138 1474 3162 anno
1513 3124 1625 3172 regni
1663 3123 1790 3161 nostri
1829 3137 1892 3161 xv.
1928 3127 1967 3162 et
2004 3125 2051 3163 de
2089 3126 2184 3165 totis

486 3186 603 3224 annis
652 3186 763 3235 regni
808 3186 934 3223 nostri
981 3186 1076 3235 xvj„
1125 3186 1279 3224 decimo
1324 3186 1509 3235 septimo,
1561 3185 1715 3223 decimo
1760 3188 1899 3223 octavo
1944 3189 1982 3224 et
2029 3187 2183 3227 decimo

484 3260 604 3285 nono.
655 3247 973 3285 Perdonavimus
1001 3247 1124 3284 etiam
1151 3247 1279 3284 eidem
1310 3247 1513 3285 comitisse
1543 3247 1734 3284 ducentas
1764 3258 1931 3293 marcas,
1957 3260 2032 3297 que
2061 3248 2110 3287 ab
2138 3262 2184 3288 ea

965 3345 978 3359 *
994 3341 1177 3373 Corrected
1202 3342 1289 3373 from
1316 3345 1323 3358 ‘
1338 3341 1574 3372 excaetoribus
1597 3341 1713 3380 regis.’
