2375 3587
241 197 323 237 224

300 342 445 389 1236.

302 411 361 449 [m.
387 408 455 446 20.]

1174 195 1358 238 CLOSE
1398 194 1601 237 ROLLS.

1046 291 1736 299 -—-—-—-——-.——-———-—-

644 411 736 448 Rem.
793 410 872 447 Pro
904 423 984 459 reye
1015 411 1058 447 de
1090 407 1598 447 mationa—Mandatum
1627 409 1687 444 est
1716 406 1886 445 Ricardo
1915 406 1963 444 de
1993 404 2235 444 Muntfichet

536 471 642 521 quod
680 471 930 510 Willelmum
977 473 1070 522 May
1107 473 1146 509 et
1192 470 1442 509 Willelmum
1489 469 1629 514 Luvel,
1677 470 1887 506 venatores
1933 466 2050 516 regis,
2099 467 2234 516 quos‘’

537 546 603 571 rex
642 533 771 572 mittit
808 533 858 572 ad
896 546 988 572 eum
1026 533 1075 571 ad
1113 531 1354 581 capiendum
1403 529 1699 581 quinquaginta
1745 529 1884 567 damas
1931 528 1973 566 in
2021 540 2141 578 parco
2188 528 2235 566 (16

538 595 759 645 Havering’
801 595 939 633 damas
976 594 1067 632 illas
1106 606 1245 643 capere
1288 592 1498 642 permittat
1545 594 1584 630 et
1629 594 1768 641 postea
1810 593 1940 630 totam
1977 589 2234 629 venationem

538 656 647 696 saliri
684 659 724 696 et
761 670 886 708 usque
922 655 1328 694 Westmonasterium
1367 653 1508 693 cariari
1559 653 1696 699 faciat,
1736 653 1794 691 ita
1835 652 1941 703 quod
1988 652 2040 691 sit
2087 651 2235 690 ibidem

537 719 601 758 die
638 718 801 758 Veneris
839 718 1021 768 proxima
1059 719 1149 766 post
1188 716 1337 755 festum
1379 715 1520 755 Sancti
1560 715 1737 761 Hillarii,
1776 727 1884 753 anno
1922 716 1998 752 etc.
2039 726 2104 751 xx.
2179 712 2236 751 Et

537 793 605 820 rex
648 784 761 831 rogat
811 780 945 830 ipsum
989 779 1208 818 Ricardum
1255 778 1361 828 quod
1405 778 1455 816 ad
1500 777 1640 815 damas
1684 777 1774 815 illas
1820 776 2035 826 capiendas
2086 774 2235 813 eisdem

538 842 795 882 venatoribus
833 842 885 880 sit
922 840 1136 879 auxilians.
1213 839 1330 878 Teste
1368 842 1413 878 ut
1451 852 1583 888 supra.

653 930 703 966 De
752 930 952 977 quercubus
1007 925 1421 965 datia-Mandatum
1471 927 1531 964 est
1579 923 1878 963 constabulario
1926 924 1973 962 de
2022 923 2236 962 Portcestr'

539 990 643 1041 quod
681 990 802 1028 faciat
839 988 984 1027 habere
1020 987 1155 1027 abbati
1194 988 1241 1026 de
1277 987 1497 1026 Tichefeld'
1538 987 1578 1025 in
1619 986 1738 1026 bosco
1776 985 1880 1036 regis
1916 986 1963 1024 de
1993 986 2033 1024 la
2063 985 2154 1023 Ber'
2187 985 2237 1023 ad

539 1065 579 1091 se
617 1051 906 1100 hospitandum
939 1050 1115 1103 quinque
1153 1062 1334 1100 quercus,
1375 1050 1423 1087 de
1457 1049 1561 1087 dono
1600 1048 1716 1098 regis.
1794 1048 1910 1086 Teste
1949 1050 1994 1086 ut
2032 1060 2164 1097 supra.

648 1140 725 1175 Pro
759 1139 955 1183 Alienora,
985 1138 1265 1185 consanssszszfnea
1298 1135 1708 1184 reaia—Mandatum
1744 1136 1803 1173 est
1835 1133 2039 1173 Willelmo
2073 1132 2239 1171 Talebot

539 1200 644 1251 quod
699 1199 908 1249 permittat
972 1198 1244 1248 Margaretam
1311 1198 1456 1249 Bysset
1521 1197 1643 1235 semel
1708 1208 1914 1235 accessum
1980 1194 2126 1233 habere
2189 1194 2239 1233 ad

540 1263 784 1306 Alienoram,
825 1260 1167 1310 consanguineam
1208 1259 1326 1310 regis,
1375 1259 1424 1298 ad
1472 1259 1719 1309 loquendum
1767 1271 1860 1297 cum
1904 1270 1962 1296 ea.
2040 1257 2156 1296 Teste
2194 1258 2240 1295 ut

540 1337 672 1374 supra.

648 1412 704 1448 De
750 1412 872 1447 damis
914 1409 1329 1448 datia—Mandatum
1377 1411 1438 1447 est
1486 1407 1667 1446 Johanni
1714 1407 1762 1445 de
1809 1406 1969 1453 Nevill’,
2017 1405 2240 1457 justiciario

540 1474 697 1517 foreste,
748 1473 854 1521 quod
903 1472 944 1509 in
995 1472 1144 1510 foresta
1197 1472 1300 1521 regis
1356 1472 1402 1509 (16
1461 1470 1687 1519 Chipeham
1744 1469 1867 1509 faciat
1923 1468 2070 1508 habere
2126 1468 2241 1507 uxori

540 1535 765 1576 Joha11n1s†
802 1535 848 1572 de
883 1535 1056 1573 Plesseiz
1096 1535 1194 1572 duas
1232 1533 1385 1580 damas,
1428 1533 1474 1571 de
1514 1532 1619 1570 dono
1658 1532 1776 1582 regis.
1854 1532 1972 1570 Teste
2006 1543 2096 1580 rege
2134 1530 2240 1580 apud

542 1597 791 1647 Merleberg',
830 1597 886 1648 iij.
927 1597 989 1634 die
1028 1596 1226 1635 Januarii.

653 1688 727 1723 Pro
767 1687 975 1722 Eustachio
1015 1686 1057 1721 de
1098 1682 1517 1722 Hoz'l’.——Mandatum
1555 1684 1615 1720 est
1655 1680 1827 1719 Ricardo
1865 1680 1912 1718 de
1950 1680 2050 1718 Lad'
2086 1682 2125 1719 et
2159 1679 2242 1718 Ade

541 1748 624 1786 filio
663 1747 866 1792 willelmi,
906 1744 1180 1785 excaetoribus
1227 1745 1344 1795 regis,
1379 1744 1484 1795 quod
1532 1744 1579 1782 de
1628 1746 1731 1782 terra
1777 1755 1852 1793 que
1899 1742 1977 1781 fuit
2018 1741 2155 1792 [Petri]
2196 1742 2243 1780 de

542 1809 722 1849 Meulent
764 1811 804 1847 et
841 1822 916 1859 que
954 1812 1043 1858 post
1091 1810 1264 1846 mortem
1304 1819 1419 1845 suam
1457 1805 1618 1845 devenit
1656 1805 1698 1843 in
1737 1817 1906 1842 manum
1946 1804 2049 1854 regis
2087 1803 2243 1843 ratione

542 1872 721 1911 custodie
755 1874 857 1909 terre
895 1874 933 1909 et
964 1870 1121 1908 heredis
1160 1869 1210 1907 G.
1247 1869 1407 1908 comitis
1447 1868 1605 1915 Glouc'‚
1637 1868 1678 1905 in
1717 1880 1843 1905 manu
1881 1866 1985 1916 regis
2019 1865 2242 1912 existentis,

543 1934 766 1972 Eustachio
822 1933 870 1971 de
920 1932 1038 1977 Roil’,
1090 1932 1173 1970 filio
1222 1934 1260 1970 et
1312 1930 1448 1969 heredi
1496 1930 1623 1980 ipsius
1672 1929 1795 1975 Petri,
1846 1928 2007 1978 plenam
2053 1928 2242 1967 seisinam

543 1996 688 2035 habere
726 1995 861 2034 faciat.
919 1995 1036 2033 Teste
1074 2007 1164 2044 rege
1203 1994 1309 2043 apud
1348 1991 1601 2041 Merleberg',
1642 1991 1717 2042 iiij.
1757 1991 1821 2029 die
1860 1990 2058 2029 Januarii.
2098 2012 2104 2017 -

651 2085 707 2121 De
743 2084 945 2132 quercubus
984 2081 1399 2119 datis.—Mandatu1n
1438 2082 1497 2118 est
1537 2079 1716 2118 Johanni
1757 2078 1805 2117 de
1850 2077 1996 2116 Nevill'
2046 2077 2153 2128 quod
2200 2076 2243 2114 in

543 2145 691 2185 foresta
746 2145 793 2184 de
851 2144 1016 2183 Gautris
1066 2142 1187 2181 faciat
1238 2141 1385 2180 habere
1434 2140 1626 2180 fratribus
1679 2139 1905 2179 minoribus
1961 2140 2009 2178 de
2062 2138 2244 2178 Eboraco

543 2208 689 2258 viginti
726 2220 894 2257 quercus
933 2206 982 2244 ad
1024 2219 1064 2244 se
1105 2205 1397 2255 hospitandum
1443 2204 1548 2254 apud
1593 2203 1837 2248 Eboracum,
1884 2202 1932 2240 de
1975 2202 2081 2241 dono
2125 2201 2243 2251 regis.

545 2271 661 2309 Teste
699 2273 744 2309 ut
783 2282 915 2318 supra.

654 2358 732 2393 Pro
784 2357 912 2393 abbate
963 2357 1006 2392 de
1059 2355 1168 2393 Bello
1220 2352 1635 2392 Loca—Mandatum
1682 2354 1742 2390 est
1787 2349 2021 2390 custodibus
2058 2350 2244 2389 vinorum

544 2419 647 2468 regis
683 2418 898 2467 Suhampt'
925 2417 1030 2466 quod
1061 2417 1108 2455 de
1138 2416 1244 2455 vinis
1275 2415 1379 2465 regis
1410 2415 1458 2454 de
1488 2415 1597 2464 prisa
1625 2413 1730 2463 regis
1761 2426 1836 2464 que
1868 2415 1962 2451 sunt
1991 2412 2033 2450 in
2064 2411 2247 2451 custodia

545 2494 616 2519 sua
646 2480 834 2529 facia[n]t
871 2478 1014 2517 habere
1052 2478 1186 2517 abbati
1225 2478 1272 2516 de
1309 2478 1421 2516 Bello
1450 2478 1556 2516 Loco
1586 2488 1715 2514 unum
1746 2475 1900 2514 dolium
1931 2474 2029 2520 vini,
2065 2474 2113 2513 de
2142 2474 2247 2513 dono

545 2542 663 2592 regis.
722 2542 839 2579 Teste
876 2543 922 2579 ut
961 2553 1095 2589 supra.

653 2630 732 2666 Pro
776 2629 862 2665 Eva
909 2629 951 2663 de
1001 2626 1453 2664 R›·a0,>·'.—Mandatum
1501 2627 1561 2663 est
1608 2622 1834 2663 vicecomiti
1882 2622 2092 2661 Hereford‘
2141 2624 2247 2674 quod

545 2690 753 2729 duodecim
818 2700 974 2727 marcas
1030 2700 1128 2737 quas
1195 2687 1298 2736 cepit
1365 2687 1412 2725 de
1468 2687 1658 2724 Johanne
1715 2687 1819 2734 Tepe
1875 2687 1914 2723 et
1970 2684 2088 2723 sociis
2150 2685 2245 2732 suis,

546 2750 781 2791 hominibus
845 2749 931 2788 Eve
995 2749 1042 2786 de
1110 2749 1263 2793 Braos’,
1325 2748 1372 2786 de
1436 2748 1611 2797 quadam
1676 2746 1952 2785 misericordia
2016 2745 2059 2784 in
2125 2759 2246 2796 quam

546 2813 789 2858 inciderunt,
835 2823 934 2861 quos
983 2810 1146 2860 quidem
1197 2810 1381 2848 denarios
1430 2822 1498 2847 rex
1546 2808 1656 2847 dedit
1708 2807 1785 2857 ipsi
1837 2808 1923 2846 Eve
1971 2808 2021 2846 ad
2070 2811 2246 2846 castrum

547 2889 666 2915 suum
704 2873 965 2918 firmandum,
997 2873 1033 2910 ei
1071 2872 1158 2911 sine
1195 2872 1389 2910 dilatione
1427 2870 1572 2910 habere
1610 2871 1746 2909 faciat.
1819 2870 1936 2908 Teste
1975 2872 2019 2908 ut
2057 2882 2191 2919 supra.

656 2964 733 3000 Pro
774 2961 993 3005 Clementia,
1033 2961 1222 2996 comitissa
1257 2957 1708 2997 cestria—Mandatum
1751 2960 1811 2996 est
1857 2957 2082 2996 vicecomiti
2127 2955 2246 2994 Derb'

547 3024 666 3074 quod,
707 3035 788 3061 non
826 3021 1013 3060 obstante
1059 3021 1252 3059 mandato
1299 3020 1402 3070 regis
1439 3020 1545 3070 quod
1592 3031 1660 3057 rex
1705 3019 1800 3058 fecit
1841 3019 1971 3057 eidem
2013 3019 2061 3057 de
2103 3018 2251 3057 seisina

548 3085 731 3124 facienda
751 3082 918 3133 Hugoni
946 3083 993 3121 (16
1014 3082 1223 3121 Albiniaco
1252 3082 1300 3120 de
1326 3082 1506 3120 manerio
1536 3081 1583 3120 de
1615 3080 1836 3131 Smetheby
1860 3093 1952 3119 cum
1979 3079 2247 3130 pertinentiis,

549 3147 667 3186 blada
713 3148 752 3184 et
797 3144 944 3184 catalla
989 3157 1065 3194 que
1113 3143 1351 3190 Clementia,
1401 3143 1609 3182 comitissa
1655 3142 1819 3188 Cestrie,
1865 3141 2009 3180 habuit
2056 3141 2098 3179 in
2146 3144 2252 3180 terra

547 3209 737 3259 predicta,
796 3206 925 3246 eidem
981 3206 1184 3245 comitisse
1240 3205 1325 3244 sine
1380 3205 1575 3245 dilatione
1630 3204 1777 3244 habere
1828 3204 1963 3243 faciat.
2037 3203 2155 3242 Teste
2205 3204 2251 3242 ut

549 3284 682 3321 supra.

1000 3368 1014 3382 *
1033 3369 1039 3382 ι
1056 3364 1176 3405 ῳηοᾱῃ
1195 3364 1272 3397 Μ6.
1528 3366 1544 3404 †
1568 3363 1704 3404 ‘soffia
1735 3363 1809 3396 MS.
