2375 3587
203 316 350 364 1236.

203 382 353 424 [m.2o.]

210 680 269 718 [m.
285 678 352 718 ia]

1081 202 1134 242 21
1178 200 1385 242 HENRY
1425 201 1507 243 III.
2068 205 2152 245 399

447 399 624 447 predicta
684 402 907 438 mercatum
969 402 1009 438 et
1067 399 1164 438 feria
1223 412 1304 437 non
1353 399 1434 438 sint
1500 400 1549 437 ad
1597 404 1889 440 nocumentum
1928 401 2152 440 vicinorum

448 465 717 501 mercatorum
770 465 809 500 et
858 462 1085 501 vicinarum
1135 461 1343 500 feriarum.
1426 461 1482 500 Et
1530 462 1618 500 ideo
1658 462 1729 501 tibi
1768 464 2011 514 precipimus
2049 464 2154 513 quod

449 523 507 562 ita
561 525 728 563 clamari
778 527 816 563 et
866 524 995 563 teneri
1047 537 1116 574 per
1168 527 1296 563 totam
1346 523 1511 562 balliam
1560 527 1674 563 tuam
1728 526 1865 565 facias.
1953 526 2070 564 Teste
2110 529 2154 565 ut

451 598 585 635 supra.

563 691 644 729 Pro
701 693 885 731 Willelmo
935 695 977 730 de
1028 690 1514 730 worma—Mandatum
1564 694 1624 730 est
1676 691 1831 730 Thome
1882 693 1929 730 de
1986 693 2152 742 Langel’

449 753 555 802 quod
594 752 740 792 habere
779 754 901 793 faciat
941 754 1147 793 Willelmo
1187 753 1234 791 de
1273 751 1457 791 Eboraco
1494 756 1668 803 quatuor
1705 766 1874 804 quercus
1923 755 1971 792 ad
2020 755 2153 793 focum

449 827 563 852 suam
612 819 650 854 et
697 820 869 866 quatuor
930 817 1069 855 damas
1117 816 1159 854 in
1207 816 1357 854 foresta
1403 815 1507 864 regis
1555 815 1602 853 de
1645 815 1925 864 Wicchewud’‚
1965 817 2012 854 de
2049 817 2153 855 dono

448 877 566 927 regis.
643 879 760 918 Teste
798 892 890 929 rege
928 879 1047 929 apud
1074 877 1320 924 Wodestok',
1362 891 1453 916 xxx.
1493 879 1556 916 die
1591 878 1844 917 Novembris.

558 983 637 1019 Pro
677 984 846 1032 Radalfo
880 985 923 1020 ‹Ie
961 982 1450 1021 Nora-rico.-Mandatum
1490 985 1549 1022 est
1580 982 1760 1021 Johanni
1792 983 1839 1022 de
1871 984 2014 1022 Nevill‘
2051 984 2155 1034 quod

447 1042 592 1082 habere
640 1044 764 1083 faciat
812 1044 988 1083 Radulfo
1035 1045 1082 1083 de
1130 1044 1314 1083 Norwico
1361 1044 1448 1096 viij.
1489 1057 1658 1095 quercus
1697 1045 1739 1082 in
1779 1045 1929 1084 foresta
1966 1046 2071 1095 regis
2109 1046 2156 1084 de

448 1105 629 1145 Brehull’
670 1107 719 1145 ad
756 1107 1036 1154 maeremfflm,
1077 1107 1124 1145 de
1161 1106 1268 1145 dono
1307 1106 1425 1156 regis.
1503 1107 1619 1145 Teste
1659 1120 1750 1157 rege
1792 1111 1836 1146 ut
1875 1121 2007 1158 supra.

555 1229 633 1265 Pro
668 1230 875 1266 tenentibus
907 1230 950 1266 de
985 1230 1120 1266 honore
1153 1227 1618 1267 Feret-eL—Mandatum
1653 1231 1713 1267 est
1745 1228 1900 1278 Rogero
1933 1229 1981 1267 de
2013 1229 2153 1267 Essex'

445 1289 551 1338 quod
608 1290 851 1329 demandam
908 1303 1030 1341 quam
1088 1290 1184 1329 facit
1241 1290 1440 1329 militibus
1496 1292 1535 1329 et
1587 1290 1676 1329 aliis
1729 1290 1864 1329 liberis
1920 1291 2156 1330 hominibus

445 1351 677 1390 tenentibus
715 1352 763 1391 de
801 1353 952 1391 honore
989 1352 1151 1391 Peverel
1199 1354 1240 1390 in
1289 1352 1486 1391 comitatu
1526 1352 1670 1391 Norht'
1711 1353 1758 1391 (16
1806 1354 1923 1392 sectis
1963 1354 2156 1392 faciendis

445 1413 494 1450 ad
543 1415 768 1464 predictum
816 1416 1011 1454 honorem
1057 1418 1096 1454 et
1144 1415 1233 1453 aliis
1285 1415 1335 1453 ad
1383 1415 1552 1453 eundem
1600 1415 1796 1454 honorem
1844 1416 2155 1465 pertinentibus,

446 1479 570 1524 ponat
608 1477 649 1514 in
690 1480 916 1527 respectum
956 1490 1081 1527 usque
1120 1477 1170 1515 ad
1208 1476 1370 1516 octabas
1405 1477 1544 1516 Sancti
1576 1477 1741 1515 Hillarii
1779 1491 1887 1516 anno
1925 1478 2039 1528 regni
2072 1478 2154 1528 xxj.

446 1539 490 1575 ut
529 1541 638 1585 tunc,
680 1539 726 1577 de
764 1540 972 1578 communi
1010 1539 1179 1578 consilio
1218 1542 1459 1589 magnatum
1499 1539 1615 1588 regis,
1654 1539 1787 1578 videat
1825 1553 1892 1578 rex
1930 1541 2026 1590 quid
2064 1541 2156 1579 inde

446 1598 567 1639 fuerit
632 1602 877 1640 faciendum.
990 1602 1045 1640 Et
1110 1601 1272 1640 interim
1340 1602 1517 1651 precepit
1582 1614 1650 1639 rex
1719 1602 1825 1651 quod
1890 1603 2157 1652 respondeant

446 1662 673 1702 vicecomiti
731 1665 834 1714 regis
892 1664 1131 1714 Norhampt’
1182 1665 1229 1702 de
1298 1663 1378 1702 hiis
1434 1677 1511 1713 que
1567 1664 1617 1702 ad
1671 1664 1895 1713 predictum
1961 1665 2154 1703 honorem

446 1725 664 1774 pertinent.
750 1726 867 1765 Teste
906 1729 951 1765 ut
990 1739 1125 1776 supra.

556 1840 635 1877 Pro
675 1842 885 1878 hominibus
921 1842 964 1877 (Ie
1005 1839 1481 1878 Colonia-Mandatum
1524 1842 1584 1878 est
1622 1838 1782 1877 ballivis
1820 1840 1867 1878 de
1906 1840 2156 1879 Jernemowe

445 1902 550 1951 quod
595 1902 641 1948 si,
681 1903 890 1941 occasione
938 1901 1171 1941 libertatum
1219 1914 1318 1952 quas
1365 1901 1515 1940 habent
1554 1901 1740 1940 homines
1787 1902 1834 1941 de
1874 1902 2042 1941 Colonia
2088 1916 2157 1952 per

445 1968 598 2004 cartam
647 1965 973 2015 predecessorum
1023 1977 1163 2014 regum
1213 1964 1370 2014 Anglie,
1410 1964 1472 2002 vel
1522 1977 1590 2014 per
1637 1968 1791 2003 cartam
1844 1965 1961 2015 regis,
2012 1964 2157 2015 quibus

446 2027 653 2077 hucusque
682 2027 743 2065 usi
775 2030 883 2074 sunt,
915 2027 1068 2077 aliquid
1101 2027 1158 2065 eis
1192 2026 1436 2065 abstulerint
1469 2030 1610 2065 contra
1638 2026 1843 2066 libertates
1874 2027 2085 2077 predictas,
2118 2027 2157 2065 id

445 2089 481 2128 ei
522 2091 604 2141 (sic)
646 2089 755 2128 reddi
795 2089 961 2128 faciant.
1048 2090 1166 2128 Teste
1206 2093 1250 2128 ut
1287 2102 1421 2139 supra.

556 2213 636 2249 Pro
666 2226 762 2260 reye.
829 2213 886 2248 De
913 2210 1364 2259 pawzis.——ll1andatuni
1394 2213 1454 2248 est
1482 2209 1781 2249 constabulario
1811 2210 1916 2260 regis
1949 2211 2157 2252 wintonie

447 2274 554 2323 quod
593 2273 759 2323 recipiat
800 2286 958 2323 pannos
996 2273 1045 2311 ad
1083 2272 1346 2311 elemosinam
1395 2272 1498 2321 regis
1552 2285 1651 2322 quos
1690 2273 1941 2322 presentium
1982 2273 2086 2313 lator
2122 2274 2156 2314 ei

448 2335 634 2375 liberabit
673 2338 711 2374 et
750 2335 861 2373 salvo
899 2334 1100 2373 custodiat
1139 2347 1262 2384 usque
1300 2334 1349 2372 ad
1387 2334 1606 2373 adventum
1646 2334 1750 2384 regis
1789 2334 1952 2373 ibidem.
2041 2335 2157 2373 Teste

447 2412 538 2448 rege
576 2401 621 2437 ut
660 2411 792 2448 supra.

557 2501 799 2540 Mandatum
848 2503 908 2539 est
950 2499 1167 2539 baronibus
1209 2500 1255 2538 de
1297 2499 1504 2540 Scaccario
1541 2500 1647 2549 quod
1686 2501 1807 2550 Hugo
1846 2501 1954 2539 filius
1994 2500 2154 2539 Radulfi

448 2563 669 2602 attornavit
728 2576 863 2602 coram
921 2576 1011 2612 rege
1068 2563 1290 2602 Robertum
1346 2563 1382 2601 le
1440 2563 1644 2602 Vavassur
1701 2563 1978 2602 vicecomitem
2036 2576 2156 2602 suum

448 2624 639 2675 Notingh'
679 2629 717 2664 et
754 2625 893 2664 Dereb’
934 2626 982 2663 ad
1023 2625 1348 2675 respondendum
1386 2638 1458 2675 pro
1496 2637 1541 2663 eo
1579 2625 1629 2663 ad
1671 2625 1927 2665 Scaccarium
1967 2625 2071 2675 regis
2109 2625 2156 2663 de

447 2687 709 2727 comitatibus
765 2687 955 2737 predictis
992 2691 1031 2726 et
1087 2688 1192 2737 quod
1249 2687 1383 2737 ipsum
1441 2687 1528 2725 loco
1579 2700 1651 2725 suo
1708 2688 1757 2725 ad
1814 2687 1889 2727 hoc
1946 2687 2155 2737 recipiant.

449 2750 565 2788 Teste
603 2753 648 2789 ut
686 2763 819 2799 supra.
889 2751 1120 2800 [Cancelled]
1165 2752 1267 2794 Quia
1304 2752 1346 2788 in
1386 2751 1506 2787 rotulo
1542 2751 1679 2797 finium
1720 2764 1821 2787 anno
1859 2752 1940 2798 aar).

562 2872 637 2908 l'ro
682 2872 837 2919 Hnyone
865 2872 957 2920 silio
988 2871 1463 2912 Ra‹lulsi.—Mandatum
1496 2873 1555 2909 est
1590 2870 1766 2909 Roberto
1800 2871 1846 2909 de
1879 2870 2155 2920 Everingham

450 2933 553 2982 quod
592 2932 633 2969 in
672 2932 822 2971 foresta
865 2933 968 2982 regis
1016 2933 1063 2971 de
1110 2933 1327 2972 Shioewod’
1368 2936 1481 2970 extra
1530 2932 1644 2970 haias
1691 2933 1795 2982 regis
1845 2933 1965 2971 faciat
2014 2932 2158 2970 habere

452 2995 618 3044 Hugoni
657 2994 741 3032 filio
779 2995 941 3032 Radulfi
981 2995 1039 3045 iij.
1079 2995 1220 3033 damos
1258 2998 1297 3033 et
1328 2995 1397 3044 vij.
1433 2995 1577 3032 damas
1611 2995 1722 3033 vivas
1757 2995 1805 3032 ad
1839 3008 2003 3044 parcum
2038 3008 2155 3032 suum

450 3057 496 3094 de
529 3056 714 3094 Elkedon
757 3057 1081 3103 instaura-ndum,
1114 3058 1160 3095 de
1191 3058 1297 3095 dono
1328 3057 1444 3106 regis.
1505 3057 1621 3095 Teste
1652 3070 1740 3106 rege
1774 3057 1879 3106 apud
1912 3056 2155 3102 Wodestok’‚

451 3120 508 3170 iij.
550 3119 612 3157 die
652 3118 901 3157 Decembris.

563 3246 636 3282 Pro
688 3246 866 3281 advocato
920 3245 1394 3282 Remum-Mandatum
1442 3247 1503 3282 est
1550 3244 1731 3282 Johanni
1779 3244 1826 3281 de
1870 3243 2013 3281 Nevill’
2053 3244 2158 3293 quod

448 3307 490 3345 in
539 3318 657 3356 parco
709 3305 812 3354 regis
870 3306 921 3343 de
975 3305 1149 3354 Hanleg'
1199 3306 1322 3345 faciat
1378 3305 1521 3344 habere
1587 3306 1779 3344 advocato
1847 3304 2025 3343 Bethun'
2083 3305 2156 3357 iiij.

449 3369 600 3418 damas,
639 3367 687 3409 de
725 3367 831 3407 dono
869 3366 985 3416 regis.
1065 3367 1183 3407 Teste
1222 3370 1267 3406 ut
1306 3379 1437 3419 supra.
