2375 3587
181 349 326 395 1257.

181 415 242 453 [m.
260 414 327 451 ia]

1054 219 1105 259 21
1150 216 1233 259 ΗΕ
1241 217 1357 259 NRY
1398 218 1481 259 ΠΙ.
2044 219 2127 258 425

422 414 647 461 Assignetis
681 416 803 454 etiam
836 417 932 465 ipsis
964 430 1029 454 eos
1061 419 1233 466 quatuor
1265 416 1412 464 legales
1451 415 1635 453 homines
1673 417 1721 453 dc
1760 416 1856 453 villa
1893 421 2025 454 vestra
2064 429 2132 463 per

421 491 592 525 quorum
630 478 763 517 ’visum
802 480 877 517 hoc
917 480 1079 517 faciant.
1139 478 1255 516 Teste
1295 492 1383 527 rege
1421 478 1527 526 apud
1568 478 1990 523 Westinonasteiiuni‚
2033 478 2130 527 xxij.

422 539 484 576 die
524 540 677 578 Marcii.

545 630 617 666 l'w
674 632 860 666 contritis-‚ea
917 628 1208 666 [vudum—Rex
1265 627 1502 676 perdonavit
1553 631 1597 663 A.
1647 627 1852 665 comitisse
1905 626 2041 672 Penb',
2097 641 2133 665 v.

422 705 577 731 marcas
607 695 646 730 et
676 691 885 729 dimidiam
918 704 1017 740 quas
1048 691 1266 739 exiguntur
1299 688 1347 726 ab
1381 702 1426 726 ea
1459 702 1528 737 per
1559 688 1906 726 summonitionen
1939 689 2135 728 Scaccarii

423 755 526 804 regis
564 755 611 792 de
651 754 808 792 catallis
847 766 922 803 que
963 753 1128 790 fuerunt
1168 751 1251 789 Ade
1291 751 1363 788 filii
1413 751 1602 798 Hugonis
1641 751 1687 788 de
1728 750 1916 800 Neubyr',
1957 751 2134 788 hominis

424 817 535 866 ipsus
591 816 809 861 comitisse,
869 815 935 865 qui
995 814 1196 865 abjuravit
1254 827 1422 863 regnum
1482 813 1599 862 regis.
1676 813 1731 851 Et
1787 813 2027 850 mandatum
2077 816 2136 851 est

425 877 642 917 baronibus
681 878 728 915 de
770 877 976 916 Scaccario
1018 877 1124 926 quod
1162 876 1209 913 de
1248 874 1439 925 predictis
1474 889 1510 914 v.
1546 874 1692 913 marcis
1727 879 1764 912 et
1799 874 1967 912 dimidia
2006 875 2135 923 ipsam

424 941 672 980 comitissam
711 941 889 990 quietam
929 953 1013 977 esse
1054 939 1219 976 faciant.
1299 938 1415 975 Teste
1456 950 1545 986 rege
1585 939 1629 974 ut
1669 950 1802 986 supra.

536 1031 612 1067 Pro
660 1030 874 1065 ‘H'aleramn
925 1026 1303 1064 'l'lwntnnf‹-0.—-Rex
1351 1025 1589 1075 perdonavit
1635 1025 1836 1063 Waleran'
1892 1025 2139 1062 Theotonico

427 1106 462 1129 v.
500 1104 655 1129 marcas
694 1091 743 1128 ad
781 1103 881 1140 quas
922 1089 1165 1127 amerciatus
1202 1088 1280 1125 fuit
1319 1101 1453 1126 coram
1492 1087 1728 1136 justiciariis
1763 1087 1867 1136 regis
1905 1087 1952 1124 de
1991 1088 2139 1124 foresta

428 1155 573 1192 ultimo
612 1152 902 1191 itinerantibus
944 1152 985 1188 in
1025 1151 1223 1189 comitatu
1263 1150 1365 1188 Buk'
1417 1154 1456 1188 et
1503 1163 1579 1199 que
1628 1149 1678 1187 ab
1726 1163 1770 1187 eo
1816 1150 2035 1198 exiguntur
2072 1162 2141 1198 per

427 1216 792 1254 summonitionem
849 1214 1049 1253 Scaccarii
1100 1214 1218 1261 regis.
1296 1214 1351 1250 Et
1409 1213 1651 1250 mandatnm
1705 1215 1765 1249 est
1822 1211 2040 1249 baronibus
2093 1211 2139 1248 de

431 1279 637 1318 &caccario
685 1278 790 1327 quod
840 1277 973 1326 ipsum
1025 1276 1118 1314 inde
1168 1276 1352 1325 quietum
1401 1278 1439 1313 et
1490 1275 1547 1312 ita
1594 1278 1670 1312 etc.
1748 1274 1865 1312 Teste
1903 1268 1994 1323 rege
2034 1274 2139 1323 apud

431 1340 852 1385 Westmonasterium‚
894 1339 1005 1389 xxiij.
1043 1339 1108 1376 die
1146 1337 1302 1376 Marcii.

538 1413 593 1450 Et
640 1411 878 1449 mandatum
927 1413 988 1448 est
1026 1409 1253 1447 vicecomiti
1302 1407 1405 1446 Buk’
1445 1409 1550 1458 quod
1590 1408 1723 1446 averia
1771 1407 1897 1456 ipsius
1936 1406 2138 1445 Waleran’

430 1489 475 1513 ca
513 1474 719 1513 occasione
757 1477 875 1523 capta
913 1472 947 1510 ei
988 1472 1075 1510 sine
1118 1471 1312 1509 dilatione
1359 1470 1570 1509 deliberari
1618 1470 1753 1509 faciat.
1813 1470 1931 1507 Teste
1969 1481 2060 1519 rege
2098 1471 2143 1506 ut

432 1551 566 1587 supra.

539 1626 593 1662 Da
631 1626 729 1662 calm)
768 1624 1006 1660 deliberanda
1056 1624 1105 1659 (ΠΙ
1152 1623 1401 1669 operationem
1443 1635 1583 1657 rainere
1622 1622 1745 1669 regline
1792 1621 1894 1668 apud
1938 1620 2142 1656 Westmmz-

432 1686 925 1725 asterium.--»Mandatum
980 1687 1039 1723 est
1092 1683 1238 1733 Engel’
1290 1683 1337 1721 de
1388 1683 1582 1733 Cygoign’
1631 1682 1736 1732 quod
1786 1682 1833 1719 de
1885 1681 1991 1719 calce
2041 1681 2144 1729 regis

432 1764 553 1801 quam
602 1749 722 1787 habet
772 1749 813 1785 in
864 1747 1048 1786 custodia
1099 1760 1170 1784 sua
1221 1745 1325 1795 apud
1377 1745 1554 1783 Windes'
1606 1744 1747 1782 liberet
1798 1743 1913 1781 fratri
1964 1742 2143 1781 Johanni

432 1815 479 1851 de
519 1812 691 1851 Waverl'
741 1815 927 1849 sexcenta
978 1809 1181 1859 quarteria
1233 1808 1282 1846 ad
1330 1808 1604 1858 operationem
1653 1819 1809 1845 camere
1856 1806 1990 1855 regine
2038 1805 2143 1854 apud

434 1873 858 1915 Westmonasterium.
936 1873 1053 1910 Teste
1091 1885 1182 1921 rege
1222 1874 1266 1909 ut
1306 1884 1439 1920 supra.

544 1964 621 2000 Pru
663 1962 823 1998 Nicolao
872 1962 913 1997 dc
951 1959 1229 1997 Molem—Rex
1277 1957 1514 2008 perdonavit
1564 1956 1728 1995 Nicolao
1776 1956 1824 1994 de
1868 1955 1995 1993 Moles
2051 1969 2142 1992 xxx.

435 2038 590 2064 marcas
627 2037 703 2074 que
741 2022 790 2061 ab
840 2035 885 2061 eo
933 2022 1152 2071 exiguntur
1199 2034 1267 2070 per
1311 2020 1673 2058 summonitionem
1716 2017 1915 2057 Scaccarii
1956 2017 2059 2066 regis
2098 2018 2146 2055 de

435 2087 618 2138 pluribus
657 2085 835 2135 prestitis
874 2085 909 2123 ei
949 2084 1079 2130 factis,
1119 2087 1158 2122 et
1198 2083 1439 2121 mandatum
1488 2085 1548 2120 est
1596 2080 1814 2119 baronibus
1850 2080 1898 2117 de
1938 2079 2146 2119 Scaccario

434 2150 539 2201 quod
578 2150 711 2199 ipsum
751 2147 965 2186 Nicolaum
1000 2147 1048 2185 de
1086 2145 1279 2196 predictis
1317 2158 1409 2183 xxx.
1450 2143 1597 2183 marcis
1635 2142 1818 2193 quietum
1859 2155 1944 2180 esse
1979 2141 2147 2181 faciant.

436 2215 553 2252 Teste
592 2225 684 2262 rege
722 2215 767 2249 ut
809 2223 944 2260 supra.

547 2303 621 2338 Pro
679 2300 905 2336 ballistariis
965 2296 1375 2345 reaia—Mandatum
1435 2297 1496 2332 est
1558 2293 1727 2342 Hugoni
1793 2293 1840 2330 de
1906 2291 2147 2336 Pateshull',

437 2363 687 2403 thesaurario
722 2361 839 2410 regis,
876 2360 981 2409 quod
1020 2359 1228 2408 provideat
1254 2358 1360 2408 quod
1395 2357 1609 2406 Philippus
1643 2355 1883 2399 Conversus,
1916 2354 2147 2392 balistarius

437 2426 555 2476 regis,
595 2425 662 2475 qui
712 2423 881 2474 percipit
929 2423 970 2459 in
1019 2422 1083 2459 die
1132 2421 1205 2471 iiij.
1245 2420 1432 2459 denarios
1479 2424 1517 2457 et
1565 2417 1728 2457 obolum
1768 2420 1806 2455 et
1843 2416 2054 2454 Johannes
2101 2416 2149 2454 de

438 2488 615 2532 Valent',
662 2486 893 2525 balistarius
932 2485 1048 2534 regis,
1084 2484 1153 2533 qui
1189 2483 1359 2533 percipit
1398 2482 1440 2519 in
1479 2481 1542 2519 die
1580 2481 1648 2519 vii.
1681 2479 1866 2517 denarios
1905 2481 1944 2517 et
1983 2478 2146 2517 obolum

437 2550 612 2589 habeant
650 2548 907 2587 liberationes
946 2560 1051 2591 suas,
1093 2547 1150 2584 ita
1187 2546 1293 2596 quod
1336 2558 1406 2595 pro
1453 2544 1612 2582 defectu
1655 2541 1942 2580 liberationum
1982 2554 2146 2579 suarum

437 2613 688 2663 operationes
745 2611 848 2660 regis
901 2623 1000 2660 quas
1066 2609 1143 2659 ipsi
1209 2608 1365 2646 faciunt
1430 2607 1471 2644 in
1529 2605 1630 2644 turri
1694 2604 1797 2654 regis
1863 2603 2007 2650 Lond’,
2066 2616 2146 2642 non

438 2675 724 2726 impediantur.
785 2674 841 2712 Et
879 2673 919 2711 id
959 2673 993 2711 ei
1032 2671 1196 2711 allocari
1233 2670 1353 2709 faciet
1393 2683 1473 2708 rex.
1531 2671 1649 2707 Teste
1686 2681 1777 2717 rege
1816 2669 1861 2704 ut
1899 2679 2031 2715 supra.

550 2765 658 2806 (decad
705 2763 823 2800 ‘Jndeis
870 2763 913 2798 «Ie
960 2763 1136 2798 cowm'mtn
1186 2760 1324 2796 Norlzff
1374 2771 1449 2795 non
1489 2763 1666 2794 maneant
1704 2762 1811 2792 ent-tra
1850 2754 2149 2802 N01·l1ampt‘.—-

439 2826 677 2863 Mandatum
727 2832 787 2862 est
839 2822 1065 2861 vicecomiti
1118 2822 1261 2859 Norht’
1320 2820 1425 2869 quod
1482 2817 1649 2857 clamari
1706 2817 1828 2855 faciat
1884 2818 1923 2854 et
1980 2816 2150 2854 firmiter

439 2887 642 2938 prohiberi
693 2900 761 2937 per
811 2886 977 2924 balliam
1031 2898 1145 2923 suam
1196 2884 1301 2934 quod
1354 2882 1491 2920 nullus
1544 2881 1697 2919 Judeus
1750 2880 1930 2918 decetero
1987 2882 2148 2916 maneat

439 2950 533 2988 alibi
575 2950 615 2987 in
655 2949 777 2987 ballia
807 2962 878 2987 sua
907 2961 1028 2998 quam
1062 2948 1102 2984 in
1138 2947 1236 2985 villa
1275 2946 1379 2994 regis
1417 2945 1576 2991 Norht'‚
1619 2943 1722 2981 sicut
1761 2942 1860 2979 alias
1898 2940 2147 2990 prohibitum

440 3013 530 3058 fuit,
557 3016 596 3050 et
626 3013 657 3050 si
689 3025 808 3061 quem
838 3011 1013 3048 Judeum
1043 3013 1184 3048 contra
1213 3009 1319 3046 hanc
1349 3006 1663 3057 prohibitionem
1694 3004 1797 3053 regis
1826 3003 2024 3041 invenerit
2053 3002 2149 3040 alibi

442 3078 675 3112 manentem
715 3074 755 3111 in
797 3073 920 3111 bailia
959 3086 1030 3110 sua
1068 3085 1189 3121 quam
1229 3071 1271 3108 in
1311 3069 1489 3119 predicta
1528 3068 1624 3106 villa
1663 3067 1822 3111 Norht⁷,
1863 3065 1967 3115 quod
2005 3078 2148 3114 corpus

440 3137 568 3187 ipsius
616 3139 655 3174 et
705 3135 853 3174 catalla
902 3148 974 3173 sua
1026 3135 1067 3171 in
1116 3146 1286 3171 manum
1342 3132 1445 3181 regis
1489 3131 1621 3180 capiat
1671 3133 1710 3167 et
1755 3128 1866 3166 salvo
1922 3127 2147 3172 custodiat;

440 3201 498 3238 ita
532 3199 637 3248 quod
671 3199 804 3247 ipsum
836 3197 983 3235 habeat
1016 3209 1150 3236 coram
1180 3195 1416 3246 justiciariis
1449 3194 1552 3242 regis
1587 3193 1637 3230 ad
1670 3190 1895 3230 custodiam
1927 3189 2148 3226 Judeorum

442 3261 659 3311 assignatis
708 3273 731 3298 a
783 3260 846 3298 die
893 3259 1047 3297 Pasche
1097 3259 1138 3296 in
1186 3272 1251 3297 xv.
1301 3258 1399 3303 dies,
1449 3257 1499 3294 ad
1537 3255 1783 3294 audiendum
1822 3251 1913 3288 inde
1951 3251 2149 3301 judicium

443 3337 562 3368 suum
601 3324 649 3361 de
687 3323 762 3361 hoc
800 3322 905 3372 quod
940 3320 1036 3360 alibi
1075 3320 1271 3359 manserit
1309 3322 1450 3358 contra
1488 3317 1804 3368 prohibitionem
1846 3313 1962 3363 regis.
2035 3313 2152 3353 Teste

386 3411 392 3414 <
425 3399 533 3437 rege
571 3389 616 3424 ut
654 3398 787 3436 supra.

475 3462 539 3495 ‘25¹
