2375 3587
237 213 319 255 172

296 342 440 390 1235.

277 410 338 450 [m.
363 408 458 449 17a.]

1169 217 1354 261 OLOSE
1399 217 1600 261 ROLLs.

641 411 726 451 Rex
764 411 910 451 ballivo
950 425 1021 452 suo
1058 413 1106 451 de
1144 413 1280 452 Geres’
1322 413 1508 451 salutem,
1598 411 1843 450 Monstravit
1881 410 1997 449 nobis
2035 409 2232 450 Robertus

533 473 732 512 Frowelin
770 475 888 524 quod,
928 487 1019 513 cum
1059 478 1236 524 tempore
1273 487 1351 524 quo
1389 474 1559 512 dilectus
1606 477 1645 513 et
1683 474 1811 512 fidelis
1849 475 1985 512 noster
2021 472 2233 522 Philippus

532 534 579 572 de
630 534 841 575 Albiniaco
889 535 1031 575 habuit
1082 536 1308 574 custodiam
1364 535 1590 573 insularum
1647 537 1891 581 nostrarum,
1948 534 2074 573 electa
2129 536 2232 572 esset

530 596 703 645 quedam
748 598 882 647 jurata
933 597 974 634 in
1023 597 1145 635 ballia
1192 599 1261 635 tua
1308 596 1357 634 ad
1404 596 1690 646 inquirendum
1738 609 1807 645 per
1852 597 1937 646 ejus
1984 596 2230 634 veredictum

532 658 601 708 qui
639 662 773 697 essent
826 659 964 697 fideles
1003 662 1041 697 et
1079 658 1147 708 qui
1190 658 1384 703 infideles,
1434 660 1472 696 et
1518 658 1721 707 quesitum
1769 657 1911 696 fuisset
1949 670 2017 706 per
2054 658 2230 708 juratam

530 719 642 757 illam
681 720 729 758 de
766 719 874 758 fama
912 723 951 758 et
988 720 1290 758 conversatione
1321 719 1489 768 predicti
1523 718 1701 765 Roberti,
1734 719 1873 757 eadem
1906 719 2040 769 jurata
2076 717 2232 757 dicebat

530 781 663 830 ipsum
720 794 804 820 esse
858 781 1074 827 infidelem,
1132 781 1346 830 imponens
1402 781 1438 819 ei
1495 781 1649 820 crimen
1706 781 1920 827 latrocinii,
1970 780 2077 819 unde
2124 780 2230 818 idem

530 843 726 882 Robertus
773 843 978 882 occasione
1024 843 1213 881 veredicti
1260 843 1368 881 illius
1415 843 1546 893 jurate
1592 845 1703 881 metu
1750 842 1891 881 mortis
1935 843 1985 881 ad
2022 842 2230 881 ecclesiam

530 905 635 955 fugit
690 908 729 944 et
784 908 921 955 postea
977 905 1156 943 insulam
1212 905 1434 954 predictam
1491 904 1706 954 abjuravit.
1818 904 1921 952 Quia
1976 917 2068 943 vero
2123 904 2229 942 idem

530 967 727 1005 Robertus
766 970 904 1016 postea
943 966 992 1004 ad
1031 979 1104 1005 nos
1142 966 1309 1005 accessit
1338 970 1377 1005 et
1413 966 1561 1016 optulit
1588 979 1733 1016 ponere
1768 979 1808 1004 se
1837 979 1955 1015 super
1983 966 2230 1005 veredictum

529 1029 675 1078 viginti
713 1032 752 1067 et
790 1032 961 1078 quatuor
998 1028 1214 1078 proborum
1254 1032 1292 1067 et
1331 1029 1523 1078 legalium
1570 1029 1785 1067 hominum
1834 1028 1957 1067 trium
2003 1028 2230 1067 vicinarum

528 1091 759 1129 villatarum
798 1094 837 1128 et
876 1091 992 1140 petiit
1029 1104 1052 1128 a
1090 1090 1206 1129 nobis
1244 1091 1284 1128 id
1318 1091 1353 1129 ei
1391 1091 1568 1137 concedi,
1605 1104 1678 1129 nos
1710 1091 1839 1129 eidem
1877 1090 2052 1129 Roberto
2091 1090 2229 1141 fugam

528 1156 567 1191 et
605 1152 899 1203 abjurationem
936 1152 1155 1201 predictam
1193 1166 1313 1202 quam
1353 1153 1447 1192 fecit
1494 1153 1817 1202 perdonavimus,
1856 1152 1930 1192 tibi
1968 1152 2231 1202 precipientes

527 1215 632 1264 quod
679 1215 898 1253 secundum
954 1215 1287 1252 consuetudinem
1344 1215 1474 1253 insule
1530 1215 1705 1265 predicte
1767 1215 1943 1264 juratam
1990 1213 2135 1264 viginti
2191 1216 2230 1252 et

527 1280 698 1326 quatuor
736 1276 952 1326 proborum
991 1279 1030 1315 et
1064 1277 1256 1325 legalium
1295 1277 1509 1315 hominum
1548 1277 1583 1315 ei
1630 1277 1723 1314 inde
1760 1276 1906 1315 habere
1944 1276 2083 1315 facias.
2159 1275 2228 1322 Et,

528 1338 560 1376 si
609 1338 836 1377 constiterit
881 1338 952 1377 tibi
987 1351 1056 1388 per
1094 1338 1338 1377 veredictum
1392 1351 1529 1376 eorum
1568 1339 1701 1388 ipsum
1738 1338 1871 1388 potius
1910 1338 2069 1376 fidelem
2107 1350 2229 1387 quam

527 1400 732 1439 infidelem
791 1404 830 1439 et
885 1401 990 1451 quod
1046 1401 1271 1450 predictum
1338 1401 1490 1439 crimen
1555 1401 1656 1439 falso
1721 1404 1759 1439 et
1823 1401 1914 1439 odio
1979 1399 2054 1439 sibi
2109 1400 2229 1438 fuerit

527 1462 763 1512 impositum
821 1475 890 1512 per
939 1463 1160 1512 predictam
1226 1463 1416 1513 juratam,
1466 1466 1510 1501 ut
1557 1462 1668 1509 dicit,
1718 1465 1816 1501 tunc
1872 1462 2033 1500 firmam
2089 1474 2228 1512 pacem

526 1528 708 1563 nostram
756 1525 790 1563 ei
838 1524 930 1563 inde
978 1524 1122 1563 habere
1170 1524 1308 1562 facias.
1395 1525 1512 1563 Teste
1559 1537 1624 1563 me
1670 1524 1756 1574 ipso
1804 1524 1910 1573 apud
1957 1524 2226 1570 Bromholm’‚

527 1586 611 1637 xiij.
652 1587 715 1624 die
754 1586 909 1633 Marcii,
951 1599 1058 1625 anno
1093 1590 1166 1625 etc.

636 1666 790 1704 Eodem
824 1666 944 1704 modo
977 1666 1216 1704 mandatum
1248 1668 1307 1703 est
1341 1665 1470 1703 eidem
1505 1664 1652 1704 ballivo
1684 1678 1755 1714 pro
1787 1663 1961 1703 Roberto
1999 1664 2046 1703 de
2085 1664 2228 1716 Gaugy

527 1740 596 1777 per
634 1727 793 1776 singula
830 1726 962 1765 verba.
1049 1727 1166 1765 Teste
1204 1729 1249 1765 ut
1287 1739 1420 1776 supra.

635 1806 876 1844 Consimiles
909 1806 1064 1844 litteras
1102 1804 1223 1843 habet
1265 1805 1461 1843 Ricardus
1500 1805 1674 1851 Ascelin‚
1716 1817 1761 1843 eo
1799 1807 1963 1854 excepto
2001 1804 2105 1855 quod
2144 1816 2226 1843 non

526 1868 573 1907 fit
609 1868 762 1906 mentio
799 1868 846 1906 de
885 1868 1019 1918 aliqua
1069 1866 1336 1917 abjuratione,
1376 1870 1434 1905 set
1483 1867 1589 1917 quod
1637 1866 1840 1916 predictus
1890 1866 2086 1906 Ricardus
2121 1866 2227 1917 fugit

526 1934 564 1969 et
600 1930 776 1968 insulam
814 1930 1035 1979 predictam
1075 1929 1211 1967 exivit.
1299 1929 1416 1967 Teste
1437 1932 1482 1967 ut
1519 1941 1652 1978 supra.

633 2016 736 2063 Quia
804 2016 1034 2055 Willelmus
1095 2015 1281 2053 Mauduit
1345 2015 1527 2053 nondum
1592 2015 1765 2053 reddidit
1832 2014 2006 2054 Roberto
2076 2014 2226 2053 Passel’

525 2078 760 2125 Henricum,
801 2078 930 2115 filium
969 2081 1008 2116 et
1045 2078 1232 2115 heredem
1273 2077 1439 2115 Henrici
1478 2077 1524 2115 de
1561 2076 1808 2123 Cramavill‘,
1848 2076 1951 2115 sicut
1989 2076 2025 2114 ei
2067 2089 2224 2126 precep-

525 2144 613 2179 tum
652 2141 754 2186 fuit;
803 2141 1042 2178 mandatum
1080 2144 1140 2178 est
1177 2139 1402 2178 vicecomiti
1442 2139 1581 2177 Essex'
1629 2139 1734 2189 quod
1781 2139 2022 2177 mandatum
2070 2138 2226 2177 domini

524 2203 627 2252 regis
665 2205 884 2252 exequatur
915 2206 953 2241 et
991 2202 1177 2240 heredem
1210 2202 1327 2239 illum
1361 2201 1489 2240 eidem
1527 2202 1575 2239 R.
1609 2200 1754 2240 habere
1793 2201 1928 2247 faciat,
1969 2200 2002 2240 si
2036 2200 2225 2239 inventus

524 2264 645 2303 fuerit
683 2264 725 2302 in
764 2264 886 2303 ballia
927 2277 1010 2303 sua.

633 2384 990 2424 [sancia.—Abbas
1039 2385 1176 2424 Sancti
1229 2385 1448 2435 Augustini
1512 2384 1727 2423 Cantuarie
1780 2383 2002 2422 attornavit
2059 2383 2224 2422 fratrem

524 2448 798 2497 Augustinum
852 2447 1098 2486 monachum
1150 2459 1269 2484 suum
1323 2450 1362 2485 et
1415 2446 1615 2485 Thomam
1672 2446 1720 2484 de
1787 2445 1953 2492 Suades,
2019 2444 2222 2490 clericum,

524 2522 661 2548 versus
683 2509 882 2548 Thomam
912 2510 959 2547 de
990 2508 1197 2547 Kirketon'
1226 2512 1265 2546 et
1291 2509 1489 2558 Agnetem
1508 2521 1674 2547 uxorem
1697 2508 1783 2558 ejus
1815 2508 1862 2546 de
1898 2507 2094 2546 warantia
2123 2509 2224 2545 terre

525 2571 565 2608 in
605 2570 909 2609 Winekelaund'
949 2583 1083 2608 coram
1122 2570 1355 2620 justiciariis
1392 2569 1680 2608 itinerantibus
1716 2569 1822 2619 apud
1859 2568 2081 2607 Hertford’.

632 2694 766 2735 Norf’.
789 2691 1080 2730 —Nicholaus
1127 2691 1236 2728 filius
1284 2690 1478 2729 Willelmi
1529 2689 1752 2728 attornavit
1810 2689 2042 2727 Johannem
2091 2688 2223 2727 filium

526 2753 719 2791 Willelmi
758 2766 896 2792 versus
935 2753 1168 2791 Hamonem
1207 2751 1376 2790 Chevire
1421 2754 1639 2801 petentem,
1680 2751 1727 2789 de
1773 2750 1942 2789 dimidia
1992 2762 2084 2790 acra
2121 2753 2224 2789 terre

524 2827 617 2853 cum
657 2814 913 2864 pertinentiis
951 2814 991 2851 in
1031 2812 1235 2862 Ikeburg'.

633 2909 868 2948 Vicecomiti
917 2909 1023 2947 Leic’
1075 2908 1259 2946 salutem.
1339 2907 1561 2946 Summone
1612 2919 1682 2956 per
1733 2905 1859 2944 bonos
1909 2905 2222 2944 summonitores

526 2972 778 3010 Willelmum
830 2972 876 3010 de
928 2971 1154 3008 Martiwast
1203 2970 1307 3019 quod
1360 2970 1412 3008 sit
1463 2969 1568 3019 apud
1621 2968 2028 3007 westmonasterium
2083 2981 2106 3006 a
2159 2967 2223 3006 die

526 3033 677 3072 Pasche
712 3034 754 3070 in
793 3047 857 3072 xv.
898 3033 982 3071 dies
1019 3045 1101 3070 una
1140 3044 1231 3070 cum
1285 3032 1490 3081 Stephano
1527 3031 1574 3068 de
1616 3030 1788 3080 Segi-ave
1832 3043 1967 3068 coram
2005 3029 2222 3068 baronibus

525 3095 572 3133 de
622 3095 828 3134 Scaccario
873 3097 1023 3140 nostro,
1073 3095 1120 3131 ad
1168 3093 1416 3131 reddendum
1462 3092 1611 3131 ibidem
1659 3094 1894 3140 compotum
1933 3105 2052 3129 suum
2100 3091 2222 3129 simul

525 3169 617 3195 cum
664 3157 802 3196 eodem
853 3156 1059 3205 Stephano
1097 3156 1145 3193 de
1183 3158 1361 3204 tempore
1400 3168 1478 3204 quo
1515 3154 1731 3193 comitatus
1778 3153 2021 3202 Norhampt'
2062 3153 2142 3191 fuit
2179 3152 2221 3189 in

524 3219 706 3258 custodia
752 3219 931 3269 ejusdem
981 3217 1192 3266 Stephani,
1241 3230 1310 3266 per
1356 3217 1461 3266 quod
1508 3218 1668 3265 tempus
1714 3215 1820 3253 idem
1870 3214 2097 3253 Willelmus
2144 3213 2223 3252 fuit

525 3279 696 3320 ballivus
723 3281 849 3331 ipsius
877 3279 1073 3330 Stephani
1099 3279 1266 3328 predicti
1292 3278 1522 3318 comitatus.
1580 3277 1636 3315 Et
1663 3276 1811 3316 habeas
1836 3275 1890 3315 ibi
1910 3275 2223 3315 summonitores

524 3339 597 3382 etc.
672 3343 786 3383 Teste
824 3355 913 3391 rege
952 3340 1057 3390 apud
1095 3340 1252 3386 Norht'‚
1294 3353 1386 3378 xxv.
1425 3339 1488 3378 die
1523 3338 1682 3388 Marcii.
