2375 3587
197 180 278 221 554

264 303 407 350 1237.

255 371 303 409 [m
342 370 415 409 aa]

1134 181 1319 224 CLOSE
1364 181 1566 224 ROLLS.

609 377 693 415 Rex
738 377 883 416 dilecto
934 381 972 416 et
1024 378 1133 416 fideli
1179 391 1250 416 suo
1289 378 1446 426 Rogero
1485 378 1531 415 de
1573 376 1763 420 Leburn‘,
1807 377 1994 416 salutem.
2056 377 2202 416 Sciatis

499 439 604 488 quod
643 439 940 489 assignavimus
977 452 1046 478 vos
1095 453 1174 477 una
1219 452 1310 478 cum
1350 439 1506 478 dilectis
1555 442 1594 477 et
1642 438 1829 477 fidelibus
1868 439 1925 489 iij.
1967 438 2116 477 talibus
2154 439 2203 477 ad

499 501 743 539 tricesimam
794 504 974 540 nostram
1019 501 1274 540 assidendam
1326 503 1365 539 et
1417 500 1686 550 colligendam
1727 501 1768 538 in
1807 501 2007 539 comitatu
2046 500 2117 538 tali
2159 500 2201 538 in

500 562 631 601 forma
682 563 841 613 plenius
884 566 1075 602 contenta
1119 563 1160 600 in
1210 562 1356 601 litteris
1409 562 1558 600 nostris
1610 562 1846 612 patentibus
1886 575 1986 611 quas
2019 561 2131 601 vobis
2162 565 2202 601 et

498 625 614 663 sociis
666 625 808 664 vestris
858 625 1175 663 transmittimus
1223 624 1395 662 directas
1446 623 1638 661 omnibus
1687 624 1734 662 de
1782 624 1981 662 comitatu
2025 624 2204 673 predicto

497 687 601 737 quod
639 688 688 725 ad
727 688 802 725 hoc
840 686 951 725 vobis
990 686 1245 724 intendentes
1290 685 1371 723 sint
1410 688 1449 723 et
1488 686 1790 735 respondentes.
1867 686 1922 723 Et
1961 685 2049 723 ideo
2088 684 2201 724 vobis

497 750 739 787 mandamus
788 755 975 798 rogantes
1027 748 1067 785 in
1121 747 1198 786 fide
1247 761 1326 797 qua
1369 747 1486 786 nobis
1525 747 1722 785 tenemini
1761 747 1954 798 quatinus
1992 760 2073 785 una
2111 760 2203 786 cum

496 811 684 861 predictis
729 810 914 848 fidelibus
966 809 1116 848 nostris
1164 809 1414 848 conveniatis
1462 810 1567 858 apud
1607 809 1730 847 talem
1770 809 1904 848 locum
1945 809 1985 846 in
2025 809 2201 848 crastino

498 873 772 912 Exaltationis
815 873 961 911 Sancte
1001 871 1139 910 Crucis
1177 872 1225 909 ad
1266 872 1340 909 iter
1373 874 1554 909 vestrum
1585 871 1862 910 inchoandum
1893 874 1932 910 et
1971 871 2018 909 de
2057 871 2121 910 die
2158 871 2200 909 in

497 935 603 974 diem
640 934 962 974 continuandum
1002 935 1126 972 donec
1164 934 1264 971 illud
1303 933 1564 983 perfeceritis,
1606 933 1662 971 ita
1699 933 1913 983 diligenter
1952 937 1991 971 et
2030 933 2201 971 fideliter

498 997 662 1047 negocio
738 997 916 1046 predicto
988 996 1243 1034 intendentes
1317 995 1422 1045 quod
1484 995 1746 1045 diligenciam
1815 998 1991 1034 vestram
2057 996 2200 1034 merito

496 1059 712 1097 debeamus
749 1058 1043 1103 commendare,
1085 1058 1221 1095 scituri
1261 1057 1366 1107 quod
1405 1070 1475 1094 vos
1514 1059 1553 1095 et
1594 1057 1721 1096 socios
1759 1060 1911 1095 vestros
1950 1058 1997 1095 de
2026 1057 2200 1096 denariis

496 1121 683 1171 predictis
721 1121 770 1158 ad
809 1120 883 1158 iter
920 1120 1019 1157 illud
1060 1119 1349 1168 perficiendum
1390 1118 1525 1156 taliter
1564 1119 1824 1168 respiciemus
1861 1119 1966 1168 quod
1995 1119 2088 1157 inde
2118 1132 2198 1157 non

495 1183 606 1221 eritis
659 1181 826 1231 gravati.
904 1181 1166 1232 Injunximus
1229 1180 1351 1218 etiam
1405 1179 1630 1218 vicecomiti
1693 1184 1831 1218 nostro
1889 1181 2040 1219 Kancie
2095 1182 2201 1230 quod

496 1244 683 1294 predictis
721 1244 782 1281 die
816 1250 853 1281 et
894 1243 979 1281 loco
1017 1242 1127 1280 vobis
1180 1247 1363 1280 occurrat
1402 1242 1450 1279 ad
1490 1242 1687 1280 auxilium
1722 1241 1834 1281 vobis
1882 1243 2199 1291 impendendum

495 1314 533 1345 et
583 1306 810 1344 faciendum
857 1304 961 1354 quod
1000 1305 1033 1342 ei
1072 1304 1252 1342 dixeritis
1291 1317 1337 1341 ex
1377 1308 1489 1353 parte
1529 1308 1669 1342 nostra
1707 1304 1754 1341 de
1794 1304 1961 1353 negocio
2008 1304 2199 1354 predicto.

496 1368 724 1407 Predictam
781 1371 916 1405 autem
974 1366 1186 1415 pecuniam
1245 1366 1302 1404 ita
1357 1365 1569 1404 collectam
1627 1379 1718 1404 cum
1771 1365 1909 1404 tailliis
1962 1370 2002 1405 et
2059 1367 2201 1406 rotulis

495 1430 675 1481 ejusdem
728 1429 802 1467 sub
855 1429 951 1467 seris
1003 1432 1042 1466 et
1091 1428 1235 1477 sigillis
1287 1428 1445 1473 vestris,
1487 1428 1528 1465 in
1575 1428 1755 1477 prioratu
1803 1428 1950 1467 Sancte
1989 1427 2203 1467 Trinitatis

496 1492 711 1531 Cantuarie
768 1490 877 1529 salvo
935 1490 1171 1539 responatis‚
1230 1490 1355 1528 donec
1412 1489 1521 1527 aliud
1574 1503 1597 1528 a
1647 1489 1763 1527 nobis
1821 1489 1913 1527 inde
1979 1489 2202 1528 habueritis

495 1555 747 1593 mandatum.
826 1553 942 1590 Teste
981 1565 1070 1601 rege
1109 1552 1214 1601 apud
1255 1551 1505 1598 Wudestok’,
1548 1565 1584 1590 x.
1626 1552 1689 1590 die
1729 1551 1840 1590 Julii.
2106 1547 2109 1551 ’

603 1643 758 1681 Eodem
824 1641 943 1679 modo
1009 1640 1249 1677 mandatum
1315 1643 1376 1677 est
1442 1639 1614 1688 singulis
1680 1640 1860 1689 personis
1926 1640 1974 1678 de
2031 1640 2202 1691 singulis

495 1704 754 1745 comitatibus
802 1704 850 1741 ad
898 1702 1121 1752 predictam
1160 1701 1408 1740 tricesimam
1448 1701 1715 1751 colligendam
1763 1701 1994 1751 assignatis,
2035 1703 2202 1743 diversis

496 1772 632 1807 tamen
671 1766 768 1805 locis
806 1769 845 1804 et
879 1763 1126 1814 temporibus
1165 1764 1387 1802 secundum
1427 1764 1533 1814 quod
1574 1777 1694 1814 supra
1732 1763 1857 1802 videri
1896 1765 2055 1813 poterit.

603 1856 688 1893 Rex
748 1854 893 1892 dilecto
955 1852 1069 1890 fratri
1133 1856 1172 1889 et
1236 1851 1344 1889 fideli
1403 1864 1475 1890 suo
1531 1851 1579 1888 L.
1634 1851 1809 1900 principi
1867 1851 1914 1890 de
1970 1852 2201 1893 Abberfraw

493 1921 532 1956 et
606 1917 771 1956 domino
844 1916 890 1953 de
968 1914 1198 1960 Snawdon’‚
1269 1914 1455 1952 salutem.
1542 1913 1742 1952 Noveritis
1816 1915 1920 1964 quod
1994 1916 2201 1956 occasione

493 1980 747 2030 quorundam
785 1978 1042 2027 negociorum
1098 1980 1330 2014 nostrorum
1387 1989 1462 2025 que
1519 1975 1717 2014 habemus
1773 1976 2019 2025 expedienda
2063 1991 2200 2018 versus

493 2043 684 2081 dilectum
746 2041 910 2078 fratrem
972 2042 1011 2077 et
1076 2038 1235 2076 fidelem
1303 2042 1488 2076 nostrum
1554 2038 1600 2075 A.
1663 2051 1797 2087 regem
1866 2039 2030 2085 Scottie,
2093 2041 2199 2091 apud

495 2104 724 2143 Eboracum
763 2103 802 2140 in
841 2101 1010 2140 instanti
1050 2101 1152 2139 festo
1191 2100 1466 2139 Exaltationis
1522 2100 1668 2138 Sancte
1729 2100 1867 2139 Crucis
1905 2100 1973 2139 ubi
2011 2102 2199 2142 dominus

493 2168 650 2216 legatus
689 2165 869 2204 intererit
898 2163 1096 2214 colloquio
1126 2163 1230 2202 inter
1259 2176 1332 2201 nos
1362 2167 1400 2201 et
1431 2163 1565 2213 ipsum
1601 2176 1734 2212 regem
1775 2163 1923 2202 ibidem
1964 2164 2200 2204 celebrando

494 2229 798 2280 prorogavimus
836 2227 942 2265 diem
981 2226 1169 2276 colloquii
1219 2226 1323 2263 inter
1381 2239 1453 2264 nos
1502 2230 1541 2264 et
1598 2238 1666 2263 vos
1724 2239 1849 2275 usque
1888 2226 1929 2264 in
1968 2226 2198 2276 quindecim

494 2293 577 2330 dies
616 2305 637 2329 a
677 2291 777 2328 festo
819 2289 956 2329 Sancti
996 2288 1206 2326 Michaelis
1246 2288 1430 2337 proximo
1463 2288 1631 2325 instanti
1672 2288 1776 2336 apud
1809 2288 2082 2338 Wygorniam.
2143 2291 2198 2329 Et

494 2354 588 2403 quia
627 2365 707 2390 non
747 2358 806 2389 est
845 2362 1003 2388 necesse
1041 2349 1145 2398 quod
1184 2349 1377 2387 dilectum
1419 2352 1604 2398 nepotem
1645 2352 1829 2386 nostrum
1871 2349 2028 2395 David‘‚
2069 2351 2198 2389 filium

494 2419 685 2459 vestrum,
752 2418 790 2451 et
847 2416 995 2451 ceteros
1054 2411 1258 2449 Walenses
1315 2424 1408 2449 cum
1471 2424 1516 2449 eo
1574 2414 1765 2449 venturos
1836 2411 2011 2450 mittatis
2076 2426 2199 2464 usque

497 2476 679 2526 Salopbr’
719 2475 759 2513 in
799 2473 951 2514 octabis
987 2473 1288 2522 Assumptionis
1325 2473 1446 2510 Beate
1478 2473 1602 2510 Marie
1638 2473 1679 2510 in
1714 2485 1923 2511 occursum
1958 2478 2197 2524 magnatum

496 2542 725 2578 nostrorum
764 2537 832 2587 qui
869 2549 934 2574 eos
984 2536 1076 2573 inde
1125 2535 1362 2574 conducturi
1403 2538 1498 2573 sunt
1537 2535 1586 2572 ad
1636 2548 1708 2573 nos
1755 2548 1879 2585 usque
1920 2536 2195 2586 Wygorniam‚

496 2601 598 2640 sicut
654 2599 753 2638 alias
809 2597 920 2636 vobis
977 2597 1275 2642 mandavimus,
1335 2596 1410 2634 hoc
1469 2595 1580 2634 vobis
1636 2596 1827 2635 duximus
1883 2597 2198 2647 significandum

496 2666 682 2713 rogantes
718 2661 910 2711 quatinus
948 2660 1164 2698 molestum
1197 2672 1278 2696 non
1309 2658 1490 2696 habeatis
1521 2663 1579 2697 set
1617 2658 1752 2708 ipsum
1782 2663 1969 2708 nepotem
1999 2665 2198 2710 nostrum,

496 2725 627 2763 filium
665 2726 857 2768 vestrum,
897 2726 935 2760 et
987 2734 1085 2771 quos
1142 2720 1349 2759 volueritis
1388 2720 1488 2758 alios
1527 2720 1574 2758 de
1613 2720 1781 2758 consilio
1837 2725 1968 2760 vestro
2026 2723 2198 2764 mittatis

495 2799 620 2837 usque
663 2783 896 2834 Salopsbir'‚
937 2783 979 2821 in
1018 2782 1169 2822 octabis
1209 2782 1349 2822 Sancti
1388 2782 1598 2820 Michaelis
1631 2782 1673 2819 in
1712 2795 1924 2822 occursum
1959 2789 2199 2834 magnatum

497 2852 727 2888 nostrorum
783 2846 851 2897 qui
908 2850 1005 2884 tunc
1062 2845 1158 2884 illuc
1213 2844 1373 2883 venturi
1427 2847 1523 2882 sunt
1577 2845 1626 2882 ad
1683 2844 1791 2894 ipsos
1843 2845 1892 2883 ad
1948 2859 2022 2885 nos
2074 2861 2198 2899 usque

498 2909 760 2962 Wygorniam
797 2908 1090 2953 conducendos,
1130 2906 1198 2945 ubi
1237 2907 1387 2944 erimus
1437 2906 1486 2945 ab
1536 2907 1622 2956 ipso
1671 2906 1773 2945 festo
1810 2906 1949 2946 Sancti
1989 2908 2198 2949 Michaelis

496 2973 538 3012 in
578 2986 641 3012 xv.
680 2971 778 3016 dies,
819 2969 996 3008 Domino
1035 2969 1290 3008 concedente.
1350 2968 1467 3007 Teste
1519 2981 1609 3018 rege
1666 2968 1772 3018 apud
1811 2969 2016 3017 Keniton',
2057 2984 2094 3010 v.
2134 2972 2198 3011 die

497 3033 685 3086 Augusti.

604 3123 660 3160 Et
698 3119 937 3158 mandatum
974 3121 1034 3157 est
1072 3117 1247 3158 dominis
1287 3119 1549 3157 Coventrensi
1587 3122 1626 3157 et
1665 3118 1949 3157 Herefordensi
1988 3119 2196 3170 episcopis,

497 3186 560 3223 W.
591 3181 730 3222 comiti
759 3180 943 3226 Aubem,’
975 3180 1152 3218 Henrico
1181 3180 1229 3218 de
1258 3180 1490 3229 Aldithleg‚'
1519 3183 1558 3218 et
1590 3180 1767 3219 Waltero
1804 3180 1851 3219 de
1885 3180 2062 3219 Chfford'
2092 3182 2198 3231 quod

496 3260 577 3286 non
629 3248 689 3284 est
750 3255 909 3282 necesse
966 3242 1071 3292 quod
1126 3242 1304 3291 predicto
1358 3242 1498 3280 David'
1549 3245 1764 3281 occurrant
1797 3235 1922 3292 'apud
1991 3243 2195 3292 Salopiam

494 3310 535 3347 in
593 3306 745 3347 octabis
802 3303 1102 3353 Assumptionis
1156 3304 1280 3342 Beate
1337 3304 1476 3350 Mai-ie,
1528 3307 1588 3342 set
1644 3305 1678 3342 ei
1735 3306 1960 3350 occurrant,
2010 3303 2196 3345 videlicet

495 3372 536 3410 in
571 3369 723 3409 octabis
756 3366 895 3407 Sancti
932 3365 1153 3412 Michaelis,
1190 3366 1238 3403 ad
1273 3365 1444 3404 eundem
1479 3365 1785 3405 conducendum
1820 3366 1869 3404 ad
1903 3378 2036 3415 regem
2072 3379 2196 3417 usque
