2375 3587
179 336 323 384 1236.

178 403 240 442 [m.
258 403 329 443 li]

1063 216 1118 255 20
1160 215 1367 256 HENRY
1408 216 1492 258 ΙΙΙ.
2049 220 2130 262 275

532 409 610 444 Pro
671 409 811 446 Tlmma
858 412 902 446 «le
951 411 1406 459 &orffa—Mandatum
1455 417 1514 451 cst
1566 415 1789 453 vicecomiti
1839 415 1955 453 Dors‘
2012 417 2129 465 quod,

422 468 454 505 si
493 469 704 518 tallagium
739 483 939 509 assessum
980 472 1100 511 fuerit
1139 486 1258 522 super
1295 474 1481 512 homines
1520 476 1567 513 de
1606 477 1786 515 manerio
1825 477 1872 515 de
1908 477 2129 523 Porestok',

419 543 557 579 pacem
596 532 653 570 eis
688 533 780 571 inde
818 533 964 572 habere
1003 534 1137 581 faciat,
1174 538 1225 581 et,
1263 536 1296 573 si
1335 548 1536 574 assessum
1577 551 1656 575 non
1696 538 1829 583 fuerit,
1872 539 2033 576 nullum
2077 539 2131 577 ibi

418 593 582 631 assideri
630 595 840 643 permittat
887 608 959 634 nec
1006 596 1184 646 aliquam
1232 597 1528 636 districtionem
1577 599 1699 637 faciat
1753 613 1870 649 super
1928 601 2127 639 Thomam

418 654 465 692 de
513 655 633 704 Gorg'
685 656 727 694 in
774 658 890 708 cujus
938 671 1064 696 manu
1111 659 1337 708 predictum
1386 660 1613 699 manerium
1664 667 1723 699 est
1778 675 1847 711 per
1894 667 2127 713 preceptum

419 717 521 766 regis
568 731 637 766 per
683 718 845 756 feodum
904 732 1022 758 suum
1079 721 1149 771 xij.
1194 720 1402 768 librarum,
1453 723 1558 772 quod
1607 723 1777 773 percipit
1834 737 1904 773 per
1958 737 2128 763 manum

418 779 583 828 predicti
622 780 866 819 vicecomitis
904 794 975 830 pro
1014 782 1179 831 tallagio
1217 783 1363 832 pedicti
1403 785 1597 829 manerii;
1630 788 1690 823 set
1728 786 1827 823 illud
1866 787 1900 824 ei
1951 787 2128 836 plenarie

419 840 565 880 habere
603 842 724 881 faciat
763 843 866 882 sicut
904 844 1005 882 illud
1045 844 1190 884 habere
1229 847 1452 885 consuevit.
1531 847 1649 886 Teste
1688 852 1733 886 ut
1774 861 1905 898 supra.

524 947 653 985 Jndei.
711 948 768 984 De
810 954 956 985 extenta
997 949 1430 994 facienda—Thomas
1473 951 1520 989 de
1559 951 1761 990 Brocdent
1809 951 1929 990 habet
1974 953 2128 991 litteras

417 1007 521 1056 regis
554 1008 724 1046 directas
757 1009 992 1059 justiciariis
1025 1010 1075 1048 ad
1106 1011 1330 1049 custodiam
1362 1012 1583 1050 Judeorum
1616 1013 1832 1062 assignatis
1864 1014 1911 1052 de
1942 1015 2058 1053 terris
2088 1019 2127 1053 et

416 1068 603 1108 domibus
641 1071 723 1108 suis
762 1070 803 1108 in
842 1071 1027 1110 London’
1067 1072 1346 1119 extendendis,
1387 1076 1426 1112 et
1464 1074 1512 1111 de
1551 1074 1737 1113 habendo
1777 1076 2006 1114 rationabili
2048 1077 2127 1115 fine

416 1137 454 1169 et
492 1131 802 1170 rationabilibus
842 1133 1026 1172 terminis
1065 1134 1113 1171 ad
1153 1134 1289 1173 debita
1328 1136 1529 1174 reddenda
1568 1137 1608 1174 in
1647 1137 1794 1186 quibus
1833 1141 1991 1176 tenetur
2026 1138 2127 1189 Elye

417 1193 629 1243 Episcopo,
662 1194 792 1233 Judeo
823 1195 1020 1241 London’,
1053 1196 1109 1234 ita
1147 1196 1311 1235 interim
1347 1201 1503 1237 cessent
1542 1212 1675 1237 usure.
1737 1199 1854 1238 Teste
1893 1213 1981 1250 rege
2020 1202 2126 1250 apud

417 1255 683 1303 Wintoniam,
724 1270 761 1296 x.
801 1258 864 1296 die
903 1257 1031 1297 Junii.

526 1362 581 1398 De
622 1363 716 1399 riuis
753 1361 1263 1401 ca1·iandis.—Mandatuin
1305 1367 1364 1401 est
1402 1364 1581 1402 Johanni
1616 1366 1663 1403 de
1695 1365 1900 1404 Colemere
1937 1367 2042 1416 quod
2079 1368 2126 1406 de

414 1423 467 1460 xl.
507 1423 625 1462 doliis
663 1424 747 1462 vini
790 1437 865 1473 que
911 1425 959 1462 de
1007 1425 1203 1463 nundinis
1253 1425 1393 1465 Sancti
1443 1427 1594 1465 Botulfi
1643 1441 1710 1465 rex
1759 1428 1901 1467 cariari
1950 1430 2126 1479 precepit

415 1498 539 1534 usque
589 1485 815 1525 Eboracum
872 1485 1031 1525 liberari
1089 1487 1211 1526 faciat
1260 1488 1488 1527 Alexandro
1536 1489 1689 1536 Bacun,
1750 1491 1904 1529 custodi
1962 1491 2125 1530 honoris

415 1547 660 1594 Brittannie‚
699 1548 844 1598 viginti
883 1551 921 1586 et
958 1549 1135 1598 quinque
1173 1550 1280 1588 dolia
1325 1551 1515 1589 carianda
1564 1565 1690 1601 usque
1738 1552 1897 1590 Novum
1937 1553 2124 1592 Castrum

413 1622 532 1659 super
570 1610 738 1660 Tynam,
777 1610 841 1649 cui
880 1623 947 1648 rex
984 1611 1193 1650 mandavit
1232 1612 1338 1661 quod
1378 1625 1423 1651 ea
1461 1613 1510 1651 ab
1549 1614 1689 1651 eodem
1730 1614 1920 1652 Johanne
1959 1616 2124 1665 recipiat

413 1675 451 1710 et
501 1671 597 1710 illuc
643 1672 785 1710 cariari
833 1672 965 1718 faciat,
1016 1676 1054 1711 et
1103 1673 1262 1711 residua
1309 1687 1372 1712 xv.
1419 1675 1526 1713 dolia
1574 1675 1715 1713 liberet
1763 1676 1952 1715 carianda
2000 1691 2124 1727 usque

414 1734 658 1780 Eboracum,
699 1735 802 1772 sicut
841 1747 909 1772 rex
956 1734 1067 1784 prius
1115 1735 1292 1785 precepit
1340 1736 1387 1774 de
1434 1738 1715 1786 quadraginta.
1795 1739 1912 1777 Teste
1951 1753 2040 1789 rege
2080 1744 2124 1778 ut

414 1810 547 1846 supra.

519 1901 577 1938 De
610 1900 1035 1949 pe›·do›1cctione.—-Rex
1072 1901 1309 1950 perdonavit
1349 1901 1504 1940 Thome
1535 1903 1583 1941 de
1613 1903 1741 1942 Gresl'
1775 1906 1937 1942 centum
1978 1905 2126 1943 solidos

413 1963 463 2001 ad
510 1976 609 2012 quos
656 1962 863 2001 occasione
909 1963 1139 2001 communis
1187 1964 1519 2003 summonitionis
1562 1966 1804 2004 amerciatus
1859 1966 1937 2004 fuit
1990 1980 2123 2005 coram

413 2025 647 2076 justiciariis
684 2024 970 2063 itinerantibus
1009 2024 1051 2062 in
1090 2025 1288 2064 comitatu
1327 2026 1442 2065 Linc'
1483 2030 1662 2077 tempore
1691 2041 1770 2077 quo
1800 2042 1869 2066 rex
1900 2029 1978 2067 fuit
2017 2030 2124 2078 apud

416 2088 602 2127 Castrum
642 2087 865 2133 Matillidis‚
908 2086 977 2125 ubi
1016 2087 1121 2126 idem
1162 2088 1339 2127 Thomas
1379 2089 1457 2128 fuit
1497 2103 1589 2128 cum
1634 2104 1723 2140 rege
1772 2104 1841 2139 per
1890 2096 2123 2140 preceptum

414 2151 531 2200 regis.
608 2150 664 2188 Et
702 2149 941 2187 mandatum
989 2152 1049 2187 est
1096 2149 1313 2188 baronibus
1352 2152 1400 2189 de
1451 2152 1659 2191 Scacoario
1695 2153 1800 2202 quod
1848 2153 1896 2191 de
1937 2154 2125 2203 predictis

414 2216 577 2251 centum
625 2212 763 2250 solidis
811 2212 944 2261 ipsum
993 2212 1194 2251 Thomam
1251 2213 1434 2263 quietum
1483 2227 1567 2253 esse
1623 2214 1788 2254 faciant.
1868 2216 1987 2254 Teste
2036 2229 2125 2266 rege

415 2275 520 2324 apud
560 2274 827 2319 Wintoniam,
868 2273 921 2311 xi.
962 2274 1025 2311 die
1063 2274 1191 2312 Junii.

522 2380 578 2416 De
615 2380 749 2416 chaelez's
779 2392 851 2415 non
884 2381 1116 2416 remanemus
1151 2381 1188 2416 in
1229 2381 1432 2428 Sulcampt’
1464 2382 1544 2418 sine
1574 2382 1728 2428 speciali
1754 2389 1923 2429 prerepto
1962 2385 2125 2430 recisu—

418 2441 502 2478 Rex
549 2440 746 2479 concessit
794 2439 1059 2488 burgensibus
1106 2441 1188 2478 suis
1233 2441 1352 2479 Suht'
1405 2442 1511 2491 quod
1559 2442 1698 2480 nullus
1745 2443 1900 2480 Judeus
1947 2444 2126 2482 decetero

419 2506 582 2540 maneat
621 2502 727 2550 apud
768 2501 872 2540 Suht
925 2502 1011 2539 sine
1050 2503 1213 2551 speciali
1264 2507 1450 2553 precepto
1498 2505 1614 2552 regis
1692 2505 1748 2542 Et.
1788 2506 2027 2543 mandatum
2067 2510 2126 2544 est

415 2564 650 2615 justiciariis
705 2564 754 2601 ad
811 2564 1038 2602 custodiam
1093 2564 1318 2603 -Judeorum
1374 2566 1593 2615 assignatis
1649 2567 1754 2615 quod
1812 2567 1907 2605 illuc
1964 2568 2124 2605 nullum

418 2627 592 2665 Judeum
650 2626 819 2664 mittant
875 2626 924 2664 ad
980 2627 1230 2665 manendum
1287 2627 1343 2665 ibi
1404 2641 1476 2667 nec
1535 2629 1712 2678 aliquem
1765 2628 1911 2667 ibidem
1965 2643 2126 2668 manere

416 2689 657 2739 permittant
695 2689 781 2726 sine
821 2688 984 2737 speciali
1023 2692 1208 2739 precepto
1247 2690 1365 2739 regis.
1445 2691 1562 2729 Teste
1600 2694 1645 2729 ut
1684 2703 1817 2740 supra.

522 2795 600 2831 Pro
642 2794 808 2830 Henrico
846 2794 888 2829 de
926 2792 1425 2832 Hanvz‘ll'.—Mandatum
1474 2796 1534 2832 est
1584 2794 1760 2832 Waltero
1807 2795 1854 2833 de
1902 2796 2037 2845 Burgo
2085 2800 2124 2835 et

414 2857 607 2895 Warnero
645 2854 832 2904 Engayn'
872 2855 976 2904 quod
1015 2855 1221 2893 occasione
1260 2856 1437 2905 precepti
1470 2857 1573 2905 regis
1607 2857 1712 2905 quod
1750 2870 1816 2895 rex
1854 2858 1909 2895 eis
1949 2858 2043 2896 fecit
2076 2859 2123 2896 de

413 2917 628 2957 dominicis
678 2916 869 2954 maneriis
926 2917 1030 2966 regis
1087 2917 1293 2966 capiendis
1343 2918 1385 2955 in
1433 2931 1599 2956 manum
1657 2919 1759 2967 regis
1816 2932 1984 2957 manum
2042 2933 2122 2958 non

411 2981 580 3018 mittant
626 2979 676 3016 ad
722 2978 950 3015 manerium
990 2980 1035 3016 de
1075 2978 1339 3018 Brikelestok'
1382 2981 1486 3029 quod
1529 2984 1588 3018 est
1624 2981 1665 3017 in
1705 2993 1829 3018 manu
1871 2981 2037 3019 Henrici
2076 2982 2122 3019 de

412 3041 617 3085 Hauvill’;
666 3043 717 3085 et,
752 3040 784 3077 si
816 3039 919 3077 forte
950 3040 1051 3078 illud
1082 3041 1123 3078 in
1156 3054 1326 3079 manum
1361 3042 1464 3091 regis
1496 3042 1735 3087 seisiverint‚
1770 3042 1933 3091 plenam
1965 3043 1999 3081 ei
2032 3043 2122 3081 inde

413 3103 603 3141 seisinam
643 3100 830 3138 rehabere
868 3100 1032 3139 faciant.
1110 3102 1228 3140 Teste
1266 3106 1311 3141 ut
1350 3116 1483 3152 supra.

518 3208 646 3245 Jmlei.
698 3207 750 3242 De
776 3212 920 3242 ‹ui-tenta
937 3207 1442 3254 facienda.—Mandatum
1469 3211 1528 3246 est
1554 3208 1790 3259 justiciariis
1817 3208 1865 3245 ad
1894 3209 2120 3246 custodiam

417 3270 641 3308 Judeorum
690 3266 906 3315 assignatis
953 3268 1059 3315 quod
1111 3281 1179 3317 per
1226 3273 1525 3308 sacramentum
1576 3269 1791 3318 proborum
1842 3273 1881 3307 et
1930 3270 2120 3317 legalium

411 3331 626 3371 hominum
660 3328 820 3366 extendi
859 3328 1011 3367 faciant
1045 3329 1187 3368 domos
1222 3334 1260 3369 et
1297 3334 1423 3369 terras
1458 3332 1608 3369 Azonis
1648 3331 1857 3369 Benedicti
1905 3330 2121 3381 Suhampt’

413 3396 454 3433 in
498 3393 613 3432 Suht’
655 3393 694 3429 et
733 3390 776 3427 in
821 3389 881 3428 La
922 3390 1050 3437 Hull’,
1092 3392 1276 3431 videlicet
1317 3396 1518 3442 quantum
1559 3393 1719 3430 valeant
1767 3405 1836 3441 per
1877 3405 2031 3430 annum
2079 3394 2120 3431 in
