2375 3587
157 363 301 410 1237.

156 431 215 468 [m.
228 429 300 468 3d.]

154 1076 213 1114 [m.
231 1075 300 1113 2‹l.]

1029 235 1080 273 21
1128 232 1330 275 HENHY
1374 233 1456 276 Ill.
2014 243 2096 279 5⁴35

503 428 586 465 Rex
623 428 845 477 justiciario
884 442 955 466 suo
1008 428 1227 479 Hybernie,
1280 429 1466 467 salutem.
1537 430 1781 469 Mandamus
1831 430 1942 470 vobis
1992 433 2097 481 (1110(1

393 489 426 527 51
465 489 673 527 Johannes
711 490 757 527 de
795 490 1051 540 Kylmaynan
1086 494 1125 528 et
1164 491 1293 528 David
1333 491 1495 541 Dolfyn‚
1528 492 1658 530 socius
1696 493 1795 542 ejus,
1827 493 1874 531 de
1913 497 2096 542 precepto

393 553 525 589 vestro
564 551 674 589 missi
715 551 865 589 fuerint
903 551 944 589 in
984 552 1174 601 Angliam
1205 552 1254 590 ad
1289 552 1524 590 thesaurum
1566 557 1751 591 nostrum
1791 555 2095 593 conducendum

393 611 433 649 in
473 612 649 650 crastino
685 613 824 651 Sancti
862 613 1138 651 Bartholomei
1170 626 1278 651 anno
1311 617 1385 652 etc.
1421 614 1499 663 xxj.
1535 614 1655 651 simul
1687 627 1779 652 cum
1814 620 1931 664 gente
1966 620 2096 654 vestra

392 673 440 710 ad
480 686 553 712 nos
592 674 843 719 transmissa,
876 677 973 713 tunc
1011 675 1254 724 provideatis
1286 675 1391 724 quod
1430 675 1623 724 quamdiu
1664 676 1814 715 fuerint
1852 677 1891 714 in
1931 678 2097 716 servicio

392 738 530 773 nostro
568 736 802 773 thesaurum
841 739 1026 774 nostrum
1066 737 1325 775 conducendo
1363 736 1404 774 in
1454 736 1646 786 Angliam
1686 740 1724 775 et
1767 738 1858 776 inde
1897 740 2098 777 redeundo

391 797 439 834 ad
506 800 638 846 partes
704 811 809 840 51105,
868 811 948 836 11011
1005 798 1309 837 occasionantur
1365 799 1405 836 in
1461 799 1571 837 curia
1627 799 1994 848 Hospitalariorum
2051 802 2097 839 de

391 857 648 907 Kylmaynan
686 871 758 896 nec
797 858 838 895 in
878 858 1011 908 aliquo
1050 859 1132 896 sint
1181 859 1255 897 hac
1294 859 1378 897 vice
1417 860 1624 908 perdentes
1664 863 1825 909 propter
1871 861 2095 899 absentiam

391 932 519 965 suam,
558 924 617 958 set
654 920 824 958 defaltas
862 933 954 958 suas
993 920 1125 958 medio
1159 924 1335 969 tempore
1364 921 1421 959 eis
1451 921 1609 960 faciatis
1638 922 1904 960 warantizari.
1982 924 2097 962 Teste

392 994 482 1031 rege
520 982 624 1031 apud
666 982 845 1031 Noting'.

499 1077 559 1115 Ad
615 1078 860 1116 tricesimam
917 1077 1020 1127 regis
1077 1078 1331 1116 assidendam
1388 1082 1426 1116 et
1478 1079 1746 1128 colligendam
1799 1079 1839 1117 in
1894 1081 2009 1119 terris
2057 1086 2096 1120 et

393 1138 647 1178 libertatibus
684 1139 840 1178 abbatis
880 1139 1018 1178 Sancti
1058 1140 1267 1178 Edmundi
1306 1140 1347 1178 in
1386 1141 1648 1179 comitatibus
1687 1141 1799 1179 Norf'
1840 1146 1879 1180 et
1920 1143 2025 1181 Suff'
2056 1148 2095 1182 et

395 1201 534 1239 Norht'
573 1201 767 1251 assignati
807 1205 902 1239 sunt

670 1264 874 1302 Gerardus
922 1264 969 1301 de
1020 1264 1168 1303 Sancto
1217 1264 1333 1302 Claro

618 1271 799 1436 {Adam
840 1325 888 1364 de
927 1326 1115 1375 Rugham
1463 1325 1503 1363 in
1563 1327 1692 1365 forma
1746 1340 1866 1377 (1110111

670 1388 870 1426 Henricus
926 1387 973 1425 de
1032 1388 1183 1426 Sancto
1240 1387 1358 1425 Petro
1415 1341 1427 1435 1

393 1449 574 1498 superius
613 1449 809 1498 scriptum
856 1453 916 1487 est
965 1462 1035 1498 pro
1086 1449 1271 1498 episcopo
1324 1449 1589 1499 Cycestrensi‚
1644 1450 1788 1489 abbate
1841 1453 2013 1502 Rading’
2060 1458 2097 1491 et

392 1511 496 1549 aliis.
575 1512 691 1550 Teste
731 1525 820 1561 rege
859 1512 965 1560 apud
1005 1511 1186 1560 Noting',
1227 1511 1310 1561 xiiij
1352 1512 1414 1549 die
1455 1512 1717 1562 Septembris.

499 1597 672 1636 Isabella
716 1598 763 1636 de
812 1597 994 1642 Bolebec‚
1049 1597 1254 1635 comitissa
1300 1598 1466 1643 Oxonie,
1507 1601 1662 1644 tenens,
1702 1600 1921 1638 attornavit
1961 1613 2093 1638 coram

390 1674 480 1710 rege
536 1661 702 1698 Petrum
759 1660 805 1698 de
863 1660 901 1697 la
959 1661 1055 1697 Mar'
1115 1662 1153 1697 et
1215 1659 1468 1698 Gilebertum
1534 1661 1704 1706 Devon’,
1772 1661 1977 1708 clericum,
2045 1663 2094 1700 ad

390 1723 629 1762 lucrandum
682 1723 742 1760 vel
790 1722 1037 1771 perdendum
1091 1722 1132 1759 in
1183 1721 1342 1771 loquela
1380 1736 1455 1772 que
1494 1726 1554 1760 est
1597 1722 1637 1760 in
1678 1723 1876 1761 comitatu
1916 1724 2094 1762 Devonie

389 1786 494 1824 inter
522 1786 725 1835 Rogerum
759 1785 806 1822 de
836 1784 951 1829 Hele,
984 1786 1203 1833 petentem,
1237 1787 1276 1822 et
1315 1784 1446 1833 ipsam
1486 1785 1750 1831 comitissam,
1788 1789 2007 1832 tenentem,
2048 1787 2095 1824 de

388 1852 561 1898 quatuor
599 1847 699 1886 acris
740 1851 842 1885 terre
880 1860 971 1884 cum
1010 1846 1268 1895 pertinentiis
1322 1846 1363 1884 in
1414 1847 1603 1885 Gliston'.
1681 1847 1797 1886 Teste
1850 1861 1939 1898 rege
1989 1849 2095 1898 apud

392 1909 573 1958 Noting’,
614 1908 710 1958 xvij.
750 1908 813 1945 die
852 1907 1111 1957 Septembris.

499 1996 612 2034 Prior
664 1994 889 2043 Hospitalis
940 1994 1166 2032 Jerusalem
1221 1993 1261 2030 in
1314 1993 1463 2042 Anglia
1515 1993 1625 2031 venit
1678 2006 1813 2032 coram
1855 2008 1945 2044 rege
1989 1997 2095 2045 apud

392 2058 620 2097 Eboracum
679 2057 718 2094 in
773 2057 947 2095 crastino
1003 2056 1142 2095 Sancti
1193 2056 1346 2093 Mathei
1404 2059 1443 2093 et
1502 2056 1619 2104 petiit
1678 2060 1825 2094 terram
1882 2071 1996 2095 suam
2054 2059 2095 2096 in

393 2121 648 2170 Coppegrave
702 2118 777 2156 sibi
836 2118 1045 2168 replegiari
1105 2131 1226 2168 quam
1280 2118 1494 2167 Wymerus
1550 2118 1597 2155 de
1648 2118 1888 2157 Thorinton'
1947 2120 2097 2158 clamat

392 2196 530 2222 versus
568 2182 700 2231 ipsum
742 2180 915 2230 priorem
954 2185 1105 2230 etque
1141 2182 1258 2229 capta
1296 2183 1356 2218 est
1395 2180 1436 2217 in
1472 2193 1642 2217 manum
1673 2180 1776 2230 regis
1806 2194 1875 2230 per
1903 2182 2096 2220 defaltam

391 2246 571 2296 ejusdem
619 2244 777 2293 prioris.
855 2243 908 2280 Et
956 2243 1031 2280 hoc
1079 2242 1355 2291 significatum
1404 2246 1464 2279 est
1510 2242 1760 2291 justiciariis.
1837 2243 1954 2282 Teste
2007 2258 2096 2294 rege

396 2307 501 2357 apud
539 2305 784 2351 Eboracum,
824 2304 920 2354 xxij.
961 2304 1023 2341 die
1065 2302 1326 2352 Septembris.

500 2392 742 2431 Consimiles
794 2391 949 2429 litteras
1002 2389 1153 2428 habent
1207 2389 1437 2427 willelmus
1489 2389 1536 2427 de
1576 2389 1783 2428 Kirketon'
1824 2395 1863 2429 et
1902 2392 2095 2437 Hawisia‚

393 2468 492 2494 uxor
530 2455 630 2505 ejus,
669 2454 737 2503 qui
777 2456 973 2492 venerunt
1010 2453 1116 2502 apud
1155 2451 1386 2490 Eboracum
1419 2451 1481 2490 die
1511 2452 1623 2490 Jovis
1653 2456 1747 2491 ante
1778 2453 1926 2491 festum
1960 2454 2096 2493 Sancti

396 2517 607 2556 Michaelis
646 2529 783 2554 versus
821 2515 1012 2554 comitem
1052 2514 1179 2553 Norf'.

504 2643 921 2683 ln'bnracum.—Abbas
962 2644 1108 2683 Sancte
1147 2642 1303 2692 Agathe
1349 2642 1571 2680 attornavit
1619 2643 1784 2681 fratrem
1827 2644 2094 2694 Stephanum,

393 2708 632 2748 canonicum
672 2720 806 2752 suum,
837 2709 976 2745 contra
1005 2705 1225 2744 Robertum
1257 2705 1440 2750 TraverS,
1472 2708 1688 2754 petentem,
1721 2705 1768 2743 de
1799 2718 1881 2743 una
1910 2712 2097 2746 carucata

395 2775 496 2810 terre
534 2770 576 2807 in
617 2769 801 2817 Gilling'.

502 2856 698 2895 Priorissa
754 2855 801 2892 de
858 2853 1021 2902 Marrig'
1078 2853 1299 2891 attornavit
1358 2852 1577 2891 Ricardum
1625 2852 1673 2890 de
1730 2852 1900 2891 Elreton
1957 2859 2096 2893 contra

394 2919 615 2959 Robertum
655 2918 836 2963 Travers,
875 2919 1093 2965 petentem,
1133 2915 1180 2953 de
1219 2915 1292 2965 iiij.
1333 2918 1371 2953 et
1410 2928 1446 2952 x.
1486 2914 1587 2952 acris
1626 2918 1665 2953 et
1703 2915 1730 2964 j.
1771 2918 1958 2954 carucata
1995 2920 2096 2955 terre

392 2983 433 3020 in
464 2980 643 3029 Marrig'.

500 3066 628 3105 Alicia
666 3078 765 3104 uxor
797 3063 959 3103 Roberti
998 3064 1045 3102 de
1075 3063 1255 3101 Arundel
1283 3062 1504 3101 attornavit
1542 3062 1674 3112 ipsum
1705 3061 1925 3101 Robertum
1955 3068 2096 3103 contra

394 3129 612 3169 Robertum
656 3128 822 3165 Travers
866 3129 1070 3176 petentem
1110 3126 1157 3163 de
1199 3124 1320 3163 tercia
1358 3128 1470 3174 parte
1517 3138 1554 3162 v.
1604 3127 1897 3170 carucatarum,
1929 3130 2094 3176 excepta

392 3191 515 3231 tercia
552 3193 665 3240 parte
702 3189 873 3226 duarum
912 3187 1162 3233 bovatarmn,
1203 3187 1309 3225 lxxx.
1350 3190 1389 3225 et
1424 3200 1462 3224 x.
1502 3186 1603 3224 acris
1641 3189 1743 3224 terre
1780 3185 1821 3223 in
1861 3187 2038 3236 Marrig‘.

501 3276 620 3314 Eudo
678 3275 725 3312 de
778 3274 1005 3312 Punchard'
1056 3272 1277 3311 attornavit
1331 3272 1562 3310 ‚Johannem
1618 3272 1666 3309 de
1723 3271 1998 3321 Wudingfeld⁷
2054 3278 2093 3313 et

394 3339 618 3379 Henricum
667 3337 714 3374 de
768 3335 1008 3385 Stapelford’
1058 3338 1198 3373 contra
1249 3334 1490 3384 magistrum
1544 3333 1701 3382 Templi
1754 3336 1793 3371 et
1841 3333 2092 3375 Willelmum

395 3400 530 3439 Haket
568 3400 615 3437 de
653 3401 758 3436 terra
795 3397 838 3434 in
877 3395 1101 3446 Querneby.
