2375 3587
259 222 341 262 496

324 346 466 395 1237.

328 416 388 454 [m.
404 413 452 453 3.]

331 1527 390 1565 [m.
406 1522 452 1563 2.]

1197 219 1383 261 CLOSE
1429 219 1632 260 ROLLS.

558 413 768 452 Fratribus
818 414 1045 453 Minoribus
1109 414 1458 453 commorantibus
1515 414 1620 463 apud
1678 413 1793 452 Linc’
1851 414 1900 452 ad
1952 414 2086 452 locum
2143 425 2262 451 suum

558 476 814 514 dilatandum
871 480 910 515 et
966 477 1260 526 ampliandum,
1317 480 1478 525 gratum
1544 479 1649 513 esset
1705 475 1820 513 nobis
1877 478 1915 513 et
1986 475 2086 513 bene
2145 473 2260 513 nobis

559 538 734 586 placeret
772 539 890 588 quod,
933 539 964 576 si
1004 539 1110 576 idem
1157 538 1303 584 velitis,
1340 538 1513 587 placiam
1546 538 1660 575 illam
1695 537 1924 576 concedatis
1963 541 2000 575 et
2045 536 2261 575 dimittatis

559 599 752 638 fratribus
782 601 986 649 predictis,
1023 604 1061 638 et
1095 614 1168 638 nos
1207 599 1390 643 libenter,
1432 600 1465 637 si
1505 600 1543 637 id
1583 599 1770 645 feceritis,
1823 600 1944 637 aliam
1997 599 2169 648 placiam
2219 598 2261 635 in

558 662 656 700 villa
711 665 850 700 nostra
895 662 1008 700 vobis
1066 662 1330 700 concedemus
1379 662 1427 699 ad
1484 661 1632 710 placita
1670 664 1803 699 vestra
1861 661 2047 706 tenenda,
2093 660 2125 698 si
2175 673 2262 698 eam

562 723 655 763 alibi
693 724 931 762 inveneritis
976 727 1287 773 competentem,
1328 737 1419 762 cuin
1474 724 1513 760 id
1563 723 1678 761 nobis
1735 723 2072 772 significaveritis.
2147 722 2264 760 Teste

561 800 651 836 rege
689 787 795 836 apud
835 786 1016 835 Noting’‚
1057 787 1152 837 xvij.
1197 787 1259 824 die
1300 785 1565 835 Septembris.

669 909 725 944 De
776 909 958 948 fructibus
1015 908 1156 944 ecclesie
1195 909 1237 943 da
1282 908 1629 945 Wuttaem‘.—Bene
1678 907 1817 945 recolit
1857 919 1923 944 rex
1971 907 2143 956 qualiter
2181 919 2265 955 pre-

561 970 664 1019 cepit
698 969 926 1007 vicecomiti
976 969 1117 1008 Glouc’
1156 970 1262 1019 quod
1320 973 1524 1007 amoveret
1572 970 1654 1006 vim
1696 969 1841 1007 laicam
1896 982 2017 1019 quam
2070 968 2267 1007 inveniret

561 1033 602 1069 in
655 1031 820 1070 ecclesia
867 1031 915 1068 de
974 1032 1158 1077 Wutton,
1200 1034 1258 1069 set
1311 1045 1391 1069 non
1433 1032 1571 1069 recolit
1628 1031 1733 1080 quod
1789 1031 1964 1080 precepit
2004 1034 2048 1069 ut
2100 1043 2269 1068 inanum

561 1097 778 1143 apponeret
832 1093 1030 1131 fructibus
1078 1093 1241 1131 ecclesie
1280 1096 1513 1131 memorate.
1591 1093 1694 1140 Quia
1725 1107 1817 1131 vero
1856 1093 1961 1131 idem
2001 1093 2136 1142 colligi
2175 1092 2270 1130 facit

561 1156 718 1194 fructus
774 1155 936 1193 ecclesie
993 1156 1168 1204 predicte
1225 1158 1264 1193 et
1314 1155 1494 1192 triturari
1543 1158 1582 1193 et
1640 1155 1770 1200 vendi,
1837 1168 1917 1193 non
1968 1154 2120 1193 habens
2176 1154 2269 1191 inde

562 1220 802 1259 warantum,
843 1217 1086 1254 mandatum
1140 1220 1199 1254 est
1256 1217 1291 1254 ei
1330 1217 1435 1265 quod
1474 1217 1522 1254 de
1561 1216 1759 1254 fructibus
1818 1217 1898 1253 illis
1957 1216 1997 1253 in
2055 1216 2168 1253 nullo
2225 1228 2266 1253 se

562 1279 822 1323 intromittat,
873 1282 911 1316 et
960 1279 991 1316 si
1031 1279 1127 1327 quid
1180 1278 1272 1316 inde
1321 1279 1495 1316 amoveri
1551 1278 1687 1316 fecerit
1735 1279 1891 1316 restitui
1941 1278 2061 1316 faciat
2108 1277 2271 1316 ecclesie

562 1341 750 1389 predicte,
800 1340 1094 1389 possessionem
1143 1340 1323 1389 ejusdem
1379 1341 1541 1378 ecclesie
1589 1340 1743 1378 clericis
1793 1340 1884 1378 inde
1933 1339 2271 1378 contendentibus

563 1403 805 1452 relinquens.
883 1402 999 1440 Teste
1038 1406 1082 1439 ut
1121 1415 1255 1451 supra.

674 1525 725 1560 I>e¹
775 1525 963 1560 mlum-[luis
1011 1522 1425 1560 datiss—Mandatum
1475 1524 1535 1559 est
1583 1522 1718 1560 Avicie
1766 1522 1813 1559 de
1862 1521 2130 1560 Columbariis
2168 1522 2273 1571 quod

561 1587 602 1623 in
651 1586 799 1624 foresta
838 1586 885 1623 de
934 1586 1037 1623 Cett'
1079 1585 1201 1623 faciat
1250 1585 1394 1622 habere
1435 1585 1628 1632 Magistro
1674 1585 1860 1630 Hei-vico,
1901 1598 2068 1634 persone
2108 1585 2271 1623 ecclesie

561 1649 609 1686 de
648 1649 776 1691 Anne,
819 1662 854 1685 v.
897 1647 1048 1692 robora,
1087 1648 1133 1684 de
1173 1648 1278 1685 dono
1327 1646 1440 1696 regis.
1514 1647 1631 1685 Teste
1670 1660 1759 1696 rege
1796 1648 1901 1696 apud
1951 1647 2134 1696 Noting’‚
2175 1647 2272 1697 xvij.

563 1711 626 1749 die
667 1709 928 1760 Septembris.

673 1825 729 1860 De
767 1825 889 1860 damis
928 1823 1344 1861 Aatz·.<.—tla11clat11111
1384 1826 1444 1861 est
1482 1822 1781 1861 constabulario
1820 1822 1938 1861 castri
1980 1822 2131 1861 Windl’
2168 1822 2274 1871 quod

564 1887 653 1935 capi
705 1886 828 1924 faciat
880 1885 953 1935 iiij.
1003 1885 1144 1923 damos
1197 1885 1236 1922 in
1290 1885 1440 1923 foresta
1492 1886 1538 1922 do
1589 1885 1784 1923 Windles'
1839 1885 1888 1922 ad
1940 1897 2040 1933 opus
2089 1884 2273 1933 magistri

564 1949 749 1987 Nicholai
789 1949 835 1986 de
876 1948 1103 1986 Farenham
1137 1951 1176 1986 et
1215 1960 1280 1985 eos
1319 1948 1352 1985 ei
1393 1947 1537 1985 habere
1577 1948 1698 1985 faciat
1737 1948 1784 1985 de
1823 1948 1928 1986 dono
1968 1947 2084 1996 regis.
2159 1946 2274 1984 Teste

567 2015 611 2050 ut
651 2024 783 2060 supra.

679 2127 732 2161 ΙΝ
766 2125 960 2161 mam-«wir»
995 2125 1043 2159 ml
1082 2126 1312 2171 ‹qun-atione«
1346 2126 1462 2160 rastri
1501 2123 1969 2169 Notinsf'.——Mandatum
2004 2125 2063 2161 est
2103 2121 2277 2160 Roberto

566 2189 613 2226 de
652 2186 929 2235 Everingham
968 2186 1073 2234 quod
1114 2185 1257 2223 habere
1306 2186 1426 2223 faciat
1466 2185 1766 2223 constabulario
1806 2185 1970 2233 Noting'
2012 2184 2276 2222 maeremium

568 2250 608 2287 in
648 2249 770 2287 ballia
804 2261 875 2285 sua
914 2247 962 2285 ad
994 2247 1246 2296 operationes
1286 2247 1487 2285 faciendas
1520 2248 1560 2284 in
1600 2251 1731 2285 castro
1771 2247 1934 2295 Noting‘
1973 2250 2011 2284 et
2050 2246 2099 2284 ad
2140 2245 2276 2284 kaium

569 2311 791 2350 molendini
832 2310 935 2359 regis
974 2309 1048 2347 sul)
1087 2314 1218 2348 castro
1266 2310 1511 2356 faciendum,
1551 2323 1650 2359 quas
1690 2323 1757 2347 rex
1795 2309 1828 2347 ei
1880 2309 2073 2359 injunxit.
2159 2309 2276 2348 Teste

571 2388 659 2424 rege
698 2374 804 2422 apud
843 2372 1024 2421 Noting',
1067 2372 1177 2422 xviij.
1217 2373 1280 2410 die
1321 2371 1582 2421 Septembris.

679 2453 833 2490 Eodem
875 2451 992 2489 niodo
1032 2451 1218 2490 scribitur
1258 2451 1435 2489 Henrico
1474 2451 1520 2488 de
1560 2451 1727 2489 Lamel'.

682 2575 737 2610 De
767 2575 886 2609 ‘lamis
915 2573 1107 2620 capiendis
1141 2581 1171 2609 et
1205 2574 1385 2621 succendis
1422 2574 1462 2609 in
1491 2586 1609 2619 μανι-ι)
1640 2586 1755 2620 pareo
1793 2574 1886 2620 ressis
1920 2574 2021 2620 apud
2052 2573 2282 2619 Notinjl’.-—-

573 2636 813 2674 Mandatum
858 2638 917 2672 est
956 2635 1180 2672 vicecomiti
1220 2634 1384 2682 Noting'
1425 2634 1529 2682 quod
1577 2647 1669 2671 cum
1718 2634 1980 2672 festinatione
2025 2634 2113 2683 capi
2161 2633 2282 2672 faciat

574 2700 615 2736 in
654 2698 802 2735 foresta
840 2697 886 2734 de
928 2696 1146 2735 Shirewod’
1190 2710 1225 2733 x.
1267 2696 1407 2733 damos
1441 2699 1479 2733 et
1518 2696 1651 2733 deceni
1702 2696 1842 2734 damas
1881 2696 1930 2734 ad
1969 2696 2200 2745 ponendum
2240 2695 2280 2733 in

574 2773 693 2810 parco
733 2759 835 2807 regis
875 2758 948 2796 sub
986 2762 1117 2796 castro
1155 2759 1202 2796 de
1242 2758 1422 2806 Noting⁷.
1508 2758 1624 2796 Teste
1662 2761 1706 2796 ut
1746 2771 1877 2807 supra.

682 2838 738 2875 Et
785 2837 1024 2874 mandatum
1073 2840 1133 2874 est
1181 2835 1354 2874 Roberto
1401 2836 1449 2873 de
1489 2835 1767 2885 Everinghani
1815 2836 1919 2886 quod
1967 2836 2017 2874 ad
2056 2835 2159 2873 feras
2192 2835 2283 2874 illas

576 2900 789 2950 capiendas
827 2899 957 2936 eidem
996 2898 1221 2937 vicecomiti
1262 2897 1314 2936 sit
1353 2897 1565 2935 auxilians.
1652 2898 1769 2936 Teste
1807 2901 1852 2936 ut
1890 2911 2024 2947 supra.

689 3022 741 3057 De
773 3021 974 3068 quercubus
1005 3019 1417 3057 ‹latia—Mandatum
1456 3022 1515 3056 est
1566 3018 1720 3056 custodi
1756 3019 2009 3068 episcopatus
2053 3018 2282 3056 Dunholm-

576 3083 684 3121 ensis
712 3082 831 3131 quod,
863 3081 894 3118 si
926 3080 1120 3129 Magister
1159 3081 1220 3118 W.
1261 3081 1308 3118 de
1348 3081 1550 3131 KiIKenny
1589 3081 1772 3118 nondum
1802 3080 1989 3118 habuerit
2018 3080 2282 3118 maeremium

578 3146 619 3182 in
673 3144 821 3182 foresta
871 3143 918 3179 de
962 3142 1136 3189 Langec'
1180 3155 1248 3191 per
1300 3146 1532 3191 preceptum
1585 3142 1689 3190 regis
1741 3143 1789 3180 ad
1840 3141 2042 3192 quoddam
2095 3142 2284 3180 horreum

578 3205 807 3244 faciendum
866 3204 905 3241 in
963 3203 1101 3241 eadem
1158 3204 1318 3249 foresta,
1373 3208 1470 3242 tunc
1523 3204 1576 3241 xl.
1627 3216 1795 3253 quercus
1860 3203 1896 3241 ei
1958 3203 2043 3241 sine
2094 3203 2286 3241 dilatione

580 3267 725 3307 habere
764 3265 886 3304 faciat
925 3265 966 3302 in
1005 3265 1143 3302 eadem
1183 3266 1331 3303 foresta
1367 3266 1416 3303 ad
1463 3266 1652 3304 horreum
1700 3265 1801 3303 illud
1848 3264 2092 3303 faciendum.
2169 3264 2287 3302 Teste

580 3343 670 3380 rege
721 3328 826 3378 apud
879 3326 1122 3373 Eboracum,
1178 3327 1302 3375 xxiiij.
1344 3327 1406 3365 die
1459 3326 1720 3377 Septembris.
1821 3327 1897 3364 Per
1949 3326 2191 3377 magistrum
2242 3325 2284 3365 S.

581 3393 876 3431 Normannum.
