<?xml version="1.0" encoding="UTF-8"?>
<!DOCTYPE html PUBLIC "-//W3C//DTD XHTML 1.0 Transitional//EN"
    "http://www.w3.org/TR/xhtml1/DTD/xhtml1-transitional.dtd">
<html xmlns="http://www.w3.org/1999/xhtml" xml:lang="en" lang="en">
 <head>
  <title>
</title>
<meta http-equiv="Content-Type" content="text/html;charset=utf-8" />
  <meta name='ocr-system' content='tesseract 3.04.00' />
  <meta name='ocr-capabilities' content='ocr_page ocr_carea ocr_par ocr_line ocrx_word'/>
</head>
<body>
  <div class='ocr_page' id='page_1' title='image "./closerollsofreig03grea_0181.png"; bbox 0 0 2375 3587; ppageno 0'>
   <div class='ocr_carea' id='block_1_1' title="bbox 184 301 352 408">
    <p class='ocr_par' dir='ltr' id='par_1_1' title="bbox 184 301 352 408">
     <span class='ocr_line' id='line_1_1' title="bbox 195 301 338 351; baseline 0.014 -2"><span class='ocrx_word' id='word_1_1' title='bbox 195 301 338 351; x_wconf 79' lang='lat'>1235.</span> 
     </span>
     <span class='ocr_line' id='line_1_2' title="bbox 184 367 352 408; baseline 0.006 -7"><span class='ocrx_word' id='word_1_2' title='bbox 184 367 352 408; x_wconf 80' lang='lat' dir='ltr'>[m.17d.]</span> 
     </span>
    </p>
   </div>
   <div class='ocr_carea' id='block_1_2' title="bbox 1083 174 2136 226">
    <p class='ocr_par' dir='ltr' id='par_1_2' title="bbox 1083 174 2136 226">
     <span class='ocr_line' id='line_1_3' title="bbox 1083 174 2136 226; baseline 0.01 -11"><span class='ocrx_word' id='word_1_3' title='bbox 1083 176 1135 217; x_wconf 87' lang='lat'>19</span> <span class='ocrx_word' id='word_1_4' title='bbox 1176 174 1382 217; x_wconf 86' lang='lat' dir='ltr'>HENRY</span> <span class='ocrx_word' id='word_1_5' title='bbox 1423 176 1505 217; x_wconf 92' lang='lat' dir='ltr'>III.</span> <span class='ocrx_word' id='word_1_6' title='bbox 2053 184 2136 226; x_wconf 85' lang='lat'>169</span> 
     </span>
    </p>
   </div>
   <div class='ocr_carea' id='block_1_3' title="bbox 939 271 1107 278">
    <p class='ocr_par' dir='ltr' id='par_1_3' title="bbox 939 271 1107 278">
     <span class='ocr_line' id='line_1_4' title="bbox 939 271 1107 278; baseline 0 0"><span class='ocrx_word' id='word_1_7' title='bbox 939 271 1107 278; x_wconf 95' lang='lat' dir='ltr'> </span> 
     </span>
    </p>
   </div>
   <div class='ocr_carea' id='block_1_4' title="bbox 1460 274 1630 280">
    <p class='ocr_par' dir='ltr' id='par_1_4' title="bbox 1460 274 1630 280">
     <span class='ocr_line' id='line_1_5' title="bbox 1460 274 1630 280; baseline 0 0"><span class='ocrx_word' id='word_1_8' title='bbox 1460 274 1630 280; x_wconf 95' lang='lat' dir='ltr'> </span> 
     </span>
    </p>
   </div>
   <div class='ocr_carea' id='block_1_5' title="bbox 417 369 2136 3399">
    <p class='ocr_par' dir='ltr' id='par_1_5' title="bbox 417 369 2136 3399">
     <span class='ocr_line' id='line_1_6' title="bbox 542 369 2136 427; baseline 0.005 -18"><span class='ocrx_word' id='word_1_9' title='bbox 542 370 810 409; x_wconf 81' lang='lat' dir='ltr'>Sanctissimo</span> <span class='ocrx_word' id='word_1_10' title='bbox 830 370 936 420; x_wconf 91' lang='lat' dir='ltr'>patri</span> <span class='ocrx_word' id='word_1_11' title='bbox 956 370 999 408; x_wconf 88' lang='lat' dir='ltr'>in</span> <span class='ocrx_word' id='word_1_12' title='bbox 1021 369 1184 409; x_wconf 85' lang='lat' dir='ltr'>Christo</span> <span class='ocrx_word' id='word_1_13' title='bbox 1204 373 1243 408; x_wconf 91' lang='lat' dir='ltr'>et</span> <span class='ocrx_word' id='word_1_14' title='bbox 1263 370 1427 409; x_wconf 88' lang='lat' dir='ltr'>domino</span> <span class='ocrx_word' id='word_1_15' title='bbox 1458 372 1784 413; x_wconf 88' lang='lat' dir='ltr'>reverentissimo</span> <span class='ocrx_word' id='word_1_16' title='bbox 1816 375 1866 414; x_wconf 90' lang='lat' dir='ltr'>G.</span> <span class='ocrx_word' id='word_1_17' title='bbox 1900 375 1975 415; x_wconf 90' lang='lat' dir='ltr'>Dei</span> <span class='ocrx_word' id='word_1_18' title='bbox 2006 374 2136 427; x_wconf 84' lang='lat' dir='ltr'>gratia</span> 
     </span>
     <span class='ocr_line' id='line_1_7' title="bbox 432 432 2134 482; baseline 0.006 -12"><span class='ocrx_word' id='word_1_19' title='bbox 432 445 592 471; x_wconf 88' lang='lat' dir='ltr'>summo</span> <span class='ocrx_word' id='word_1_20' title='bbox 638 432 822 482; x_wconf 86' lang='lat' dir='ltr'>pontifici</span> <span class='ocrx_word' id='word_1_21' title='bbox 853 432 906 471; x_wconf 91' lang='lat' dir='ltr'>H.</span> <span class='ocrx_word' id='word_1_22' title='bbox 939 432 1078 470; x_wconf 91' lang='lat' dir='ltr'>eadem</span> <span class='ocrx_word' id='word_1_23' title='bbox 1109 432 1240 482; x_wconf 89' lang='lat' dir='ltr'>gratia</span> <span class='ocrx_word' id='word_1_24' title='bbox 1273 435 1347 471; x_wconf 90' lang='lat' dir='ltr'>etc.</span> <span class='ocrx_word' id='word_1_25' title='bbox 1382 433 1555 471; x_wconf 88' lang='lat' dir='ltr'>salutem</span> <span class='ocrx_word' id='word_1_26' title='bbox 1587 437 1626 472; x_wconf 92' lang='lat' dir='ltr'>et</span> <span class='ocrx_word' id='word_1_27' title='bbox 1660 435 1836 475; x_wconf 87' lang='lat' dir='ltr'>debitam</span> <span class='ocrx_word' id='word_1_28' title='bbox 1870 451 1915 477; x_wconf 89' lang='lat' dir='ltr'>ac</span> <span class='ocrx_word' id='word_1_29' title='bbox 1949 439 2134 479; x_wconf 88' lang='lat' dir='ltr'>devotam</span> 
     </span>
     <span class='ocr_line' id='line_1_8' title="bbox 431 493 2135 546; baseline 0.006 -15"><span class='ocrx_word' id='word_1_30' title='bbox 431 494 473 532; x_wconf 88' lang='lat' dir='ltr'>in</span> <span class='ocrx_word' id='word_1_31' title='bbox 530 493 719 533; x_wconf 87' lang='lat' dir='ltr'>omnibus</span> <span class='ocrx_word' id='word_1_32' title='bbox 774 494 1054 532; x_wconf 88' lang='lat' dir='ltr'>reverentiam.</span> <span class='ocrx_word' id='word_1_33' title='bbox 1132 494 1188 532; x_wconf 91' lang='lat' dir='ltr'>Ut</span> <span class='ocrx_word' id='word_1_34' title='bbox 1245 494 1451 532; x_wconf 86' lang='lat' dir='ltr'>sanctitati</span> <span class='ocrx_word' id='word_1_35' title='bbox 1507 497 1637 534; x_wconf 90' lang='lat' dir='ltr'>vestre</span> <span class='ocrx_word' id='word_1_36' title='bbox 1695 498 1853 546; x_wconf 79' lang='lat' dir='ltr'>plenius</span> <span class='ocrx_word' id='word_1_37' title='bbox 1909 500 2135 542; x_wconf 84' lang='lat' dir='ltr'>innotescat</span> 
     </span>
     <span class='ocr_line' id='line_1_9' title="bbox 430 556 2134 611; baseline 0.006 -18"><span class='ocrx_word' id='word_1_38' title='bbox 430 556 603 606; x_wconf 88' lang='lat' dir='ltr'>qualiter</span> <span class='ocrx_word' id='word_1_39' title='bbox 640 568 735 605; x_wconf 87' lang='lat' dir='ltr'>erga</span> <span class='ocrx_word' id='word_1_40' title='bbox 781 569 855 594; x_wconf 88' lang='lat' dir='ltr'>nos</span> <span class='ocrx_word' id='word_1_41' title='bbox 895 569 935 594; x_wconf 91' lang='lat' dir='ltr'>se</span> <span class='ocrx_word' id='word_1_42' title='bbox 973 557 1097 605; x_wconf 89' lang='lat' dir='ltr'>gessit</span> <span class='ocrx_word' id='word_1_43' title='bbox 1145 556 1190 594; x_wconf 91' lang='lat' dir='ltr'>P.</span> <span class='ocrx_word' id='word_1_44' title='bbox 1232 568 1364 594; x_wconf 89' lang='lat' dir='ltr'>comes</span> <span class='ocrx_word' id='word_1_45' title='bbox 1411 556 1638 604; x_wconf 85' lang='lat' dir='ltr'>Britannie,</span> <span class='ocrx_word' id='word_1_46' title='bbox 1678 563 1809 598; x_wconf 85' lang='lat' dir='ltr'>vestre</span> <span class='ocrx_word' id='word_1_47' title='bbox 1857 561 2134 611; x_wconf 87' lang='lat' dir='ltr'>significamus</span> 
     </span>
     <span class='ocr_line' id='line_1_10' title="bbox 429 618 2134 667; baseline 0.005 -11"><span class='ocrx_word' id='word_1_48' title='bbox 429 618 665 667; x_wconf 68' lang='lat' dir='ltr'>paternitati</span> <span class='ocrx_word' id='word_1_49' title='bbox 699 618 817 667; x_wconf 90' lang='lat' dir='ltr'>quod,</span> <span class='ocrx_word' id='word_1_50' title='bbox 852 631 944 656; x_wconf 86' lang='lat' dir='ltr'>cum</span> <span class='ocrx_word' id='word_1_51' title='bbox 976 618 1169 657; x_wconf 88' lang='lat' dir='ltr'>dilectum</span> <span class='ocrx_word' id='word_1_52' title='bbox 1207 618 1373 657; x_wconf 80' lang='lat' dir='ltr'>fratrem</span> <span class='ocrx_word' id='word_1_53' title='bbox 1406 621 1592 657; x_wconf 89' lang='lat' dir='ltr'>nostrum</span> <span class='ocrx_word' id='word_1_54' title='bbox 1627 620 1675 658; x_wconf 88' lang='lat' dir='ltr'>R.</span> <span class='ocrx_word' id='word_1_55' title='bbox 1712 623 1901 661; x_wconf 89' lang='lat' dir='ltr'>comitem</span> <span class='ocrx_word' id='word_1_56' title='bbox 1934 626 2134 665; x_wconf 83' lang='lat' dir='ltr'>Cornubie</span> 
     </span>
     <span class='ocr_line' id='line_1_11' title="bbox 429 679 2134 735; baseline 0.005 -17"><span class='ocrx_word' id='word_1_57' title='bbox 429 683 468 719; x_wconf 88' lang='lat' dir='ltr'>et</span> <span class='ocrx_word' id='word_1_58' title='bbox 499 679 677 719; x_wconf 88' lang='lat' dir='ltr'>Pictavie</span> <span class='ocrx_word' id='word_1_59' title='bbox 709 680 1076 718; x_wconf 77' lang='lat' dir='ltr'>transmisissemus</span> <span class='ocrx_word' id='word_1_60' title='bbox 1108 680 1156 718; x_wconf 90' lang='lat' dir='ltr'>ad</span> <span class='ocrx_word' id='word_1_61' title='bbox 1189 682 1322 730; x_wconf 86' lang='lat' dir='ltr'>partes</span> <span class='ocrx_word' id='word_1_62' title='bbox 1354 680 1566 719; x_wconf 87' lang='lat' dir='ltr'>Wasconie</span> <span class='ocrx_word' id='word_1_63' title='bbox 1596 694 1667 731; x_wconf 88' lang='lat' dir='ltr'>pro</span> <span class='ocrx_word' id='word_1_64' title='bbox 1698 683 1929 724; x_wconf 81' lang='lat' dir='ltr'>defensione</span> <span class='ocrx_word' id='word_1_65' title='bbox 1960 688 2134 735; x_wconf 88' lang='lat' dir='ltr'>partium</span> 
     </span>
     <span class='ocr_line' id='line_1_12' title="bbox 430 741 2132 794; baseline 0.005 -14"><span class='ocrx_word' id='word_1_66' title='bbox 430 742 609 789; x_wconf 91' lang='lat' dir='ltr'>illarum,</span> <span class='ocrx_word' id='word_1_67' title='bbox 650 741 790 781; x_wconf 88' lang='lat' dir='ltr'>habito</span> <span class='ocrx_word' id='word_1_68' title='bbox 828 741 933 780; x_wconf 91' lang='lat' dir='ltr'>inter</span> <span class='ocrx_word' id='word_1_69' title='bbox 970 742 1105 791; x_wconf 91' lang='lat' dir='ltr'>ipsum</span> <span class='ocrx_word' id='word_1_70' title='bbox 1143 742 1332 781; x_wconf 85' lang='lat' dir='ltr'>comitem</span> <span class='ocrx_word' id='word_1_71' title='bbox 1376 742 1591 782; x_wconf 87' lang='lat' dir='ltr'>Britannie</span> <span class='ocrx_word' id='word_1_72' title='bbox 1629 747 1667 783; x_wconf 91' lang='lat' dir='ltr'>et</span> <span class='ocrx_word' id='word_1_73' title='bbox 1705 746 1927 794; x_wconf 88' lang='lat' dir='ltr'>predictum</span> <span class='ocrx_word' id='word_1_74' title='bbox 1966 749 2132 788; x_wconf 85' lang='lat' dir='ltr'>fratrem</span> 
     </span>
     <span class='ocr_line' id='line_1_13' title="bbox 433 803 2132 854; baseline 0.005 -11"><span class='ocrx_word' id='word_1_75' title='bbox 433 807 618 843; x_wconf 88' lang='lat' dir='ltr'>nostrum</span> <span class='ocrx_word' id='word_1_76' title='bbox 656 803 866 854; x_wconf 88' lang='lat' dir='ltr'>colloquio,</span> <span class='ocrx_word' id='word_1_77' title='bbox 907 803 1024 843; x_wconf 91' lang='lat' dir='ltr'>nobis</span> <span class='ocrx_word' id='word_1_78' title='bbox 1062 804 1302 854; x_wconf 84' lang='lat' dir='ltr'>significavit</span> <span class='ocrx_word' id='word_1_79' title='bbox 1340 805 1446 854; x_wconf 91' lang='lat' dir='ltr'>quod</span> <span class='ocrx_word' id='word_1_80' title='bbox 1492 808 1656 854; x_wconf 89' lang='lat' dir='ltr'>paratus</span> <span class='ocrx_word' id='word_1_81' title='bbox 1694 810 1779 847; x_wconf 89' lang='lat' dir='ltr'>erat</span> <span class='ocrx_word' id='word_1_82' title='bbox 1825 809 1875 847; x_wconf 92' lang='lat' dir='ltr'>ad</span> <span class='ocrx_word' id='word_1_83' title='bbox 1924 811 2132 851; x_wconf 87' lang='lat' dir='ltr'>servitium</span> 
     </span>
     <span class='ocr_line' id='line_1_14' title="bbox 428 866 2132 916; baseline 0.005 -12"><span class='ocrx_word' id='word_1_84' title='bbox 428 870 614 905; x_wconf 89' lang='lat' dir='ltr'>nostrum</span> <span class='ocrx_word' id='word_1_85' title='bbox 653 867 789 905; x_wconf 89' lang='lat' dir='ltr'>venire</span> <span class='ocrx_word' id='word_1_86' title='bbox 828 869 867 904; x_wconf 91' lang='lat' dir='ltr'>et</span> <span class='ocrx_word' id='word_1_87' title='bbox 906 867 1144 916; x_wconf 78' lang='lat' dir='ltr'>homagium</span> <span class='ocrx_word' id='word_1_88' title='bbox 1184 866 1300 905; x_wconf 89' lang='lat' dir='ltr'>nobis</span> <span class='ocrx_word' id='word_1_89' title='bbox 1340 867 1468 905; x_wconf 80' lang='lat' dir='ltr'>facere</span> <span class='ocrx_word' id='word_1_90' title='bbox 1507 868 1553 906; x_wconf 91' lang='lat' dir='ltr'>de</span> <span class='ocrx_word' id='word_1_91' title='bbox 1589 871 1695 908; x_wconf 87' lang='lat' dir='ltr'>terra</span> <span class='ocrx_word' id='word_1_92' title='bbox 1733 883 1806 909; x_wconf 89' lang='lat' dir='ltr'>sua</span> <span class='ocrx_word' id='word_1_93' title='bbox 1843 871 2055 912; x_wconf 85' lang='lat' dir='ltr'>Britannie</span> <span class='ocrx_word' id='word_1_94' title='bbox 2093 877 2132 913; x_wconf 88' lang='lat' dir='ltr'>et</span> 
     </span>
     <span class='ocr_line' id='line_1_15' title="bbox 427 928 2133 979; baseline 0.005 -12"><span class='ocrx_word' id='word_1_95' title='bbox 427 928 558 979; x_wconf 80' lang='lat' dir='ltr'>ipsam</span> <span class='ocrx_word' id='word_1_96' title='bbox 591 929 638 967; x_wconf 92' lang='lat' dir='ltr'>de</span> <span class='ocrx_word' id='word_1_97' title='bbox 671 928 788 967; x_wconf 89' lang='lat' dir='ltr'>nobis</span> <span class='ocrx_word' id='word_1_98' title='bbox 822 928 864 966; x_wconf 88' lang='lat' dir='ltr'>in</span> <span class='ocrx_word' id='word_1_99' title='bbox 898 928 1029 978; x_wconf 88' lang='lat' dir='ltr'>capite</span> <span class='ocrx_word' id='word_1_100' title='bbox 1064 931 1210 967; x_wconf 90' lang='lat' dir='ltr'>tenere.</span> <span class='ocrx_word' id='word_1_101' title='bbox 1306 928 1431 967; x_wconf 88' lang='lat' dir='ltr'>Nobis</span> <span class='ocrx_word' id='word_1_102' title='bbox 1465 930 1589 979; x_wconf 87' lang='lat' dir='ltr'>igitur</span> <span class='ocrx_word' id='word_1_103' title='bbox 1623 931 1662 969; x_wconf 92' lang='lat' dir='ltr'>id</span> <span class='ocrx_word' id='word_1_104' title='bbox 1701 933 1956 972; x_wconf 78' lang='lat' dir='ltr'>mediocriter</span> <span class='ocrx_word' id='word_1_105' title='bbox 2002 936 2133 975; x_wconf 87' lang='lat' dir='ltr'>adhuc</span> 
     </span>
     <span class='ocr_line' id='line_1_16' title="bbox 427 990 2133 1041; baseline 0.005 -13"><span class='ocrx_word' id='word_1_106' title='bbox 427 990 661 1037; x_wconf 84' lang='lat' dir='ltr'>ferentibus,</span> <span class='ocrx_word' id='word_1_107' title='bbox 711 1003 780 1041; x_wconf 86' lang='lat' dir='ltr'>per</span> <span class='ocrx_word' id='word_1_108' title='bbox 826 991 1114 1029; x_wconf 88' lang='lat' dir='ltr'>transmissum</span> <span class='ocrx_word' id='word_1_109' title='bbox 1162 991 1211 1029; x_wconf 90' lang='lat' dir='ltr'>ad</span> <span class='ocrx_word' id='word_1_110' title='bbox 1268 1004 1341 1029; x_wconf 88' lang='lat' dir='ltr'>nos</span> <span class='ocrx_word' id='word_1_111' title='bbox 1389 991 1548 1031; x_wconf 89' lang='lat' dir='ltr'>fidelem</span> <span class='ocrx_word' id='word_1_112' title='bbox 1596 996 1781 1032; x_wconf 87' lang='lat' dir='ltr'>nostrum</span> <span class='ocrx_word' id='word_1_113' title='bbox 1833 995 1873 1035; x_wconf 77' lang='lat' dir='ltr'>S.</span> <span class='ocrx_word' id='word_1_114' title='bbox 1922 997 1970 1035; x_wconf 90' lang='lat' dir='ltr'>de</span> <span class='ocrx_word' id='word_1_115' title='bbox 2026 999 2133 1037; x_wconf 89' lang='lat' dir='ltr'>Malo</span> 
     </span>
     <span class='ocr_line' id='line_1_17' title="bbox 426 1053 2132 1103; baseline 0.004 -12"><span class='ocrx_word' id='word_1_116' title='bbox 426 1053 574 1100; x_wconf 86' lang='lat' dir='ltr'>Leone,</span> <span class='ocrx_word' id='word_1_117' title='bbox 613 1056 711 1092; x_wconf 90' lang='lat' dir='ltr'>tunc</span> <span class='ocrx_word' id='word_1_118' title='bbox 749 1053 1024 1102; x_wconf 87' lang='lat' dir='ltr'>superstitem,</span> <span class='ocrx_word' id='word_1_119' title='bbox 1058 1055 1098 1091; x_wconf 89' lang='lat' dir='ltr'>et</span> <span class='ocrx_word' id='word_1_120' title='bbox 1135 1053 1299 1091; x_wconf 89' lang='lat' dir='ltr'>demum</span> <span class='ocrx_word' id='word_1_121' title='bbox 1339 1066 1408 1103; x_wconf 85' lang='lat' dir='ltr'>per</span> <span class='ocrx_word' id='word_1_122' title='bbox 1446 1054 1640 1093; x_wconf 89' lang='lat' dir='ltr'>dilectum</span> <span class='ocrx_word' id='word_1_123' title='bbox 1679 1058 1718 1094; x_wconf 90' lang='lat' dir='ltr'>et</span> <span class='ocrx_word' id='word_1_124' title='bbox 1756 1056 1914 1096; x_wconf 89' lang='lat' dir='ltr'>fidelem</span> <span class='ocrx_word' id='word_1_125' title='bbox 1946 1062 2132 1098; x_wconf 87' lang='lat' dir='ltr'>nostrum</span> 
     </span>
     <span class='ocr_line' id='line_1_18' title="bbox 426 1113 2130 1166; baseline 0.005 -13"><span class='ocrx_word' id='word_1_126' title='bbox 426 1115 663 1165; x_wconf 86' lang='lat' dir='ltr'>Philippum</span> <span class='ocrx_word' id='word_1_127' title='bbox 729 1115 777 1153; x_wconf 92' lang='lat' dir='ltr'>de</span> <span class='ocrx_word' id='word_1_128' title='bbox 834 1113 1044 1154; x_wconf 89' lang='lat' dir='ltr'>Albiniaco</span> <span class='ocrx_word' id='word_1_129' title='bbox 1106 1128 1179 1153; x_wconf 90' lang='lat' dir='ltr'>nos</span> <span class='ocrx_word' id='word_1_130' title='bbox 1236 1115 1439 1154; x_wconf 77' lang='lat' dir='ltr'>instanter</span> <span class='ocrx_word' id='word_1_131' title='bbox 1504 1129 1623 1166; x_wconf 90' lang='lat' dir='ltr'>super</span> <span class='ocrx_word' id='word_1_132' title='bbox 1679 1118 1817 1157; x_wconf 89' lang='lat' dir='ltr'>eodem</span> <span class='ocrx_word' id='word_1_133' title='bbox 1883 1121 2130 1161; x_wconf 87' lang='lat' dir='ltr'>sollicitavit.</span> 
     </span>
     <span class='ocr_line' id='line_1_19' title="bbox 426 1176 2132 1231; baseline 0.004 -17"><span class='ocrx_word' id='word_1_134' title='bbox 426 1176 529 1215; x_wconf 86' lang='lat' dir='ltr'>Cum</span> <span class='ocrx_word' id='word_1_135' title='bbox 568 1177 693 1226; x_wconf 87' lang='lat' dir='ltr'>igitur</span> <span class='ocrx_word' id='word_1_136' title='bbox 731 1176 899 1215; x_wconf 88' lang='lat' dir='ltr'>monitis</span> <span class='ocrx_word' id='word_1_137' title='bbox 938 1176 1021 1214; x_wconf 90' lang='lat' dir='ltr'>suis</span> <span class='ocrx_word' id='word_1_138' title='bbox 1060 1176 1364 1226; x_wconf 79' lang='lat' dir='ltr'>adquiescentes</span> <span class='ocrx_word' id='word_1_139' title='bbox 1403 1178 1647 1216; x_wconf 77' lang='lat' dir='ltr'>excercitum</span> <span class='ocrx_word' id='word_1_140' title='bbox 1686 1180 1812 1218; x_wconf 88' lang='lat' dir='ltr'>totius</span> <span class='ocrx_word' id='word_1_141' title='bbox 1850 1182 1965 1231; x_wconf 86' lang='lat' dir='ltr'>regni</span> <span class='ocrx_word' id='word_1_142' title='bbox 2003 1183 2132 1222; x_wconf 86' lang='lat' dir='ltr'>nostri</span> 
     </span>
     <span class='ocr_line' id='line_1_20' title="bbox 425 1238 2131 1290; baseline 0.004 -13"><span class='ocrx_word' id='word_1_143' title='bbox 425 1251 757 1277; x_wconf 87' lang='lat' dir='ltr'>convocassemus</span> <span class='ocrx_word' id='word_1_144' title='bbox 804 1238 910 1288; x_wconf 89' lang='lat' dir='ltr'>apud</span> <span class='ocrx_word' id='word_1_145' title='bbox 957 1239 1167 1285; x_wconf 85' lang='lat' dir='ltr'>Portesm’,</span> <span class='ocrx_word' id='word_1_146' title='bbox 1208 1238 1403 1278; x_wconf 89' lang='lat' dir='ltr'>habentes</span> <span class='ocrx_word' id='word_1_147' title='bbox 1441 1240 1483 1277; x_wconf 91' lang='lat' dir='ltr'>in</span> <span class='ocrx_word' id='word_1_148' title='bbox 1530 1241 1735 1290; x_wconf 88' lang='lat' dir='ltr'>proposito</span> <span class='ocrx_word' id='word_1_149' title='bbox 1782 1244 2043 1283; x_wconf 82' lang='lat' dir='ltr'>transfretare</span> <span class='ocrx_word' id='word_1_150' title='bbox 2090 1246 2131 1284; x_wconf 90' lang='lat' dir='ltr'>in</span> 
     </span>
     <span class='ocr_line' id='line_1_21' title="bbox 425 1301 2130 1354; baseline 0.004 -15"><span class='ocrx_word' id='word_1_151' title='bbox 425 1301 684 1339; x_wconf 85' lang='lat' dir='ltr'>Britanniam</span> <span class='ocrx_word' id='word_1_152' title='bbox 722 1301 772 1339; x_wconf 91' lang='lat' dir='ltr'>ad</span> <span class='ocrx_word' id='word_1_153' title='bbox 810 1301 900 1351; x_wconf 88' lang='lat' dir='ltr'>jura</span> <span class='ocrx_word' id='word_1_154' title='bbox 937 1301 1181 1339; x_wconf 88' lang='lat' dir='ltr'>hereditaria</span> <span class='ocrx_word' id='word_1_155' title='bbox 1219 1305 1358 1340; x_wconf 90' lang='lat' dir='ltr'>nostra</span> <span class='ocrx_word' id='word_1_156' title='bbox 1395 1303 1662 1352; x_wconf 86' lang='lat' dir='ltr'>perquirenda</span> <span class='ocrx_word' id='word_1_157' title='bbox 1700 1304 1742 1342; x_wconf 90' lang='lat' dir='ltr'>in</span> <span class='ocrx_word' id='word_1_158' title='bbox 1780 1305 1963 1354; x_wconf 87' lang='lat' dir='ltr'>partibus</span> <span class='ocrx_word' id='word_1_159' title='bbox 2001 1310 2130 1347; x_wconf 87' lang='lat' dir='ltr'>trans-</span> 
     </span>
     <span class='ocr_line' id='line_1_22' title="bbox 426 1362 2131 1416; baseline 0.005 -15"><span class='ocrx_word' id='word_1_160' title='bbox 426 1362 610 1409; x_wconf 86' lang='lat' dir='ltr'>marinis,</span> <span class='ocrx_word' id='word_1_161' title='bbox 660 1366 909 1401; x_wconf 88' lang='lat' dir='ltr'>memoratus</span> <span class='ocrx_word' id='word_1_162' title='bbox 957 1375 1091 1401; x_wconf 90' lang='lat' dir='ltr'>comes</span> <span class='ocrx_word' id='word_1_163' title='bbox 1138 1363 1180 1401; x_wconf 89' lang='lat' dir='ltr'>in</span> <span class='ocrx_word' id='word_1_164' title='bbox 1227 1364 1365 1402; x_wconf 91' lang='lat' dir='ltr'>eodem</span> <span class='ocrx_word' id='word_1_165' title='bbox 1414 1367 1593 1414; x_wconf 90' lang='lat' dir='ltr'>tempore</span> <span class='ocrx_word' id='word_1_166' title='bbox 1637 1365 1692 1404; x_wconf 89' lang='lat' dir='ltr'>ibi</span> <span class='ocrx_word' id='word_1_167' title='bbox 1739 1367 1949 1416; x_wconf 88' lang='lat' dir='ltr'>applicans</span> <span class='ocrx_word' id='word_1_168' title='bbox 1996 1382 2131 1408; x_wconf 87' lang='lat' dir='ltr'>coram</span> 
     </span>
     <span class='ocr_line' id='line_1_23' title="bbox 425 1424 2131 1476; baseline 0.005 -13"><span class='ocrx_word' id='word_1_169' title='bbox 425 1425 624 1464; x_wconf 87' lang='lat' dir='ltr'>universis</span> <span class='ocrx_word' id='word_1_170' title='bbox 662 1424 923 1475; x_wconf 89' lang='lat' dir='ltr'>magnatibus</span> <span class='ocrx_word' id='word_1_171' title='bbox 962 1426 1064 1463; x_wconf 89' lang='lat' dir='ltr'>terre</span> <span class='ocrx_word' id='word_1_172' title='bbox 1103 1428 1238 1464; x_wconf 90' lang='lat' dir='ltr'>nostre</span> <span class='ocrx_word' id='word_1_173' title='bbox 1276 1426 1514 1476; x_wconf 80' lang='lat' dir='ltr'>homagium</span> <span class='ocrx_word' id='word_1_174' title='bbox 1553 1426 1668 1466; x_wconf 90' lang='lat' dir='ltr'>nobis</span> <span class='ocrx_word' id='word_1_175' title='bbox 1707 1428 1801 1467; x_wconf 87' lang='lat' dir='ltr'>fecit</span> <span class='ocrx_word' id='word_1_176' title='bbox 1835 1430 1883 1468; x_wconf 91' lang='lat' dir='ltr'>de</span> <span class='ocrx_word' id='word_1_177' title='bbox 1918 1433 2022 1470; x_wconf 88' lang='lat' dir='ltr'>terra</span> <span class='ocrx_word' id='word_1_178' title='bbox 2060 1445 2131 1471; x_wconf 87' lang='lat' dir='ltr'>sua</span> 
     </span>
     <span class='ocr_line' id='line_1_24' title="bbox 425 1487 2131 1540; baseline 0.004 -14"><span class='ocrx_word' id='word_1_179' title='bbox 425 1487 637 1526; x_wconf 89' lang='lat' dir='ltr'>Britannie</span> <span class='ocrx_word' id='word_1_180' title='bbox 675 1491 715 1527; x_wconf 94' lang='lat' dir='ltr'>et</span> <span class='ocrx_word' id='word_1_181' title='bbox 763 1490 1062 1526; x_wconf 88' lang='lat' dir='ltr'>sacramentum</span> <span class='ocrx_word' id='word_1_182' title='bbox 1110 1488 1158 1526; x_wconf 90' lang='lat' dir='ltr'>de</span> <span class='ocrx_word' id='word_1_183' title='bbox 1197 1488 1304 1526; x_wconf 90' lang='lat' dir='ltr'>fideli</span> <span class='ocrx_word' id='word_1_184' title='bbox 1354 1489 1515 1527; x_wconf 89' lang='lat' dir='ltr'>servitio</span> <span class='ocrx_word' id='word_1_185' title='bbox 1562 1489 1678 1528; x_wconf 87' lang='lat' dir='ltr'>nobis</span> <span class='ocrx_word' id='word_1_186' title='bbox 1725 1492 1916 1540; x_wconf 83' lang='lat' dir='ltr'>prestitit,</span> <span class='ocrx_word' id='word_1_187' title='bbox 1957 1497 1996 1532; x_wconf 94' lang='lat' dir='ltr'>et</span> <span class='ocrx_word' id='word_1_188' title='bbox 2035 1497 2131 1534; x_wconf 91' lang='lat' dir='ltr'>tunc</span> 
     </span>
     <span class='ocr_line' id='line_1_25' title="bbox 423 1549 2131 1600; baseline 0.005 -13"><span class='ocrx_word' id='word_1_189' title='bbox 423 1550 620 1589; x_wconf 88' lang='lat' dir='ltr'>honorem</span> <span class='ocrx_word' id='word_1_190' title='bbox 675 1550 723 1588; x_wconf 92' lang='lat' dir='ltr'>de</span> <span class='ocrx_word' id='word_1_191' title='bbox 770 1549 1044 1596; x_wconf 85' lang='lat' dir='ltr'>Richemund,</span> <span class='ocrx_word' id='word_1_192' title='bbox 1085 1550 1127 1588; x_wconf 90' lang='lat' dir='ltr'>in</span> <span class='ocrx_word' id='word_1_193' title='bbox 1175 1564 1254 1600; x_wconf 90' lang='lat' dir='ltr'>quo</span> <span class='ocrx_word' id='word_1_194' title='bbox 1301 1551 1365 1600; x_wconf 84' lang='lat' dir='ltr'>jus</span> <span class='ocrx_word' id='word_1_195' title='bbox 1413 1551 1664 1599; x_wconf 83' lang='lat' dir='ltr'>vendicabat,</span> <span class='ocrx_word' id='word_1_196' title='bbox 1706 1554 1742 1591; x_wconf 92' lang='lat' dir='ltr'>ei</span> <span class='ocrx_word' id='word_1_197' title='bbox 1798 1555 2045 1595; x_wconf 86' lang='lat' dir='ltr'>reddidimus</span> <span class='ocrx_word' id='word_1_198' title='bbox 2092 1560 2131 1596; x_wconf 87' lang='lat' dir='ltr'>et</span> 
     </span>
     <span class='ocr_line' id='line_1_26' title="bbox 423 1612 2131 1662; baseline 0.005 -12"><span class='ocrx_word' id='word_1_199' title='bbox 423 1613 541 1662; x_wconf 87' lang='lat' dir='ltr'>plura</span> <span class='ocrx_word' id='word_1_200' title='bbox 591 1612 671 1650; x_wconf 91' lang='lat' dir='ltr'>alia</span> <span class='ocrx_word' id='word_1_201' title='bbox 720 1612 836 1651; x_wconf 80' lang='lat' dir='ltr'>feoda</span> <span class='ocrx_word' id='word_1_202' title='bbox 886 1615 926 1650; x_wconf 92' lang='lat' dir='ltr'>et</span> <span class='ocrx_word' id='word_1_203' title='bbox 976 1615 1102 1650; x_wconf 89' lang='lat' dir='ltr'>terras</span> <span class='ocrx_word' id='word_1_204' title='bbox 1154 1613 1189 1650; x_wconf 90' lang='lat' dir='ltr'>ei</span> <span class='ocrx_word' id='word_1_205' title='bbox 1244 1613 1428 1651; x_wconf 87' lang='lat' dir='ltr'>dedimus</span> <span class='ocrx_word' id='word_1_206' title='bbox 1478 1626 1559 1652; x_wconf 88' lang='lat' dir='ltr'>non</span> <span class='ocrx_word' id='word_1_207' title='bbox 1612 1615 1804 1654; x_wconf 88' lang='lat' dir='ltr'>modicas.</span> <span class='ocrx_word' id='word_1_208' title='bbox 1890 1618 2131 1658; x_wconf 88' lang='lat' dir='ltr'>Revertente</span> 
     </span>
     <span class='ocr_line' id='line_1_27' title="bbox 423 1674 2129 1726; baseline 0.004 -13"><span class='ocrx_word' id='word_1_209' title='bbox 423 1677 560 1714; x_wconf 87' lang='lat' dir='ltr'>autem</span> <span class='ocrx_word' id='word_1_210' title='bbox 598 1675 740 1713; x_wconf 88' lang='lat' dir='ltr'>eodem</span> <span class='ocrx_word' id='word_1_211' title='bbox 790 1674 937 1713; x_wconf 89' lang='lat' dir='ltr'>comite</span> <span class='ocrx_word' id='word_1_212' title='bbox 985 1674 1035 1712; x_wconf 87' lang='lat' dir='ltr'>ad</span> <span class='ocrx_word' id='word_1_213' title='bbox 1081 1677 1217 1724; x_wconf 87' lang='lat' dir='ltr'>partes</span> <span class='ocrx_word' id='word_1_214' title='bbox 1264 1688 1358 1714; x_wconf 88' lang='lat' dir='ltr'>suas</span> <span class='ocrx_word' id='word_1_215' title='bbox 1396 1678 1436 1714; x_wconf 90' lang='lat' dir='ltr'>et</span> <span class='ocrx_word' id='word_1_216' title='bbox 1475 1675 1591 1714; x_wconf 91' lang='lat' dir='ltr'>nobis</span> <span class='ocrx_word' id='word_1_217' title='bbox 1638 1690 1707 1726; x_wconf 87' lang='lat' dir='ltr'>per</span> <span class='ocrx_word' id='word_1_218' title='bbox 1744 1679 1962 1718; x_wconf 85' lang='lat' dir='ltr'>consilium</span> <span class='ocrx_word' id='word_1_219' title='bbox 2010 1694 2129 1720; x_wconf 88' lang='lat' dir='ltr'>suum</span> 
     </span>
     <span class='ocr_line' id='line_1_28' title="bbox 423 1736 2127 1794; baseline 0.004 -18"><span class='ocrx_word' id='word_1_220' title='bbox 423 1740 520 1776; x_wconf 86' lang='lat' dir='ltr'>tunc</span> <span class='ocrx_word' id='word_1_221' title='bbox 558 1737 600 1775; x_wconf 90' lang='lat' dir='ltr'>in</span> <span class='ocrx_word' id='word_1_222' title='bbox 639 1739 745 1775; x_wconf 90' lang='lat' dir='ltr'>terra</span> <span class='ocrx_word' id='word_1_223' title='bbox 793 1739 932 1775; x_wconf 89' lang='lat' dir='ltr'>nostra</span> <span class='ocrx_word' id='word_1_224' title='bbox 979 1736 1297 1783; x_wconf 85' lang='lat' dir='ltr'>remanentibus,</span> <span class='ocrx_word' id='word_1_225' title='bbox 1338 1750 1431 1777; x_wconf 91' lang='lat' dir='ltr'>cum</span> <span class='ocrx_word' id='word_1_226' title='bbox 1480 1738 1521 1776; x_wconf 89' lang='lat' dir='ltr'>in</span> <span class='ocrx_word' id='word_1_227' title='bbox 1561 1741 1687 1777; x_wconf 87' lang='lat' dir='ltr'>estate</span> <span class='ocrx_word' id='word_1_228' title='bbox 1735 1741 1918 1790; x_wconf 89' lang='lat' dir='ltr'>sequenti</span> <span class='ocrx_word' id='word_1_229' title='bbox 1966 1755 2127 1794; x_wconf 88' lang='lat' dir='ltr'>congre-</span> 
     </span>
     <span class='ocr_line' id='line_1_29' title="bbox 422 1799 2127 1849; baseline 0.004 -11"><span class='ocrx_word' id='word_1_230' title='bbox 422 1802 555 1849; x_wconf 86' lang='lat' dir='ltr'>gasset</span> <span class='ocrx_word' id='word_1_231' title='bbox 612 1812 680 1837; x_wconf 83' lang='lat' dir='ltr'>rex</span> <span class='ocrx_word' id='word_1_232' title='bbox 728 1799 897 1838; x_wconf 89' lang='lat' dir='ltr'>Francie</span> <span class='ocrx_word' id='word_1_233' title='bbox 946 1799 1181 1838; x_wconf 89' lang='lat' dir='ltr'>universum</span> <span class='ocrx_word' id='word_1_234' title='bbox 1228 1812 1344 1849; x_wconf 88' lang='lat' dir='ltr'>posse</span> <span class='ocrx_word' id='word_1_235' title='bbox 1392 1813 1511 1838; x_wconf 87' lang='lat' dir='ltr'>suum</span> <span class='ocrx_word' id='word_1_236' title='bbox 1559 1801 1608 1839; x_wconf 88' lang='lat' dir='ltr'>ad</span> <span class='ocrx_word' id='word_1_237' title='bbox 1656 1802 1932 1842; x_wconf 88' lang='lat' dir='ltr'>invadendum</span> <span class='ocrx_word' id='word_1_238' title='bbox 1981 1808 2127 1845; x_wconf 89' lang='lat' dir='ltr'>terram</span> 
     </span>
     <span class='ocr_line' id='line_1_30' title="bbox 421 1861 2127 1916; baseline 0.004 -16"><span class='ocrx_word' id='word_1_239' title='bbox 421 1861 589 1911; x_wconf 85' lang='lat' dir='ltr'>predicti</span> <span class='ocrx_word' id='word_1_240' title='bbox 618 1861 791 1908; x_wconf 88' lang='lat' dir='ltr'>comitis,</span> <span class='ocrx_word' id='word_1_241' title='bbox 823 1874 915 1900; x_wconf 91' lang='lat' dir='ltr'>cum</span> <span class='ocrx_word' id='word_1_242' title='bbox 946 1862 1041 1900; x_wconf 88' lang='lat' dir='ltr'>totis</span> <span class='ocrx_word' id='word_1_243' title='bbox 1079 1861 1232 1900; x_wconf 90' lang='lat' dir='ltr'>viribus</span> <span class='ocrx_word' id='word_1_244' title='bbox 1270 1863 1419 1901; x_wconf 87' lang='lat' dir='ltr'>nostris</span> <span class='ocrx_word' id='word_1_245' title='bbox 1458 1862 1499 1900; x_wconf 90' lang='lat' dir='ltr'>in</span> <span class='ocrx_word' id='word_1_246' title='bbox 1538 1875 1773 1903; x_wconf 88' lang='lat' dir='ltr'>succursum</span> <span class='ocrx_word' id='word_1_247' title='bbox 1802 1865 1888 1916; x_wconf 86' lang='lat' dir='ltr'>ejus</span> <span class='ocrx_word' id='word_1_248' title='bbox 1922 1867 1971 1905; x_wconf 89' lang='lat' dir='ltr'>ad</span> <span class='ocrx_word' id='word_1_249' title='bbox 2009 1881 2127 1907; x_wconf 89' lang='lat' dir='ltr'>suum</span> 
     </span>
     <span class='ocr_line' id='line_1_31' title="bbox 421 1923 2128 1979; baseline 0.004 -17"><span class='ocrx_word' id='word_1_250' title='bbox 421 1924 663 1962; x_wconf 88' lang='lat' dir='ltr'>mandatum</span> <span class='ocrx_word' id='word_1_251' title='bbox 711 1923 1063 1963; x_wconf 82' lang='lat' dir='ltr'>transfretavimus</span> <span class='ocrx_word' id='word_1_252' title='bbox 1110 1924 1152 1961; x_wconf 90' lang='lat' dir='ltr'>in</span> <span class='ocrx_word' id='word_1_253' title='bbox 1199 1924 1458 1963; x_wconf 88' lang='lat' dir='ltr'>Britanniam</span> <span class='ocrx_word' id='word_1_254' title='bbox 1507 1938 1588 1964; x_wconf 89' lang='lat' dir='ltr'>non</span> <span class='ocrx_word' id='word_1_255' title='bbox 1637 1925 1722 1964; x_wconf 88' lang='lat' dir='ltr'>sine</span> <span class='ocrx_word' id='word_1_256' title='bbox 1760 1928 1871 1976; x_wconf 89' lang='lat' dir='ltr'>gravi</span> <span class='ocrx_word' id='word_1_257' title='bbox 1918 1929 2128 1979; x_wconf 84' lang='lat' dir='ltr'>dispendio</span> 
     </span>
     <span class='ocr_line' id='line_1_32' title="bbox 421 1985 2127 2036; baseline 0.004 -11"><span class='ocrx_word' id='word_1_258' title='bbox 421 1986 594 2036; x_wconf 87' lang='lat' dir='ltr'>corporis</span> <span class='ocrx_word' id='word_1_259' title='bbox 633 1986 761 2025; x_wconf 87' lang='lat' dir='ltr'>nostri</span> <span class='ocrx_word' id='word_1_260' title='bbox 795 1988 834 2024; x_wconf 93' lang='lat' dir='ltr'>et</span> <span class='ocrx_word' id='word_1_261' title='bbox 866 1987 1027 2035; x_wconf 84' lang='lat' dir='ltr'>jactura</span> <span class='ocrx_word' id='word_1_262' title='bbox 1064 1985 1315 2035; x_wconf 86' lang='lat' dir='ltr'>irreparabili</span> <span class='ocrx_word' id='word_1_263' title='bbox 1353 1989 1592 2036; x_wconf 89' lang='lat' dir='ltr'>magnatum</span> <span class='ocrx_word' id='word_1_264' title='bbox 1631 1992 1669 2026; x_wconf 91' lang='lat' dir='ltr'>et</span> <span class='ocrx_word' id='word_1_265' title='bbox 1703 1988 1874 2028; x_wconf 88' lang='lat' dir='ltr'>aliorum</span> <span class='ocrx_word' id='word_1_266' title='bbox 1913 1991 2127 2031; x_wconf 89' lang='lat' dir='ltr'>hominum</span> 
     </span>
     <span class='ocr_line' id='line_1_33' title="bbox 421 2048 2126 2101; baseline 0.004 -14"><span class='ocrx_word' id='word_1_267' title='bbox 421 2052 650 2087; x_wconf 89' lang='lat' dir='ltr'>nostrorum</span> <span class='ocrx_word' id='word_1_268' title='bbox 714 2061 814 2098; x_wconf 91' lang='lat' dir='ltr'>quos</span> <span class='ocrx_word' id='word_1_269' title='bbox 870 2048 1018 2087; x_wconf 87' lang='lat' dir='ltr'>ibidem</span> <span class='ocrx_word' id='word_1_270' title='bbox 1084 2049 1346 2098; x_wconf 86' lang='lat' dir='ltr'>perdidimus.</span> <span class='ocrx_word' id='word_1_271' title='bbox 1433 2051 1535 2087; x_wconf 89' lang='lat' dir='ltr'>Cum</span> <span class='ocrx_word' id='word_1_272' title='bbox 1605 2063 1698 2100; x_wconf 90' lang='lat' dir='ltr'>ergo</span> <span class='ocrx_word' id='word_1_273' title='bbox 1768 2064 1839 2101; x_wconf 89' lang='lat' dir='ltr'>per</span> <span class='ocrx_word' id='word_1_274' title='bbox 1906 2053 2126 2093; x_wconf 89' lang='lat' dir='ltr'>adventum</span> 
     </span>
     <span class='ocr_line' id='line_1_34' title="bbox 420 2109 2128 2160; baseline 0.005 -12"><span class='ocrx_word' id='word_1_275' title='bbox 420 2113 605 2150; x_wconf 90' lang='lat' dir='ltr'>nostrum</span> <span class='ocrx_word' id='word_1_276' title='bbox 653 2110 702 2149; x_wconf 92' lang='lat' dir='ltr'>ab</span> <span class='ocrx_word' id='word_1_277' title='bbox 740 2109 971 2149; x_wconf 90' lang='lat' dir='ltr'>incursibus</span> <span class='ocrx_word' id='word_1_278' title='bbox 1021 2110 1191 2160; x_wconf 87' lang='lat' dir='ltr'>predicti</span> <span class='ocrx_word' id='word_1_279' title='bbox 1239 2111 1343 2160; x_wconf 87' lang='lat' dir='ltr'>regis</span> <span class='ocrx_word' id='word_1_280' title='bbox 1391 2111 1560 2149; x_wconf 88' lang='lat' dir='ltr'>Francie</span> <span class='ocrx_word' id='word_1_281' title='bbox 1608 2112 1796 2152; x_wconf 85' lang='lat' dir='ltr'>defensus</span> <span class='ocrx_word' id='word_1_282' title='bbox 1843 2115 2042 2155; x_wconf 80' lang='lat' dir='ltr'>extitisset</span> <span class='ocrx_word' id='word_1_283' title='bbox 2089 2121 2128 2156; x_wconf 89' lang='lat' dir='ltr'>et</span> 
     </span>
     <span class='ocr_line' id='line_1_35' title="bbox 420 2172 2127 2225; baseline 0.004 -14"><span class='ocrx_word' id='word_1_284' title='bbox 420 2185 584 2212; x_wconf 89' lang='lat' dir='ltr'>securus</span> <span class='ocrx_word' id='word_1_285' title='bbox 635 2175 687 2219; x_wconf 91' lang='lat' dir='ltr'>et,</span> <span class='ocrx_word' id='word_1_286' title='bbox 742 2173 830 2222; x_wconf 90' lang='lat' dir='ltr'>ipso</span> <span class='ocrx_word' id='word_1_287' title='bbox 880 2185 972 2222; x_wconf 89' lang='lat' dir='ltr'>rege</span> <span class='ocrx_word' id='word_1_288' title='bbox 1024 2172 1110 2210; x_wconf 89' lang='lat' dir='ltr'>sine</span> <span class='ocrx_word' id='word_1_289' title='bbox 1161 2176 1331 2222; x_wconf 90' lang='lat' dir='ltr'>optentu</span> <span class='ocrx_word' id='word_1_290' title='bbox 1382 2174 1578 2222; x_wconf 85' lang='lat' dir='ltr'>propositi</span> <span class='ocrx_word' id='word_1_291' title='bbox 1629 2175 1690 2212; x_wconf 91' lang='lat' dir='ltr'>sui</span> <span class='ocrx_word' id='word_1_292' title='bbox 1743 2175 1791 2213; x_wconf 90' lang='lat' dir='ltr'>ad</span> <span class='ocrx_word' id='word_1_293' title='bbox 1843 2180 1977 2225; x_wconf 88' lang='lat' dir='ltr'>partes</span> <span class='ocrx_word' id='word_1_294' title='bbox 2034 2191 2127 2218; x_wconf 87' lang='lat' dir='ltr'>suas</span> 
     </span>
     <span class='ocr_line' id='line_1_36' title="bbox 420 2234 2125 2289; baseline 0.004 -17"><span class='ocrx_word' id='word_1_295' title='bbox 420 2237 657 2281; x_wconf 86' lang='lat' dir='ltr'>revertente,</span> <span class='ocrx_word' id='word_1_296' title='bbox 688 2234 884 2273; x_wconf 88' lang='lat' dir='ltr'>vellemus</span> <span class='ocrx_word' id='word_1_297' title='bbox 916 2234 1103 2273; x_wconf 89' lang='lat' dir='ltr'>similiter</span> <span class='ocrx_word' id='word_1_298' title='bbox 1133 2235 1183 2272; x_wconf 89' lang='lat' dir='ltr'>ad</span> <span class='ocrx_word' id='word_1_299' title='bbox 1217 2238 1365 2273; x_wconf 90' lang='lat' dir='ltr'>terram</span> <span class='ocrx_word' id='word_1_300' title='bbox 1400 2238 1582 2274; x_wconf 91' lang='lat' dir='ltr'>nostram</span> <span class='ocrx_word' id='word_1_301' title='bbox 1612 2236 1738 2275; x_wconf 88' lang='lat' dir='ltr'>redire</span> <span class='ocrx_word' id='word_1_302' title='bbox 1769 2238 1814 2275; x_wconf 91' lang='lat' dir='ltr'>de</span> <span class='ocrx_word' id='word_1_303' title='bbox 1843 2239 2010 2278; x_wconf 88' lang='lat' dir='ltr'>consilio</span> <span class='ocrx_word' id='word_1_304' title='bbox 2040 2254 2125 2289; x_wconf 91' lang='lat' dir='ltr'>suo,</span> 
     </span>
     <span class='ocr_line' id='line_1_37' title="bbox 419 2296 2126 2348; baseline 0.003 -12"><span class='ocrx_word' id='word_1_305' title='bbox 419 2297 608 2336; x_wconf 88' lang='lat' dir='ltr'>convenit</span> <span class='ocrx_word' id='word_1_306' title='bbox 627 2296 734 2335; x_wconf 91' lang='lat' dir='ltr'>inter</span> <span class='ocrx_word' id='word_1_307' title='bbox 762 2309 836 2334; x_wconf 89' lang='lat' dir='ltr'>nos</span> <span class='ocrx_word' id='word_1_308' title='bbox 866 2298 905 2334; x_wconf 87' lang='lat' dir='ltr'>et</span> <span class='ocrx_word' id='word_1_309' title='bbox 936 2299 1208 2335; x_wconf 86' lang='lat' dir='ltr'>memoratum</span> <span class='ocrx_word' id='word_1_310' title='bbox 1238 2297 1429 2336; x_wconf 91' lang='lat' dir='ltr'>comitem</span> <span class='ocrx_word' id='word_1_311' title='bbox 1460 2297 1672 2336; x_wconf 87' lang='lat' dir='ltr'>Britannie</span> <span class='ocrx_word' id='word_1_312' title='bbox 1691 2300 1797 2348; x_wconf 89' lang='lat' dir='ltr'>quod</span> <span class='ocrx_word' id='word_1_313' title='bbox 1826 2300 1876 2338; x_wconf 89' lang='lat' dir='ltr'>ad</span> <span class='ocrx_word' id='word_1_314' title='bbox 1905 2303 2126 2341; x_wconf 88' lang='lat' dir='ltr'>tenendum</span> 
     </span>
     <span class='ocr_line' id='line_1_38' title="bbox 419 2358 2128 2415; baseline 0.004 -19"><span class='ocrx_word' id='word_1_315' title='bbox 419 2358 455 2397; x_wconf 92' lang='lat' dir='ltr'>ei</span> <span class='ocrx_word' id='word_1_316' title='bbox 486 2359 636 2397; x_wconf 89' lang='lat' dir='ltr'>milites</span> <span class='ocrx_word' id='word_1_317' title='bbox 670 2362 708 2397; x_wconf 89' lang='lat' dir='ltr'>et</span> <span class='ocrx_word' id='word_1_318' title='bbox 739 2358 961 2397; x_wconf 87' lang='lat' dir='ltr'>servientes</span> <span class='ocrx_word' id='word_1_319' title='bbox 994 2359 1197 2408; x_wconf 88' lang='lat' dir='ltr'>quandam</span> <span class='ocrx_word' id='word_1_320' title='bbox 1232 2372 1436 2397; x_wconf 89' lang='lat' dir='ltr'>summam</span> <span class='ocrx_word' id='word_1_321' title='bbox 1466 2360 1656 2409; x_wconf 89' lang='lat' dir='ltr'>peccunie</span> <span class='ocrx_word' id='word_1_322' title='bbox 1685 2361 1872 2400; x_wconf 87' lang='lat' dir='ltr'>daremus</span> <span class='ocrx_word' id='word_1_323' title='bbox 1900 2363 2029 2402; x_wconf 89' lang='lat' dir='ltr'>eidem</span> <span class='ocrx_word' id='word_1_324' title='bbox 2059 2378 2128 2415; x_wconf 90' lang='lat' dir='ltr'>per</span> 
     </span>
     <span class='ocr_line' id='line_1_39' title="bbox 419 2420 2128 2473; baseline 0.004 -15"><span class='ocrx_word' id='word_1_325' title='bbox 419 2433 574 2459; x_wconf 91' lang='lat' dir='ltr'>annum</span> <span class='ocrx_word' id='word_1_326' title='bbox 604 2423 781 2470; x_wconf 87' lang='lat' dir='ltr'>tempore</span> <span class='ocrx_word' id='word_1_327' title='bbox 811 2433 963 2470; x_wconf 84' lang='lat' dir='ltr'>guerre,</span> <span class='ocrx_word' id='word_1_328' title='bbox 993 2423 1032 2459; x_wconf 89' lang='lat' dir='ltr'>et</span> <span class='ocrx_word' id='word_1_329' title='bbox 1062 2420 1185 2458; x_wconf 89' lang='lat' dir='ltr'>aliam</span> <span class='ocrx_word' id='word_1_330' title='bbox 1218 2433 1421 2459; x_wconf 89' lang='lat' dir='ltr'>summam</span> <span class='ocrx_word' id='word_1_331' title='bbox 1451 2421 1642 2471; x_wconf 90' lang='lat' dir='ltr'>peccunie</span> <span class='ocrx_word' id='word_1_332' title='bbox 1673 2422 1705 2460; x_wconf 88' lang='lat' dir='ltr'>si</span> <span class='ocrx_word' id='word_1_333' title='bbox 1737 2423 1989 2473; x_wconf 86' lang='lat' dir='ltr'>contingeret</span> <span class='ocrx_word' id='word_1_334' title='bbox 2022 2425 2128 2464; x_wconf 90' lang='lat' dir='ltr'>inter</span> 
     </span>
     <span class='ocr_line' id='line_1_40' title="bbox 419 2482 2126 2538; baseline 0.004 -18"><span class='ocrx_word' id='word_1_335' title='bbox 419 2483 553 2533; x_wconf 90' lang='lat' dir='ltr'>ipsum</span> <span class='ocrx_word' id='word_1_336' title='bbox 583 2496 715 2532; x_wconf 88' lang='lat' dir='ltr'>regem</span> <span class='ocrx_word' id='word_1_337' title='bbox 746 2482 915 2521; x_wconf 81' lang='lat' dir='ltr'>Francie</span> <span class='ocrx_word' id='word_1_338' title='bbox 949 2485 988 2521; x_wconf 93' lang='lat' dir='ltr'>et</span> <span class='ocrx_word' id='word_1_339' title='bbox 1017 2495 1091 2521; x_wconf 92' lang='lat' dir='ltr'>nos</span> <span class='ocrx_word' id='word_1_340' title='bbox 1118 2486 1216 2521; x_wconf 90' lang='lat' dir='ltr'>tunc</span> <span class='ocrx_word' id='word_1_341' title='bbox 1246 2486 1407 2533; x_wconf 79' lang='lat' dir='ltr'>treugas</span> <span class='ocrx_word' id='word_1_342' title='bbox 1439 2483 1546 2530; x_wconf 89' lang='lat' dir='ltr'>iniri,</span> <span class='ocrx_word' id='word_1_343' title='bbox 1579 2484 1682 2523; x_wconf 89' lang='lat' dir='ltr'>sicut</span> <span class='ocrx_word' id='word_1_344' title='bbox 1711 2484 1866 2524; x_wconf 81' lang='lat' dir='ltr'>factum</span> <span class='ocrx_word' id='word_1_345' title='bbox 1898 2489 1982 2533; x_wconf 81' lang='lat' dir='ltr'>est3</span> <span class='ocrx_word' id='word_1_346' title='bbox 2021 2489 2126 2538; x_wconf 89' lang='lat' dir='ltr'>quod</span> 
     </span>
     <span class='ocr_line' id='line_1_41' title="bbox 418 2545 2126 2601; baseline 0.004 -18"><span class='ocrx_word' id='word_1_347' title='bbox 418 2546 582 2596; x_wconf 87' lang='lat' dir='ltr'>quidem</span> <span class='ocrx_word' id='word_1_348' title='bbox 621 2545 707 2585; x_wconf 88' lang='lat' dir='ltr'>sine</span> <span class='ocrx_word' id='word_1_349' title='bbox 741 2545 854 2584; x_wconf 90' lang='lat' dir='ltr'>omni</span> <span class='ocrx_word' id='word_1_350' title='bbox 892 2545 1051 2584; x_wconf 82' lang='lat' dir='ltr'>defectu</span> <span class='ocrx_word' id='word_1_351' title='bbox 1085 2545 1120 2584; x_wconf 91' lang='lat' dir='ltr'>ei</span> <span class='ocrx_word' id='word_1_352' title='bbox 1152 2545 1270 2595; x_wconf 88' lang='lat' dir='ltr'>plene</span> <span class='ocrx_word' id='word_1_353' title='bbox 1317 2546 1573 2595; x_wconf 77' lang='lat' dir='ltr'>perfecimus.</span> <span class='ocrx_word' id='word_1_354' title='bbox 1631 2547 1860 2586; x_wconf 85' lang='lat' dir='ltr'>Novissime</span> <span class='ocrx_word' id='word_1_355' title='bbox 1894 2562 1985 2588; x_wconf 91' lang='lat' dir='ltr'>vero</span> <span class='ocrx_word' id='word_1_356' title='bbox 2019 2562 2126 2601; x_wconf 87' lang='lat' dir='ltr'>cum,</span> 
     </span>
     <span class='ocr_line' id='line_1_42' title="bbox 418 2607 2126 2660; baseline 0.004 -15"><span class='ocrx_word' id='word_1_357' title='bbox 418 2608 597 2647; x_wconf 88' lang='lat' dir='ltr'>instante</span> <span class='ocrx_word' id='word_1_358' title='bbox 635 2608 716 2646; x_wconf 90' lang='lat' dir='ltr'>fine</span> <span class='ocrx_word' id='word_1_359' title='bbox 754 2610 891 2656; x_wconf 83' lang='lat' dir='ltr'>treuge</span> <span class='ocrx_word' id='word_1_360' title='bbox 925 2607 1030 2645; x_wconf 89' lang='lat' dir='ltr'>inter</span> <span class='ocrx_word' id='word_1_361' title='bbox 1072 2607 1206 2657; x_wconf 90' lang='lat' dir='ltr'>ipsum</span> <span class='ocrx_word' id='word_1_362' title='bbox 1244 2620 1380 2657; x_wconf 87' lang='lat' dir='ltr'>regem</span> <span class='ocrx_word' id='word_1_363' title='bbox 1414 2611 1453 2646; x_wconf 92' lang='lat' dir='ltr'>et</span> <span class='ocrx_word' id='word_1_364' title='bbox 1492 2621 1578 2654; x_wconf 90' lang='lat' dir='ltr'>nos,</span> <span class='ocrx_word' id='word_1_365' title='bbox 1619 2610 1802 2660; x_wconf 86' lang='lat' dir='ltr'>requisiti</span> <span class='ocrx_word' id='word_1_366' title='bbox 1849 2623 2028 2650; x_wconf 86' lang='lat' dir='ltr'>essemus</span> <span class='ocrx_word' id='word_1_367' title='bbox 2076 2612 2126 2652; x_wconf 85' lang='lat' dir='ltr'>ab</span> 
     </span>
     <span class='ocr_line' id='line_1_43' title="bbox 418 2669 2125 2720; baseline 0.004 -13"><span class='ocrx_word' id='word_1_368' title='bbox 418 2670 505 2720; x_wconf 91' lang='lat' dir='ltr'>ipso</span> <span class='ocrx_word' id='word_1_369' title='bbox 538 2670 685 2709; x_wconf 87' lang='lat' dir='ltr'>comite</span> <span class='ocrx_word' id='word_1_370' title='bbox 716 2670 763 2708; x_wconf 93' lang='lat' dir='ltr'>de</span> <span class='ocrx_word' id='word_1_371' title='bbox 797 2669 999 2708; x_wconf 89' lang='lat' dir='ltr'>militibus</span> <span class='ocrx_word' id='word_1_372' title='bbox 1029 2672 1068 2708; x_wconf 88' lang='lat' dir='ltr'>et</span> <span class='ocrx_word' id='word_1_373' title='bbox 1102 2670 1370 2709; x_wconf 87' lang='lat' dir='ltr'>servientibus</span> <span class='ocrx_word' id='word_1_374' title='bbox 1404 2671 1616 2710; x_wconf 89' lang='lat' dir='ltr'>mittendis</span> <span class='ocrx_word' id='word_1_375' title='bbox 1650 2672 1691 2709; x_wconf 90' lang='lat' dir='ltr'>in</span> <span class='ocrx_word' id='word_1_376' title='bbox 1731 2685 1967 2712; x_wconf 87' lang='lat' dir='ltr'>succursum</span> <span class='ocrx_word' id='word_1_377' title='bbox 2006 2688 2125 2713; x_wconf 89' lang='lat' dir='ltr'>suum</span> 
     </span>
     <span class='ocr_line' id='line_1_44' title="bbox 419 2731 2125 2785; baseline 0.002 -14"><span class='ocrx_word' id='word_1_378' title='bbox 419 2735 458 2771; x_wconf 90' lang='lat' dir='ltr'>et</span> <span class='ocrx_word' id='word_1_379' title='bbox 503 2732 553 2770; x_wconf 89' lang='lat' dir='ltr'>ad</span> <span class='ocrx_word' id='word_1_380' title='bbox 600 2735 780 2771; x_wconf 89' lang='lat' dir='ltr'>castrum</span> <span class='ocrx_word' id='word_1_381' title='bbox 824 2734 1012 2770; x_wconf 87' lang='lat' dir='ltr'>nostrum</span> <span class='ocrx_word' id='word_1_382' title='bbox 1062 2731 1203 2771; x_wconf 80' lang='lat' dir='ltr'>Sancti</span> <span class='ocrx_word' id='word_1_383' title='bbox 1251 2731 1392 2771; x_wconf 83' lang='lat' dir='ltr'>Jacobi</span> <span class='ocrx_word' id='word_1_384' title='bbox 1441 2746 1559 2782; x_wconf 86' lang='lat' dir='ltr'>super</span> <span class='ocrx_word' id='word_1_385' title='bbox 1597 2733 1864 2781; x_wconf 88' lang='lat' dir='ltr'>Beveronam,</span> <span class='ocrx_word' id='word_1_386' title='bbox 1903 2736 2009 2785; x_wconf 88' lang='lat' dir='ltr'>quod</span> <span class='ocrx_word' id='word_1_387' title='bbox 2047 2737 2125 2776; x_wconf 80' lang='lat' dir='ltr'>fuit</span> 
     </span>
     <span class='ocr_line' id='line_1_45' title="bbox 419 2793 2124 2846; baseline 0.004 -14"><span class='ocrx_word' id='word_1_388' title='bbox 419 2794 462 2832; x_wconf 90' lang='lat' dir='ltr'>in</span> <span class='ocrx_word' id='word_1_389' title='bbox 517 2807 642 2832; x_wconf 89' lang='lat' dir='ltr'>manu</span> <span class='ocrx_word' id='word_1_390' title='bbox 699 2807 772 2833; x_wconf 91' lang='lat' dir='ltr'>sua</span> <span class='ocrx_word' id='word_1_391' title='bbox 827 2794 876 2832; x_wconf 88' lang='lat' dir='ltr'>de</span> <span class='ocrx_word' id='word_1_392' title='bbox 933 2793 1056 2832; x_wconf 90' lang='lat' dir='ltr'>ballio</span> <span class='ocrx_word' id='word_1_393' title='bbox 1114 2797 1266 2840; x_wconf 84' lang='lat' dir='ltr'>nostro,</span> <span class='ocrx_word' id='word_1_394' title='bbox 1317 2795 1602 2842; x_wconf 85' lang='lat' dir='ltr'>muniendum,</span> <span class='ocrx_word' id='word_1_395' title='bbox 1656 2799 1695 2833; x_wconf 93' lang='lat' dir='ltr'>et</span> <span class='ocrx_word' id='word_1_396' title='bbox 1752 2810 1823 2846; x_wconf 91' lang='lat' dir='ltr'>pro</span> <span class='ocrx_word' id='word_1_397' title='bbox 1875 2810 1953 2846; x_wconf 90' lang='lat' dir='ltr'>quo</span> <span class='ocrx_word' id='word_1_398' title='bbox 2009 2799 2124 2838; x_wconf 88' lang='lat' dir='ltr'>nobis</span> 
     </span>
     <span class='ocr_line' id='line_1_46' title="bbox 419 2855 2124 2903; baseline 0.003 -9"><span class='ocrx_word' id='word_1_399' title='bbox 419 2857 632 2902; x_wconf 90' lang='lat' dir='ltr'>reddendo,</span> <span class='ocrx_word' id='word_1_400' title='bbox 679 2868 772 2895; x_wconf 90' lang='lat' dir='ltr'>cum</span> <span class='ocrx_word' id='word_1_401' title='bbox 819 2855 1071 2894; x_wconf 88' lang='lat' dir='ltr'>venissemus</span> <span class='ocrx_word' id='word_1_402' title='bbox 1120 2856 1161 2893; x_wconf 90' lang='lat' dir='ltr'>in</span> <span class='ocrx_word' id='word_1_403' title='bbox 1210 2856 1484 2903; x_wconf 87' lang='lat' dir='ltr'>Britanniam,</span> <span class='ocrx_word' id='word_1_404' title='bbox 1525 2857 1561 2895; x_wconf 90' lang='lat' dir='ltr'>ei</span> <span class='ocrx_word' id='word_1_405' title='bbox 1609 2858 1846 2896; x_wconf 87' lang='lat' dir='ltr'>dederamus</span> <span class='ocrx_word' id='word_1_406' title='bbox 1894 2859 1973 2898; x_wconf 89' lang='lat' dir='ltr'>duo</span> <span class='ocrx_word' id='word_1_407' title='bbox 2010 2860 2124 2899; x_wconf 88' lang='lat' dir='ltr'>milia</span> 
     </span>
     <span class='ocr_line' id='line_1_47' title="bbox 418 2917 2123 2968; baseline 0.002 -12"><span class='ocrx_word' id='word_1_408' title='bbox 418 2931 661 2964; x_wconf 89' lang='lat' dir='ltr'>marcarum,</span> <span class='ocrx_word' id='word_1_409' title='bbox 711 2920 918 2967; x_wconf 88' lang='lat' dir='ltr'>gratanter</span> <span class='ocrx_word' id='word_1_410' title='bbox 964 2917 1184 2956; x_wconf 90' lang='lat' dir='ltr'>annuimus</span> <span class='ocrx_word' id='word_1_411' title='bbox 1230 2918 1315 2968; x_wconf 88' lang='lat' dir='ltr'>ejus</span> <span class='ocrx_word' id='word_1_412' title='bbox 1373 2919 1574 2968; x_wconf 88' lang='lat' dir='ltr'>petitioni,</span> <span class='ocrx_word' id='word_1_413' title='bbox 1632 2920 1883 2959; x_wconf 88' lang='lat' dir='ltr'>destinantes</span> <span class='ocrx_word' id='word_1_414' title='bbox 1930 2921 1979 2958; x_wconf 89' lang='lat' dir='ltr'>ad</span> <span class='ocrx_word' id='word_1_415' title='bbox 2031 2935 2123 2960; x_wconf 88' lang='lat' dir='ltr'>eum</span> 
     </span>
     <span class='ocr_line' id='line_1_48' title="bbox 418 2979 2121 3029; baseline 0.002 -10"><span class='ocrx_word' id='word_1_416' title='bbox 418 2981 610 3019; x_wconf 89' lang='lat' dir='ltr'>dilectum</span> <span class='ocrx_word' id='word_1_417' title='bbox 649 2982 688 3018; x_wconf 86' lang='lat' dir='ltr'>et</span> <span class='ocrx_word' id='word_1_418' title='bbox 726 2979 885 3018; x_wconf 88' lang='lat' dir='ltr'>fidelem</span> <span class='ocrx_word' id='word_1_419' title='bbox 925 2982 1110 3018; x_wconf 89' lang='lat' dir='ltr'>nostrum</span> <span class='ocrx_word' id='word_1_420' title='bbox 1151 2979 1414 3018; x_wconf 88' lang='lat' dir='ltr'>Amauricum</span> <span class='ocrx_word' id='word_1_421' title='bbox 1455 2981 1502 3019; x_wconf 91' lang='lat' dir='ltr'>de</span> <span class='ocrx_word' id='word_1_422' title='bbox 1548 2981 1698 3020; x_wconf 77' lang='lat' dir='ltr'>Sancto</span> <span class='ocrx_word' id='word_1_423' title='bbox 1746 2982 1943 3029; x_wconf 88' lang='lat' dir='ltr'>Amando,</span> <span class='ocrx_word' id='word_1_424' title='bbox 1993 2997 2121 3023; x_wconf 89' lang='lat' dir='ltr'>senes-</span> 
     </span>
     <span class='ocr_line' id='line_1_49' title="bbox 417 3042 2123 3093; baseline 0.002 -12"><span class='ocrx_word' id='word_1_425' title='bbox 417 3043 567 3081; x_wconf 88' lang='lat' dir='ltr'>callum</span> <span class='ocrx_word' id='word_1_426' title='bbox 597 3044 795 3088; x_wconf 77' lang='lat' dir='ltr'>nostrum,</span> <span class='ocrx_word' id='word_1_427' title='bbox 831 3054 922 3080; x_wconf 89' lang='lat' dir='ltr'>cum</span> <span class='ocrx_word' id='word_1_428' title='bbox 953 3055 1122 3079; x_wconf 89' lang='lat' dir='ltr'>numero</span> <span class='ocrx_word' id='word_1_429' title='bbox 1152 3042 1332 3080; x_wconf 87' lang='lat' dir='ltr'>militum</span> <span class='ocrx_word' id='word_1_430' title='bbox 1363 3045 1402 3080; x_wconf 86' lang='lat' dir='ltr'>et</span> <span class='ocrx_word' id='word_1_431' title='bbox 1437 3043 1684 3081; x_wconf 88' lang='lat' dir='ltr'>servientum</span> <span class='ocrx_word' id='word_1_432' title='bbox 1718 3056 1836 3093; x_wconf 90' lang='lat' dir='ltr'>quem</span> <span class='ocrx_word' id='word_1_433' title='bbox 1875 3045 1959 3093; x_wconf 86' lang='lat' dir='ltr'>ipse</span> <span class='ocrx_word' id='word_1_434' title='bbox 1992 3058 2123 3085; x_wconf 85' lang='lat' dir='ltr'>comes</span> 
     </span>
     <span class='ocr_line' id='line_1_50' title="bbox 417 3104 2124 3154; baseline 0.002 -12"><span class='ocrx_word' id='word_1_435' title='bbox 417 3105 611 3154; x_wconf 88' lang='lat' dir='ltr'>petierat;</span> <span class='ocrx_word' id='word_1_436' title='bbox 677 3116 790 3153; x_wconf 87' lang='lat' dir='ltr'>quos,</span> <span class='ocrx_word' id='word_1_437' title='bbox 839 3106 1055 3153; x_wconf 88' lang='lat' dir='ltr'>postquam</span> <span class='ocrx_word' id='word_1_438' title='bbox 1113 3104 1162 3141; x_wconf 89' lang='lat' dir='ltr'>ad</span> <span class='ocrx_word' id='word_1_439' title='bbox 1218 3104 1415 3153; x_wconf 85' lang='lat' dir='ltr'>placitum</span> <span class='ocrx_word' id='word_1_440' title='bbox 1474 3118 1593 3143; x_wconf 88' lang='lat' dir='ltr'>suum</span> <span class='ocrx_word' id='word_1_441' title='bbox 1654 3106 1886 3152; x_wconf 86' lang='lat' dir='ltr'>retinuerat,</span> <span class='ocrx_word' id='word_1_442' title='bbox 1936 3107 1985 3144; x_wconf 90' lang='lat' dir='ltr'>ad</span> <span class='ocrx_word' id='word_1_443' title='bbox 2051 3121 2124 3147; x_wconf 94' lang='lat' dir='ltr'>nos</span> 
     </span>
     <span class='ocr_line' id='line_1_51' title="bbox 417 3165 2124 3216; baseline 0.003 -12"><span class='ocrx_word' id='word_1_444' title='bbox 417 3167 629 3205; x_wconf 88' lang='lat' dir='ltr'>remittens</span> <span class='ocrx_word' id='word_1_445' title='bbox 667 3165 741 3204; x_wconf 91' lang='lat' dir='ltr'>sub</span> <span class='ocrx_word' id='word_1_446' title='bbox 780 3165 1040 3204; x_wconf 89' lang='lat' dir='ltr'>simulatione</span> <span class='ocrx_word' id='word_1_447' title='bbox 1074 3166 1263 3215; x_wconf 89' lang='lat' dir='ltr'>parcendi</span> <span class='ocrx_word' id='word_1_448' title='bbox 1301 3166 1530 3216; x_wconf 89' lang='lat' dir='ltr'>sumptibus</span> <span class='ocrx_word' id='word_1_449' title='bbox 1570 3168 1731 3213; x_wconf 87' lang='lat' dir='ltr'>nostris,</span> <span class='ocrx_word' id='word_1_450' title='bbox 1767 3168 1971 3206; x_wconf 88' lang='lat' dir='ltr'>nuntiavit</span> <span class='ocrx_word' id='word_1_451' title='bbox 2009 3169 2124 3209; x_wconf 87' lang='lat' dir='ltr'>nobis</span> 
     </span>
     <span class='ocr_line' id='line_1_52' title="bbox 418 3227 2121 3279; baseline 0.002 -13"><span class='ocrx_word' id='word_1_452' title='bbox 418 3227 533 3267; x_wconf 88' lang='lat' dir='ltr'>nobis</span> <span class='ocrx_word' id='word_1_453' title='bbox 580 3227 684 3278; x_wconf 87' lang='lat' dir='ltr'>quod</span> <span class='ocrx_word' id='word_1_454' title='bbox 732 3229 910 3267; x_wconf 87' lang='lat' dir='ltr'>castrum</span> <span class='ocrx_word' id='word_1_455' title='bbox 959 3228 1187 3278; x_wconf 85' lang='lat' dir='ltr'>predictum</span> <span class='ocrx_word' id='word_1_456' title='bbox 1236 3228 1346 3268; x_wconf 87' lang='lat' dir='ltr'>salvo</span> <span class='ocrx_word' id='word_1_457' title='bbox 1394 3229 1614 3268; x_wconf 85' lang='lat' dir='ltr'>custodiret</span> <span class='ocrx_word' id='word_1_458' title='bbox 1662 3229 1711 3267; x_wconf 90' lang='lat' dir='ltr'>ad</span> <span class='ocrx_word' id='word_1_459' title='bbox 1766 3242 1865 3279; x_wconf 87' lang='lat' dir='ltr'>opus</span> <span class='ocrx_word' id='word_1_460' title='bbox 1922 3233 2121 3270; x_wconf 86' lang='lat' dir='ltr'>nostrum.</span> 
     </span>
     <span class='ocr_line' id='line_1_53' title="bbox 418 3289 2121 3340; baseline 0.001 -12"><span class='ocrx_word' id='word_1_461' title='bbox 418 3289 588 3339; x_wconf 87' lang='lat' dir='ltr'>Insuper</span> <span class='ocrx_word' id='word_1_462' title='bbox 644 3289 694 3328; x_wconf 94' lang='lat' dir='ltr'>ad</span> <span class='ocrx_word' id='word_1_463' title='bbox 750 3289 989 3327; x_wconf 88' lang='lat' dir='ltr'>mandatum</span> <span class='ocrx_word' id='word_1_464' title='bbox 1046 3289 1133 3339; x_wconf 89' lang='lat' dir='ltr'>ejus</span> <span class='ocrx_word' id='word_1_465' title='bbox 1199 3289 1375 3328; x_wconf 89' lang='lat' dir='ltr'>nobilem</span> <span class='ocrx_word' id='word_1_466' title='bbox 1436 3290 1569 3328; x_wconf 89' lang='lat' dir='ltr'>virum</span> <span class='ocrx_word' id='word_1_467' title='bbox 1637 3290 1690 3327; x_wconf 92' lang='lat' dir='ltr'>H.</span> <span class='ocrx_word' id='word_1_468' title='bbox 1757 3290 1805 3327; x_wconf 91' lang='lat' dir='ltr'>de</span> <span class='ocrx_word' id='word_1_469' title='bbox 1872 3289 2121 3340; x_wconf 81' lang='lat' dir='ltr'>Trublevill’,</span> 
     </span>
     <span class='ocr_line' id='line_1_54' title="bbox 418 3351 2121 3399; baseline 0.002 -8"><span class='ocrx_word' id='word_1_470' title='bbox 418 3352 682 3392; x_wconf 89' lang='lat' dir='ltr'>senescallum</span> <span class='ocrx_word' id='word_1_471' title='bbox 722 3354 906 3390; x_wconf 89' lang='lat' dir='ltr'>nostrum</span> <span class='ocrx_word' id='word_1_472' title='bbox 946 3351 1170 3399; x_wconf 78' lang='lat' dir='ltr'>wasconie,</span> <span class='ocrx_word' id='word_1_473' title='bbox 1211 3364 1304 3391; x_wconf 88' lang='lat' dir='ltr'>cum</span> <span class='ocrx_word' id='word_1_474' title='bbox 1343 3352 1606 3391; x_wconf 89' lang='lat' dir='ltr'>multitudine</span> <span class='ocrx_word' id='word_1_475' title='bbox 1646 3354 1894 3391; x_wconf 87' lang='lat' dir='ltr'>armatorum</span> <span class='ocrx_word' id='word_1_476' title='bbox 1932 3354 1982 3392; x_wconf 89' lang='lat' dir='ltr'>ad</span> <span class='ocrx_word' id='word_1_477' title='bbox 2028 3367 2121 3394; x_wconf 90' lang='lat' dir='ltr'>eum</span> 
     </span>
    </p>
   </div>
   <div class='ocr_carea' id='block_1_6' title="bbox 371 3440 432 3473">
    <p class='ocr_par' dir='ltr' id='par_1_6' title="bbox 371 3440 432 3473">
     <span class='ocr_line' id='line_1_55' title="bbox 371 3440 432 3473; baseline 0 0"><span class='ocrx_word' id='word_1_478' title='bbox 371 3440 379 3447; x_wconf 64' lang='lat'>²</span> <span class='ocrx_word' id='word_1_479' title='bbox 417 3440 432 3473; x_wconf 82' lang='lat'><em>2</em></span> 
     </span>
    </p>
   </div>
  </div>
 </body>
</html>
