2375 3587
210 220 291 262 178

268 339 411 387 1235.

253 409 312 448 [m.
339 406 429 446 12d.]

1135 217 1320 260 CLOSE
1365 217 1568 259 ROLLS.

618 415 1059 454 Wallia.—-P1·ovisores
1106 417 1145 452 et
1197 413 1473 451 emendatores
1520 412 1861 461 interceptionum
1911 413 2110 451 factarum
2159 412 2200 450 in

506 478 685 516 Marchia
722 477 829 515 inter
866 480 1024 526 gentem
1064 475 1216 513 domini
1254 474 1359 523 regis
1396 476 1435 511 et
1473 473 1709 512 Lewelini.²³·'³²

616 548 700 585 Rex
746 546 963 585 venerabili
1010 545 1115 594 patri
1161 545 1203 581 in
1252 543 1415 582 Christo
1463 543 1511 580 R.
1551 543 1690 581 eadem
1737 543 1867 592 gratia
1914 543 2202 582 Herefordensi

506 610 690 659 episcopo
724 609 908 647 salutem.
983 607 1127 647 Sciatis
1160 606 1265 656 quod
1299 604 1585 643 constituimus
1618 618 1688 643 vos
1721 607 1760 644 et
1798 604 1963 643 dilectos
1994 608 2033 643 et
2067 605 2203 644 fideles

507 674 664 708 nostros
702 669 975 708 vicecomitem
1013 666 1222 705 Hereford‘
1259 670 1297 704 et
1336 666 1566 703 Johannem
1605 665 1652 703 de
1690 667 1863 703 Monem’
1899 669 2119 705 corectores
2157 679 2204 704 ex

507 736 619 782 parte
664 736 802 770 nostra
849 744 929 768 una
967 743 1059 768 cum
1099 729 1326 767 Wrennoco
1368 727 1452 766 filio
1500 727 1745 774 Kenewmk’,
1787 727 1916 776 Ignav
1955 729 2118 767 Vachan
2165 731 2204 766 et

507 795 788 832 archidiacono
841 794 887 830 de
943 792 1091 830 Sancto
1139 790 1336 839 Assapho‚
1384 791 1451 840 qui
1499 789 1695 839 assignati
1748 792 1842 827 sunt
1894 793 2110 829 corectores
2157 803 2205 828 ex

508 860 619 905 parte
658 858 702 893 L.
742 854 933 904 principis
980 853 1027 890 de
1066 852 1276 897 Aberfmu,
1317 851 1365 889 ad
1408 851 1598 889 emendas
1637 851 1840 889 faciendas
1882 854 1920 889 et
1958 851 2205 901 recipiendas

507 932 625 967 super
670 915 1027 965 interceptionibus
1085 914 1180 952 hinc
1238 914 1329 951 inde
1373 914 1490 952 factis
1528 913 1635 951 infra
1673 916 1834 962 treugas
1872 913 2017 952 ultimo
2068 917 2205 963 captas

508 981 612 1018 inter
650 992 722 1018 nos
760 982 798 1016 et
837 979 969 1027 ipsum
1009 978 1055 1014 L.
1143 976 1198 1014 Et
1247 976 1334 1014 ideo
1386 975 1498 1014 vobis
1545 976 1788 1013 mandamus
1834 975 2027 1024 quatinus
2073 989 2096 1014 a
2142 976 2205 1014 die

510 1042 655 1080 Sancte
695 1040 906 1078 Trinitatis
944 1040 985 1076 in
1018 1052 1080 1076 xv.
1103 1038 1187 1076 dies
1221 1051 1301 1075 una
1330 1051 1421 1076 cum
1452 1037 1641 1087 predictis
1672 1037 1904 1076 vicecomite
1934 1040 1972 1075 et
2003 1037 2203 1084 Johanne,

507 1104 650 1154 quibus
680 1104 784 1141 idem
815 1102 1111 1146 mandavimus,
1143 1100 1230 1138 sitis
1260 1100 1365 1149 apud
1395 1099 1601 1138 Boskeret’
1631 1100 1672 1137 in
1700 1112 1908 1138 occursum
1936 1099 2204 1149 predictorum

509 1166 719 1211 Wrennoc,
749 1165 876 1214 Ignav
913 1166 952 1202 et
990 1162 1260 1201 archidiaconi
1291 1162 1338 1200 de
1369 1162 1518 1200 Sancto
1548 1161 1742 1210 Assapho‚
1773 1161 1842 1210 qui
1875 1174 1920 1199 ea
1957 1160 2020 1199 die
2057 1160 2205 1200 ibidem

506 1227 617 1265 vobis
655 1230 863 1265 occurrent
892 1226 940 1264 ad
970 1225 1159 1263 emendas
1198 1224 1402 1261 faciendas
1430 1226 1469 1261 et
1498 1223 1745 1272 recipiendas
1775 1223 1822 1260 de
1850 1222 2207 1272 interceptionibus

507 1290 707 1338 predictis,
748 1289 850 1327 sicut
890 1288 1112 1337 predictum
1152 1290 1225 1332 est,
1267 1286 1403 1324 taliter
1441 1298 1510 1323 vos
1548 1284 1742 1323 habentes
1780 1285 1821 1321 in
1860 1285 1935 1323 hac
1964 1287 2074 1334 parte
2103 1285 2207 1335 quod

506 1352 760 1400 diligentiam
799 1355 973 1389 vestram
1017 1350 1066 1388 ad
1118 1349 1193 1387 hoc
1245 1348 1470 1398 appositam
1522 1347 1667 1385 merito
1704 1347 2024 1386 commendatam
2062 1346 2208 1386 habere

507 1413 733 1452 debeamus.

617 1484 771 1523 Eodem
819 1483 939 1522 modo
995 1481 1236 1520 mandatum
1292 1483 1352 1519 est
1407 1480 1585 1530 predicto
1642 1479 1867 1518 vicecomiti
1917 1479 2126 1518 Hereford'
2170 1482 2209 1519 et

509 1546 688 1585 Johanni
726 1547 773 1584 de
812 1546 1003 1584 Monem’.

618 1617 702 1654 Rex
731 1617 925 1665 magistro
955 1616 1009 1654 H.
1041 1615 1321 1654 archidiacono
1352 1612 1560 1651 Hereford’
1592 1612 1778 1650 salutem.
1838 1611 1939 1650 Cum
1969 1611 2207 1650 venerabilis

510 1682 621 1728 pater
660 1679 706 1716 R.
748 1677 1054 1716 Heresordensis
1093 1677 1316 1727 episcopus,
1358 1675 1462 1713 sicut
1501 1673 1615 1712 nobis
1654 1673 1911 1722 significavit,
1962 1686 2044 1712 non
2083 1673 2209 1723 possit

509 1753 532 1778 a
569 1741 631 1778 die
668 1740 813 1780 Sancte
852 1739 1062 1778 Trinitatis
1100 1740 1142 1777 in
1182 1751 1244 1776 xv.
1285 1737 1368 1775 dies
1406 1749 1491 1774 esse
1529 1735 1635 1785 apud
1674 1734 1877 1773 Boskeret’
1916 1735 1957 1772 in
1996 1747 2207 1774 occursum

510 1802 723 1841 Wrennoci
766 1802 840 1840 filii
880 1801 1124 1849 Kenewrek',
1158 1801 1297 1850 Ignav'
1347 1799 1529 1837 Wachan
1576 1801 1615 1836 et
1662 1797 1935 1836 archidiaconi
1972 1798 2020 1836 de
2060 1798 2209 1838 Sancto

508 1865 692 1914 Assapho
721 1865 770 1903 ad
798 1864 988 1903 emendas
1017 1863 1220 1902 faciendas
1253 1865 1292 1900 et
1321 1861 1566 1910 recipiendas
1596 1872 1714 1909 super
1742 1859 2086 1909 interceptionibis
2115 1859 2210 1898 hinc

508 1928 600 1964 inde
638 1927 755 1965 factis
797 1927 902 1964 infra
950 1930 1108 1975 treugas
1156 1925 1302 1963 ultimo
1352 1927 1489 1972 captas
1537 1922 1643 1960 inter
1690 1934 1763 1960 nos
1811 1924 1849 1960 et
1897 1921 1944 1960 L.
1985 1921 2207 1971 principem

508 1989 555 2027 de
598 1988 832 2034 Abberfrau,
880 1993 997 2038 prout
1043 1988 1176 2037 ipsum
1234 1985 1532 2035 assignavimus
1590 1996 1764 2022 unacum
1819 1983 1965 2022 dilecto
2020 1986 2059 2022 et
2101 1983 2210 2021 fideli

509 2054 645 2089 nostro
694 2051 871 2089 ‚Johanni
922 2051 969 2088 de
1021 2049 1278 2088 Munemuth'
1332 2050 1370 2086 et
1423 2046 1654 2085 vicecomite
1706 2048 1846 2084 nostro
1894 2045 1941 2083 de
1980 2045 2207 2091 Hereford‘;

508 2112 762 2151 dilectionem
819 2115 992 2150 vestram
1050 2124 1250 2161 rogamus,
1319 2109 1511 2158 quatinus
1576 2121 1648 2157 pro
1710 2120 1845 2145 amore
1911 2110 1950 2146 et
2017 2106 2210 2156 petitione

509 2178 646 2213 nostra
708 2175 749 2212 in
817 2175 978 2223 negotio
1048 2174 1228 2223 predicto
1297 2171 1528 2220 exequendo
1598 2169 1726 2208 vicem
1785 2170 1964 2218 ejusdem
2034 2169 2208 2218 episcopi

506 2237 690 2286 supplere
716 2240 755 2275 et
789 2237 837 2274 ad
871 2237 976 2274 diem
1011 2236 1235 2285 predictum
1266 2233 1370 2283 apud
1404 2232 1598 2271 Boskeret
1628 2232 1669 2268 in
1697 2244 1906 2270 occursum
1937 2230 2208 2280 predictorum

508 2299 756 2337 Walensium
796 2299 844 2336 ad
900 2298 1089 2336 emendas
1145 2297 1343 2346 predictas
1400 2294 1601 2332 faciendas
1650 2296 1688 2331 et
1737 2292 1986 2342 recipiendas
2033 2305 2207 2331 unacum

506 2362 683 2410 predicto
722 2361 909 2399 Johanne
965 2364 1003 2398 et
1041 2359 1273 2399 vicecomite
1339 2357 1522 2396 accedere
1578 2355 1723 2394 velitis.
1815 2355 2060 2404 Rogavimus
2098 2355 2207 2393 enim

507 2423 704 2472 predictos
744 2423 967 2461 Wallenses
1005 2423 1110 2472 quod
1158 2422 1206 2459 ad
1254 2421 1329 2459 hoc
1377 2432 1447 2458 vos
1495 2418 1725 2460 adinittat.†
1803 2417 1919 2456 Teste
1966 2429 2056 2466 rege
2102 2416 2209 2466 apud

510 2484 927 2531 Westmonasterium‚
967 2485 1077 2534 xviij.
1117 2484 1180 2521 die
1219 2483 1330 2520 Maii.

614 2555 670 2592 Et
726 2555 964 2593 mandatum
1021 2558 1080 2592 est
1138 2553 1289 2591 eisdem
1350 2549 1622 2589 wallensibus
1677 2549 1782 2600 quod
1839 2549 1972 2598 ipsum
2028 2549 2078 2587 ad
2133 2548 2208 2588 hoe

508 2616 738 2658 admittat.†

618 2743 1029 2792 lserqford’.—Petrus
1083 2742 1204 2781 abbas
1269 2742 1316 2780 de
1382 2739 1652 2779 Faveresham
1717 2738 1937 2777 attornavit
1993 2738 2080 2777 loco
2135 2751 2208 2777 suo

509 2805 732 2844 Walterum
771 2805 818 2843 de
852 2805 1076 2850 Belinden'‚
1116 2804 1166 2842 ad
1204 2803 1442 2841 lucrandum
1482 2801 1544 2839 vel
1582 2800 1829 2849 perdendum
1866 2812 2003 2838 versus
2041 2799 2207 2838 Ivonem

507 2867 554 2905 de
591 2866 886 2905 Pikelesthorn’
923 2870 1126 2916 petentem
1165 2869 1204 2904 et
1231 2865 1455 2915 predictum
1488 2862 1675 2901 abbatem
1707 2864 1910 2900 tenentem
1945 2862 1993 2900 de
2021 2862 2075 2900 lx.
2106 2862 2207 2901 acris

507 2932 608 2967 terre
646 2941 738 2967 cum
776 2929 1029 2978 pertinentiis
1067 2928 1109 2965 in
1149 2927 1352 2977 Treinges.

616 2998 846 3048 Stephanus
897 2999 945 3036 de
1002 2998 1213 3036 Cusinton’
1271 2999 1310 3035 et
1366 2995 1566 3034 Beatricia
1621 3006 1720 3032 uxor
1763 2994 1850 3044 ejus
1898 2995 2206 3032 attornaverunt

507 3060 683 3099 Alanum
731 3061 778 3098 de
818 3060 917 3098 Ride
953 3073 1089 3098 versus
1137 3059 1322 3098 abbatem
1369 3059 1416 3097 de
1452 3058 1565 3096 Boxl'
1606 3058 1811 3096 tenentem
1849 3056 1896 3093 de
1939 3055 2207 3104 quadraginta

507 3122 609 3160 acris
682 3122 842 3160 marisci
902 3134 993 3159 cum
1051 3121 1308 3171 pertinentiis
1363 3121 1405 3158 in
1463 3118 1740 3169 Uppecherch’
1796 3118 1837 3155 in
1894 3116 2103 3155 hundredo
2158 3118 2206 3155 de

506 3183 757 3221 Middelton'.

596 3281 665 3310 *In
696 3281 755 3312 the
786 3282 919 3322 margin
950 3291 1005 3311 are
1035 3280 1096 3312 the
1125 3279 1218 3311 word
1256 3278 1479 3311 ‘Lewelinus'
1510 3277 1573 3309 and
1597 3288 1616 3308 a
1637 3275 1746 3317 rough
1777 3274 1925 3315 drawing
1954 3274 1991 3305 of
2012 3285 2030 3304 a
2053 3274 2205 3305 crowned

505 3332 606 3366 head.

597 3384 676 3422 †Sio
707 3385 741 3414 in
774 3384 844 3416 MS.
