2375 3587
173 366 300 413 1236

160 434 218 473 [m.
236 431 328 470 19d.]

178 976 319 1023 1237.

185 2629 244 2667 [m.
262 2627 352 2666 18d.]

1052 222 1103 261 21
1147 218 1352 260 HENRY
1394 218 1475 259 III.
2020 215 2101 258 515

407 423 726 473 impenderemus
760 420 845 458 sine
879 417 1125 457 conscientia
1158 418 1302 459 vestra,
1335 413 1440 463 quod
1473 411 1588 450 nobis
1622 411 1770 460 optulit
1803 422 1883 448 non
1918 408 2106 446 duximus

406 485 717 525 admittendum.
796 480 1079 519 Mandavimus
1128 481 1264 516 tamen
1313 475 1455 525 majori
1494 478 1533 512 et
1572 474 1730 512 ballivis
1769 471 1917 511 nostris
1956 469 2109 508 Oxonie

408 549 512 600 quod
545 561 637 586 cum
671 546 880 585 credamus
914 556 984 581 vos
1021 544 1133 579 tante
1163 538 1418 577 discretionis
1451 537 1557 575 viros
1590 536 1696 586 quod
1735 538 1846 573 tante
1881 531 2109 572 securitatis

408 624 588 651 recusare
623 623 704 648 non
742 607 912 646 debeant
952 603 1240 643 sufficienciain
1277 614 1299 638 a
1338 602 1560 637 memorato
1599 598 1785 636 Johanne
1826 597 1867 634 in
1907 594 2109 645 presentia

408 675 634 724 aliquorum
700 685 747 709 ex
800 672 912 718 parte
975 670 1107 705 vestra
1171 663 1496 713 deputandorum
1563 660 1822 698 securitatem
1888 657 2109 707 predictam

408 737 617 786 recipiant,
657 734 689 771 si
728 731 908 777 videatis,
946 732 1064 779 prout
1110 727 1225 766 nobis
1274 725 1445 769 videtur,
1485 726 1525 761 et
1563 722 1705 760 honori
1744 724 1783 759 et
1824 718 2111 769 tranquillitati

410 799 595 838 similiter
639 795 847 845 expedire:
895 796 934 830 et
982 791 1013 828 si
1061 803 1140 839 qua
1186 789 1320 837 aliqua
1367 799 1488 825 causa
1538 784 1737 823 subfuerit
1783 786 1943 832 propter
1990 794 2109 831 quam

410 861 623 900 securitate
661 857 838 907 predicta
875 853 1054 894 contenti
1091 865 1172 890 non
1213 850 1381 895 fueritis,
1419 849 1531 886 illam
1571 847 1686 885 nobis
1725 845 1974 894 significetis.

519 966 603 1003 Rex
666 960 901 1013 justiciariis
965 958 1048 996 suis
1113 957 1160 994 de
1230 955 1381 998 Banco,
1423 952 1608 990 salutem.
1705 949 1947 988 Monstravit
2001 946 2116 985 nobis

413 1028 605 1077 magister
652 1024 801 1062 Milicie
850 1021 1006 1070 Templi
1054 1019 1095 1056 in
1144 1017 1291 1066 Anglia
1337 1015 1457 1065 quod,
1502 1027 1594 1052 cum
1643 1011 1939 1061 implacitaverit
1983 1022 2116 1047 coram

413 1090 524 1130 vobis
561 1088 794 1139 priorissam
834 1085 881 1122 de
920 1083 1104 1120 Hecham
1153 1083 1191 1118 et
1233 1077 1418 1117 homines
1466 1089 1557 1114 suos
1604 1075 1651 1112 de
1690 1074 1874 1111 Hecham
1918 1073 1965 1110 de
2012 1074 2119 1109 secta

414 1152 598 1192 facienda
648 1150 697 1188 ad
750 1147 1005 1186 hundedruin
1058 1156 1177 1181 suum
1229 1142 1275 1179 de
1334 1139 1512 1178 Shamel‘
1565 1150 1686 1187 quam
1738 1136 1787 1174 ad
1837 1135 1937 1173 illud
1991 1134 2118 1172 facere

415 1214 709 1257 consueverint,
741 1214 786 1249 ut
828 1209 987 1253 dicitur,
1019 1219 1144 1256 usque
1183 1218 1206 1242 a
1244 1207 1421 1252 tempore
1457 1214 1536 1252 quo
1576 1201 1704 1238 honor
1745 1197 1914 1236 Bolonie
1962 1197 2040 1234 fuit
2078 1196 2119 1233 in

417 1290 542 1317 manu
581 1273 745 1313 Roberti
782 1271 930 1310 Passel’
969 1270 1015 1307 de
1054 1268 1264 1306 voluntate
1299 1267 1451 1303 nostra.
1511 1264 1567 1300 Et
1606 1262 1693 1299 ideo
1729 1259 1841 1298 vobis
1880 1259 2121 1297 mandamus

416 1341 521 1392 quod
572 1352 641 1389 per
692 1337 993 1375 sacramentum
1048 1329 1265 1380 proborum
1314 1330 1353 1365 et
1403 1325 1595 1375 legalium
1644 1323 1858 1361 hominum
1910 1321 2124 1370 diligenter

418 1403 566 1453 inquiri
614 1400 737 1438 facias
784 1397 876 1434 inde
922 1394 1148 1437 veritatem,
1198 1404 1276 1441 qua
1322 1388 1518 1438 inquisita
1565 1386 1724 1435 utrique
1770 1384 1873 1434 parti
1917 1383 2121 1434 justiciam

418 1467 510 1504 inde
557 1462 744 1503 exhibere
791 1472 872 1497 non
921 1455 1134 1495 omittatis.
1227 1453 1343 1490 Teste
1390 1463 1479 1500 rege
1525 1449 1630 1498 apud
1680 1446 1956 1491 Cantnariam,
2006 1445 2124 1484 tertio

417 1531 479 1568 die
516 1526 669 1566 Marcii.

528 1633 612 1670 Rex
642 1626 868 1668 vicecomiti
901 1624 1036 1668 Suht’,
1059 1623 1244 1660 salutem.
1303 1618 1404 1666 Quia
1434 1616 1618 1654 volumus
1648 1613 1753 1663 quod
1783 1612 1999 1651 venerabili
2021 1612 2125 1662 patri

421 1698 467 1735 P.
508 1690 781 1733 Wintoniensi
820 1688 1018 1737 episcopo,
1058 1687 1097 1722 et
1134 1681 1297 1721 ecclesie
1337 1693 1405 1718 sue
1444 1678 1648 1716 libertates
1678 1677 1964 1715 conserventur
2001 1675 2126 1721 illese,

423 1759 497 1798 tibi
536 1755 779 1807 precipimus
817 1750 923 1801 quod
971 1749 1069 1785 duos
1118 1744 1348 1795 probatores
1398 1754 1497 1791 quos
1551 1738 1688 1777 ballivi
1739 1738 1867 1776 nostri
1922 1737 2128 1775 Wintonie

425 1822 615 1871 ceperunt
669 1828 788 1865 super
840 1812 1002 1851 feodum
1053 1807 1218 1858 predicti
1272 1803 1446 1855 episcopi
1485 1806 1524 1840 et
1581 1804 1677 1839 sunt
1732 1801 1773 1838 in
1823 1799 2009 1838 custodia
2059 1803 2129 1838 tua

425 1884 567 1922 liberes
606 1881 646 1918 in
687 1876 848 1928 propria
895 1886 1064 1924 persona
1102 1874 1172 1909 tua
1210 1868 1308 1918 ipsis
1359 1865 1517 1904 ballivis
1570 1863 1718 1903 nostris
1756 1862 1960 1900 ducendos
2012 1875 2130 1911 super

426 1947 588 1985 feodum
626 1940 864 1992 predictum,
896 1936 961 1974 ubi
994 1934 1100 1984 capti
1130 1934 1310 1975 fuerunt,
1343 1932 1381 1967 et
1412 1927 1641 1965 liberandos
1669 1925 1818 1963 ibidem
1858 1924 1899 1962 in
1929 1924 2130 1973 presentia

427 2013 497 2048 tua
548 2006 625 2056 ipsi
678 2002 865 2052 episcopo
914 1998 975 2037 vel
1029 1995 1176 2034 ballivo
1220 2006 1305 2038 suo,
1346 1994 1385 2029 et
1438 1988 1711 2027 incontinenti
1764 1986 2012 2036 recipiendos
2064 1999 2133 2035 per

429 2083 575 2109 manus
628 2066 754 2117 ipsius
806 2061 979 2112 episcopi
1038 2059 1099 2097 vel
1156 2056 1292 2095 ballivi
1345 2053 1406 2092 sui
1464 2056 1503 2090 et
1560 2050 1807 2089 reducendos
1863 2062 1931 2099 per
1986 2061 2132 2086 manus

426 2135 607 2183 ipsorum
664 2128 905 2167 ballivorum
964 2124 1193 2159 nostrorum
1244 2117 1293 2155 ad
1350 2118 1527 2153 castrum
1578 2118 1763 2150 nostrum
1821 2111 2041 2156 Wintonie‚
2087 2114 2132 2148 ut

428 2196 578 2234 ibidem
617 2191 728 2231 salvo
767 2189 808 2225 in
847 2184 1030 2225 custodia
1068 2186 1138 2220 tua
1175 2178 1458 2218 custodiantur
1496 2176 1622 2213 donec
1654 2174 1723 2212 fiat
1763 2174 1810 2211 de
1848 2173 1904 2211 eis
1941 2173 2046 2222 quod
2086 2172 2133 2210 de

429 2260 515 2309 jure
554 2259 593 2294 et
631 2249 922 2292 consuetudine
952 2245 1063 2295 regni
1094 2242 1221 2281 nostri
1261 2240 1383 2278 fucrit
1422 2237 1666 2276 faciendum.
1742 2236 1797 2273 Et
1828 2235 1915 2272 ideo
1946 2234 2017 2272 tibi
2048 2247 2132 2284 pre-

428 2320 599 2370 cipimus
646 2314 752 2365 quod
799 2312 906 2360 ipsos
953 2307 1183 2358 probatores
1231 2316 1349 2352 super
1397 2300 1558 2338 feodum
1607 2297 1773 2348 predicti
1820 2297 1995 2347 episcopi
2043 2296 2133 2335 duci

430 2388 469 2421 et
515 2380 592 2430 ipsi
631 2378 816 2427 episcopo
854 2372 917 2411 vel
970 2370 1117 2408 ballivo
1165 2380 1236 2405 suo
1288 2363 1448 2402 liberari
1496 2365 1534 2400 et
1582 2361 1725 2399 iterato
1769 2359 1890 2408 recipi
1938 2362 1976 2397 et
2025 2359 2134 2397 salvo

431 2441 620 2484 custodiri
661 2439 797 2483 facias,
839 2435 942 2473 sicut
995 2431 1219 2481 predictum
1258 2431 1330 2466 est.
1390 2426 1506 2463 Teste
1560 2437 1649 2473 rege
1697 2422 1803 2471 apud
1856 2421 2132 2467 Cantuariam,

430 2508 501 2557 xij.
542 2505 605 2542 die
643 2500 799 2540 Marcii.

540 2617 668 2655 Adam
727 2614 774 2651 de
830 2607 1039 2661 Pyrinton’
1090 2603 1312 2643 attornavit
1364 2600 1586 2639 Robertum
1636 2598 1684 2636 de
1733 2596 1958 2635 Kersewell’
1998 2598 2137 2634 contra

434 2680 660 2721 Ranulfum
696 2675 813 2714 Helle
846 2673 893 2711 de
925 2669 1083 2720 loquela
1120 2680 1195 2717 que
1234 2668 1294 2704 est
1331 2665 1436 2702 inter
1467 2676 1534 2701 eos
1573 2662 1614 2699 in
1654 2660 1850 2699 comitatu
1888 2657 2134 2697 Norhumbr'

432 2747 479 2784 de
516 2746 544 2795 j.
584 2742 771 2781 carucata
809 2740 911 2775 terre
950 2733 991 2770 in
1032 2730 1244 2781 Elynton'.

542 2854 736 2903 Magister
787 2849 929 2893 Adam,
981 2844 1231 2883 subdecanus
1286 2837 1632 2883 Sarrisburiensis‚
1673 2835 1894 2874 attornavit
1932 2835 2017 2873 loco
2066 2846 2137 2873 suo

436 2919 657 2958 Robertum
686 2915 734 2952 de
767 2909 978 2951 Sarresbir’
1013 2910 1052 2944 et
1083 2903 1354 2954 Reginaldum
1389 2901 1424 2938 le
1458 2900 1644 2939 Sumeter
1673 2898 1734 2936 vel
1767 2898 1938 2935 alterum
1974 2896 2134 2934 illorum

436 2983 486 3021 ad
524 2977 765 3018 lucrandum
804 2973 866 3012 vel
918 2968 1165 3020 perdendum
1204 2966 1245 3002 in
1284 2963 1443 3013 loquela
1492 2974 1569 3011 que
1607 2963 1667 2999 est
1715 2972 1850 2998 coram
1891 2972 1981 3008 rege
2032 2958 2137 2996 inter

439 3043 670 3082 Hubertum
710 3037 848 3081 Hoes’,
880 3034 1129 3084 querentem,
1164 3031 1203 3066 et
1242 3027 1473 3076 episcopum
1514 3022 1875 3062 Sarrisburiensem
1913 3024 1952 3058 et
2003 3020 2136 3069 ipsum

440 3106 729 3146 subdecanum,
770 3096 1049 3138 deformantes,
1090 3091 1138 3129 de
1176 3088 1437 3128 advocatione
1475 3085 1638 3125 ecclesie
1676 3085 1723 3122 de
1764 3082 2017 3133 Stapelford'.

548 3217 944 3263 Lccnc’.—-Henricus
997 3215 1044 3252 de
1093 3212 1276 3260 Coudray
1327 3206 1548 3246 attornavit
1599 3206 1685 3244 loco
1735 3207 1836 3254 [suo]
1888 3203 2139 3241 Willelmum

441 3287 584 3327 Russel
622 3284 671 3322 ad
707 3280 948 3320 lucrandum
986 3275 1048 3314 vel
1086 3272 1330 3323 perdendum
1370 3269 1412 3306 in
1451 3267 1611 3317 loquela
1649 3279 1724 3316 que
1768 3269 1826 3303 est
1856 3264 2136 3314 interipsum,

440 3352 658 3402 petentem,
693 3348 731 3383 et
770 3342 947 3382 Alanum
988 3338 1035 3376 de
1072 3335 1313 3385 Singleton',
1353 3334 1574 3377 tenentem,
1615 3329 1662 3366 de
1714 3327 1813 3378 xiiij.
1854 3325 2009 3365 bovatis
2040 3329 2141 3366 terre

440 3415 482 3451 in
522 3406 792 3452 Northmoles.
