2375 3587
252 199 334 241 476

313 330 456 377 1237.

320 397 381 436 [m.
400 397 445 436 7.]

309 2166 368 2206 [m.
387 2166 433 2206 6.]

1179 206 1364 249 CLOSE
1408 206 1612 248 ROLLS.

544 402 727 448 directas,
783 415 954 452 quarum
1011 404 1104 441 data
1166 403 1357 451 precessit
1420 402 1567 440 festum
1624 400 1864 450 predictum,
1921 400 1968 438 de
2025 397 2247 437 redditibus

543 464 722 514 ejusdem
768 465 946 503 custodie
993 465 1039 503 de
1087 464 1260 502 termino
1309 464 1489 514 ejusdem
1535 462 1675 502 Sancti
1715 461 1940 500 Johannisffi
1978 474 2077 510 quos
2124 459 2247 509 exigit

544 526 593 563 ad
642 539 740 575 opus
806 527 909 575 regis
974 527 1020 564 de
1089 525 1323 564 hominibus
1373 524 1604 563 tenentibus
1653 524 1701 562 de
1750 523 1932 562 custodia
1982 522 2160 572 predicta
2208 524 2247 559 et

543 600 641 636 quos
689 588 796 626 dicto
838 589 1017 626 Johanni
1066 601 1133 625 rex
1182 587 1393 632 concessit,
1432 587 1581 624 eisdem
1632 585 1867 624 hominibus
1916 598 2053 634 pacem
2102 582 2248 622 habere

544 650 766 698 permittat.
844 651 960 688 Teste
999 652 1043 687 nt
1082 662 1216 698 supra.

653 739 706 775 De
742 737 1204 785 prisone.—Mandatum
1244 739 1303 774 est
1337 736 1492 774 Thome
1526 736 1573 773 de
1612 735 1818 774 Santford’
1855 734 1960 784 quod
1995 733 2244 771 Willelmum

542 800 660 849 Page,
711 802 872 848 captum
922 812 1013 836 cum
1062 799 1274 836 venatione
1323 798 1363 835 in
1413 798 1561 835 foresta
1611 798 1713 847 regis
1762 798 1809 835 de
1853 797 2068 841 Bradden‘,
2107 794 2247 833 liberet

540 861 763 899 vicecomiti
806 861 1007 910 Wyltesir'
1048 860 1357 898 custodiendum
1407 860 1447 897 in
1487 859 1651 909 prisona
1694 859 1798 908 regis
1839 857 2084 898 Sarrisburie
2122 857 2246 895 donec

542 936 607 961 rex
646 924 754 961 aliud
794 923 885 960 inde
925 923 1159 971 preceperit.
1237 922 1355 959 Teste
1394 935 1484 971 rege
1523 925 1567 959 ut
1603 934 1737 970 supra.

648 1002 702 1039 Et
742 1001 979 1039 mandatum
1019 1009 1078 1038 est
1112 1001 1336 1039 vicecomiti
1371 1000 1561 1038 Wiltesir'
1595 1001 1701 1049 quod
1736 999 1960 1049 predictum
1993 998 2244 1037 Willelmum

539 1064 704 1113 recipiat
742 1068 780 1101 et
828 1063 938 1101 salvo
985 1063 1186 1101 custodiat
1224 1063 1349 1101 donec
1398 1076 1465 1100 rex
1518 1063 1627 1100 aliud
1677 1062 1769 1100 inde
1808 1061 2040 1111 preceperit.
2126 1060 2245 1098 Teste

538 1129 582 1163 ut
621 1139 754 1175 supra.

648 1215 722 1251 Pro
767 1215 904 1250 'l'lmma
952 1215 1048 1262 llogst
1087 1221 1119 1249 et
1156 1215 1266 1250 sociis
1304 1213 1694 1250 suisa—Mandatum
1743 1214 1803 1249 est
1852 1210 2025 1249 baillivis
2063 1209 2243 1248 Bristoll'

536 1275 583 1313 (16
630 1275 787 1314 catallis
836 1276 990 1313 Thome
1038 1275 1154 1325 Boyt,
1200 1274 1325 1312 Alicie
1365 1276 1593 1323 Augustini,
1641 1277 1680 1312 et
1729 1273 1925 1312 Willelmi
1972 1273 2008 1311 le
2055 1272 2241 1317 Paumer,

536 1338 603 1387 qui
642 1341 737 1375 sunt
775 1338 821 1375 ‹le
856 1338 1083 1386 Drogheda,
1118 1337 1223 1386 quod
1261 1336 1534 1374 deliberentur
1571 1349 1640 1385 per
1673 1335 1875 1384 plevinam
1917 1335 2022 1374 sicut
2061 1333 2243 1383 superius

537 1400 776 1437 mandatum
842 1408 902 1437 cst
967 1401 1014 1437 (16
1091 1399 1248 1437 catallis
1306 1399 1472 1436 Jordani
1545 1398 1707 1447 Stopll’.
1797 1398 1915 1436 Teste
1981 1409 2072 1446 rege
2137 1395 2242 1446 apud

537 1461 774 1507 Plumsted',
816 1462 910 1512 xxij.
952 1463 1014 1499 (lie
1054 1462 1169 1499 Juhi.

642 1541 796 1578 Eodem
838 1541 956 1578 modo
995 1541 1234 1578 mandatum
1274 1545 1333 1576 est
1373 1539 1522 1576 eisdem
1563 1539 1737 1576 baillivis
1773 1550 1842 1587 pro
1876 1537 2062 1575 Hamone
2097 1535 2239 1574 Fuket.

536 1603 651 1640 Teste
692 1606 736 1640 ut
776 1616 907 1652 supra.

642 1681 795 1719 Eodem
836 1682 954 1719 modo
994 1681 1233 1718 mandatum
1273 1689 1333 1717 est
1372 1692 1442 1728 pro
1482 1679 1660 1717 Ranulfo
1699 1679 1746 1716 de
1785 1679 2053 1727 Rothomago.
2124 1677 2241 1715 Teste

535 1749 579 1782 ut
618 1757 749 1793 supra.

645 1832 698 1867 [20
735 1832 884 1868 halla-112
929 1829 1425 1867 ltristoll'.—Mandatum
1473 1831 1534 1866 est
1581 1828 1733 1865 eisdem
1782 1826 1958 1865 baillivis
2004 1826 2109 1875 quod
2157 1838 2238 1864 non

534 1898 594 1931 est
640 1906 799 1931 necesse
847 1893 953 1941 quod
999 1895 1164 1929 teneant
1213 1892 1311 1929 duos
1361 1890 1530 1928 batellos
1586 1903 1686 1939 quos
1743 1888 1895 1926 muniri
1952 1888 2133 1927 fecerunt
2189 1888 2239 1925 ad

532 1956 772 1994 mandatum
812 1955 928 2004 regis,
964 1959 1022 1992 set
1056 1967 1122 1992 eos
1156 1953 1264 1991 abire
1298 1953 1551 2002 permittant,
1585 1951 1744 2002 proviso
1778 1955 1915 1989 tamen
1950 1951 2054 2000 quod
2088 1949 2238 1988 muniti

544 2017 656 2068 [sint]
707 2018 810 2056 sicut
849 2017 955 2066 ipsos
994 2016 1170 2054 habeant
1210 2015 1389 2053 munitos
1428 2028 1520 2053 cum
1552 2026 1710 2053 necesse
1740 2013 1862 2051 fuerit
1892 2016 1931 2051 et
1962 2025 2054 2051 cum
2084 2012 2141 2051 eis
2170 2025 2237 2050 rex

532 2080 796 2117 mandaverit.
872 2079 988 2117 Teste
1028 2082 1072 2116 ut
1111 2091 1243 2126 supra.

638 2169 693 2204 De
759 2169 920 2216 prisone.
944 2166 1099 2203 ——Rex
1164 2163 1469 2202 vicecomitibus
1536 2163 1678 2208 Lond',
1745 2163 1932 2200 salutem.
2009 2160 2113 2208 Quia
2168 2173 2238 2210 per

532 2228 837 2279 inquisitionem
909 2241 1030 2278 quam
1088 2240 1216 2276 nuper
1286 2226 1370 2264 fieri
1430 2226 1599 2264 fecimus
1656 2238 1724 2274 per
1779 2223 2022 2274 justiciarios
2077 2226 2237 2261 nostros

531 2292 756 2341 accepimus
795 2291 900 2341 quod
939 2290 1149 2328 ‚Iohannes
1187 2290 1234 2326 (le
1273 2289 1459 2332 Marisoe,
1499 2293 1640 2337 captus
1678 2291 1717 2325 et
1756 2287 1945 2325 detentus
1983 2286 2025 2323 in
2074 2287 2237 2335 prisona

532 2358 669 2392 nostra
708 2354 754 2391 de
794 2354 971 2402 Newgat'
1015 2365 1085 2401 pro
1124 2356 1253 2389 morte
1289 2351 1455 2388 Heni-ici
1505 2350 1578 2387 filii
1629 2349 1852 2388 Clementis
1911 2349 2017 2386 unde
2067 2350 2236 2386 rettatus

532 2415 621 2461 fuit,
662 2429 743 2453 non
782 2419 841 2453 est
880 2415 926 2452 de
966 2421 1094 2452 morte
1134 2414 1203 2451 illa
1237 2412 1476 2462 culpabilis:
1526 2411 1638 2450 vobis
1672 2411 1917 2461 precipimus
1961 2410 2067 2460 quod
2101 2409 2234 2459 ipsum

530 2478 761 2516 Johannem
796 2491 818 2515 a
849 2478 1010 2526 prisona
1040 2483 1179 2513 nostra
1208 2475 1437 2513 deliberetis
1471 2478 1510 2512 et
1539 2487 1618 2523 quo
1648 2474 1820 2511 voluerit
1854 2472 1961 2511 abire
1990 2471 2235 2521 permittatis

531 2541 648 2578 Teste
682 2553 771 2588 rege
810 2539 914 2587 apud
956 2538 1375 2581 Westmonasterium,
1418 2536 1546 2586 xxiiij.
1587 2536 1650 2573 die
1689 2535 1804 2573 Julii.

638 2619 877 2656 Mandatum
934 2621 995 2655 est
1052 2617 1222 2655 Ricardo
1278 2617 1325 2654 de
1386 2616 1609 2653 Munfichet
1665 2615 1770 2664 quod
1828 2615 1860 2652 si
1917 2614 2125 2652 ‚lohannes
2187 2614 2234 2652 de

531 2682 764 2725 Helehton’‚
800 2685 942 2729 captus
971 2681 1011 2717 in
1044 2670 1192 2718 foresta
1222 2679 1326 2728 regis
1357 2679 1404 2716 de
1439 2679 1576 2715 Essex'
1612 2689 1703 2715 cum
1739 2676 1946 2726 leporariis
1977 2679 2016 2714 et
2049 2676 2235 2714 detentus

531 2743 572 2781 in
613 2743 776 2793 prisona
815 2743 931 2791 regis,
973 2742 1173 2779 invenerit
1210 2741 1245 2778 ei
1285 2741 1415 2778 salvos
1454 2739 1606 2788 plegios
1654 2738 1703 2776 ad
1752 2739 1942 2776 standum
1989 2737 2083 2776 inde
2129 2740 2235 2776 recto

530 2820 663 2845 coram
702 2805 937 2856 justiciariis
977 2804 1080 2853 regis
1118 2804 1165 2841 de
1204 2803 1366 2847 foresta,
1407 2815 1499 2840 cum
1539 2802 1580 2838 in
1627 2804 1759 2851 partes
1810 2801 1901 2839 illas
1953 2800 2136 2838 venerint
2185 2800 2234 2838 ad

529 2869 678 2919 placita
728 2868 873 2906 foreste
931 2866 1174 2916 plaffltanda,
1214 2866 1261 2904 (16
1314 2864 1632 2914 transgressione
1682 2864 1842 2910 foreste,
1882 2866 1979 2902 tunc
2028 2863 2162 2912 ipsum
2211 2877 2234 2901 a

528 2931 690 2981 prisona
728 2930 830 2979 regis
868 2930 1031 2967 interim
1069 2928 1272 2966 deliberet.
1350 2928 1467 2965 Teste
1507 2939 1597 2975 rege
1636 2930 1680 2964 ut
1718 2939 1852 2975 supra.

636 3019 715 3055 Pro
753 3018 906 3054 Amlrca
952 3018 993 3052 de
1039 3017 1077 3052 Za
1129 3015 1422 3052 Brea-lest—Rex
1470 3013 1665 3052 concessit
1704 3012 1860 3050 Andree
1905 3012 1952 3049 de
1999 3012 2038 3049 la
2086 3012 2230 3050 Brech’

528 3080 633 3131 quod
653 3079 811 3128 quietus
840 3077 892 3115 sit
921 3077 967 3114 de
999 3078 1119 3115 sectis
1147 3077 1366 3115 comitatus
1385 3079 1425 3114 et
1452 3075 1756 3113 hundredorum
1787 3087 1810 3111 a
1840 3074 1942 3112 festo
1965 3074 2104 3115 Sancti
2124 3074 2232 3112 Petri

529 3143 578 3181 ad
616 3141 787 3180 Vincula
824 3152 930 3178 anno
980 3142 1053 3178 etc.
1106 3140 1188 3189 xxj.
1229 3152 1353 3188 usque
1392 3139 1433 3175 in
1475 3150 1602 3175 unum
1642 3149 1811 3174 annum.
1898 3136 1954 3174 Et
1991 3136 2231 3175 mandatum

527 3208 586 3243 est
641 3202 865 3242 vicecomiti
918 3202 1088 3239 Bercsir'
1146 3202 1251 3251 quod
1307 3201 1354 3238 de
1420 3200 1538 3238 sectis
1594 3198 1785 3248 predictis
1839 3199 1973 3247 ipsum
2030 3198 2231 3237 Andrean]

526 3279 665 3317 paceni
710 3264 855 3303 habere
901 3263 1121 3312 permittat.
1199 3263 1316 3301 Teste
1361 3274 1451 3311 rege
1496 3261 1601 3310 apud
1642 3259 2065 3306 Westmonasterium,
2106 3260 2229 3310 xxvij.

527 3330 589 3367 die
629 3328 743 3366 Julii.
1761 3324 1764 3326 ’

1091 3397 1116 3429 1
1135 3397 1356 3444 Subsmutedr
1368 3413 1421 3443 for
1438 3414 1444 3425 ‘
1462 3394 1707 3443 ,11166661ίεῖΜ
