2375 3587
280 177 362 218 388

339 300 479 345 1236.

334 364 492 406 m.m]

1211 180 1394 224 CLOSE
1438 179 1642 225 ROLLS.

577 376 785 412 extentam
828 388 949 425 quam
997 376 1081 426 ipse
1127 377 1213 415 fieri
1259 377 1394 424 faciat,
1443 377 1493 416 ad
1540 377 1789 416 dominicum
1837 377 1938 415 illud
1985 376 2215 416 habendum
2254 388 2277 415 a

578 435 680 474 festo
735 437 873 476 Sancti
926 439 1151 485 Michaelis,
1205 452 1313 477 anno
1368 439 1480 488 regni
1536 453 1601 477 xx.
1655 452 1780 489 usque
1836 440 1879 477 in
1937 452 2064 477 unum
2121 451 2275 477 annum

577 498 837 547 completum.
924 501 988 538 Ita
1025 501 1128 550 quod
1177 504 1339 539 extenta
1386 501 1555 550 predicti
1602 501 1795 539 dominici
1847 504 2102 550 computetur
2147 500 2275 538 eidem

578 558 745 608 Hugoni
775 561 815 598 in
855 574 909 600 cc.
942 563 1087 601 marcis
1125 575 1224 612 quas
1263 563 1430 612 percipit
1469 575 1537 611 per
1566 575 1721 600 annum
1750 575 1822 612 pro
1851 563 2033 601 custodia
2061 562 2277 601 comitatus

577 622 679 670 regis
718 624 1006 662 Northumbrie
1054 628 1093 663 et
1140 625 1282 663 castris
1333 625 1380 663 de
1418 625 1531 663 Novo
1572 625 1747 663 Castello
1795 638 1914 674 super
1953 625 2108 675 Tynam
2151 627 2189 663 01
2227 625 2275 662 (10

576 683 820 722 &nmmo-'³³1³
857 686 1142 724 custodiendis.
1219 686 1335 725 Teste
1373 700 1464 735 rege
1500 689 1543 725 ut
1583 699 1716 736 supra.

691 773 764 808 Pro
810 774 992 810 willelma
1035 776 1195 819 Talebut,
1234 776 1437 811 vic-evomite
1479 773 1929 812 ffloue’.—Mandatum
1964 777 2023 812 est
2057 772 2275 811 baronibus

575 832 621 869 de
675 834 880 872 Scaccario
926 836 1031 883 quod
1079 836 1244 873 Petrum
1293 836 1339 873 (10
1387 836 1669 885 Eggeswurth’
1711 838 1750 873 et
1801 836 1999 874 Thomam
2038 836 2085 873 de
2126 835 2275 873 Sancto

576 894 766 940 Martino,
807 896 1010 942 clericum,
1052 898 1272 936 admittant
1320 898 1369 935 ad
1415 898 1740 947 respondendum
1789 897 1837 935 ad
1879 897 2134 937 Scaccarium
2171 897 2275 945 regis

574 957 660 995 loco
716 957 910 995 Willehni
976 959 1155 1005 Talebot,
1223 959 1470 998 vicecomitis
1536 960 1693 1005 Glouc',
1760 960 1807 998 (10
1865 959 2039 998 exitibus
2095 959 2274 1010 ejusdem

575 1020 792 1058 comitatus
830 1024 868 1059 et
906 1021 953 1059 de
992 1022 1081 1060 aliis
1128 1035 1203 1072 que
1251 1023 1299 1060 ad
1359 1021 1521 1060 balliam
1565 1035 1680 1060 suam
1728 1023 1944 1071 pertinent.
2031 1021 2147 1061 Teste
2186 1033 2275 1070 rege

575 1084 619 1119 ut
657 1095 789 1131 supra.

689 1171 764 1206 Pro
811 1171 1041 1208 Ehoraeenxi
1089 1171 1677 1219 archiepiscnpn.—Mandatum
1721 1175 1781 1210 est
1830 1172 1983 1210 Thome
2022 1171 2069 1209 de
2108 1171 2274 1220 Langel’

575 1232 679 1280 quod
718 1232 839 1270 faciat
877 1232 1022 1270 habere
1060 1233 1302 1272 Eboracensi
1352 1233 1651 1283 archiepiscopo
1680 1248 1717 1272 x.
1750 1247 1919 1284 quercus
1957 1246 2049 1272 cum
2088 1232 2277 1272 omnibus

575 1294 746 1331 excaetis
802 1295 842 1331 in
895 1295 1043 1333 foresta
1099 1295 1203 1344 reg-is
1259 1296 1306 1333 de
1365 1296 1625 1342 Quichelwud
1676 1296 1723 1334 ad
1777 1299 1910 1345 postes
1973 1295 2176 1334 faciendos
2227 1295 2277 1333 ad

573 1356 773 1405 quoddam
813 1356 1019 1394 stabulum
1059 1357 1288 1395 faciendum
1328 1358 1434 1407 apud
1469 1358 1684 1407 Otingtun’
1720 1359 1770 1396 ad
1804 1371 1903 1407 opus
1935 1370 2053 1395 suum
2085 1360 2124 1395 01
2158 1356 2276 1406 regis,

574 1419 621 1455 de
659 1419 764 1456 (10110
803 1419 919 1467 regis.
1006 1419 1121 1457 Teste
1169 1433 1258 1468 rego
1297 1420 1403 1468 apud
1444 1420 1634 1467 Windes'‚
1677 1421 1729 1470 xj.
1770 1420 1833 1458 die
1872 1419 2124 1458 Novembris.
2200 1419 2277 1458 Per

576 1480 741 1518 fratrem
783 1482 831 1518 (¹1.

683 1568 923 1606 Mandatum
959 1572 1018 1607 est
1054 1569 1207 1607 Thome
1249 1570 1295 1606 de
1350 1569 1562 1608 Sandford'
1619 1569 1723 1618 quod
1782 1567 1927 1606 habere
1978 1567 2099 1606 saciat
2146 1567 2275 1605 eidem

575 1631 872 1680 archiepiscopo
914 1632 966 1681 xj.
1005 1644 1173 1680 quercus
1212 1631 1253 1668 in
1294 1632 1443 1669 foresta
1482 1631 1585 1680 regis
1634 1631 1681 1669 (10
1724 1631 1899 1668 Bradon'
1942 1643 2034 1669 cum
2087 1629 2276 1668 omnibus

573 1693 745 1732 excaetis
783 1697 897 1742 aptos
935 1694 983 1731 ad
1023 1707 1177 1743 pannos
1216 1694 1419 1732 faciendos
1458 1694 1506 1731 ad
1546 1694 1745 1743 quoddam
1790 1692 1994 1731 stabulum
2048 1692 2275 1731 faciendum

575 1756 624 1793 ad
663 1768 763 1805 opus
802 1768 919 1793 suum
959 1759 997 1794 et
1037 1755 1153 1805 regis,
1202 1756 1249 1793 de
1297 1756 1402 1794 dono
1441 1755 1558 1805 regis.
1635 1755 1753 1793 Teste
1787 1767 1875 1805 rege
1915 1757 1959 1793 ut
1999 1767 2131 1804 supra.
2202 1754 2277 1793 Per

574 1817 739 1856 fratrem
776 1819 825 1856 G.

685 1907 763 1942 Pro
807 1906 863 1942 ῙΓ.
911 1908 953 1941 «le
1000 1907 1218 1950 Ix‘irlfelaeam,
1264 1908 1401 1943 decano
1448 1907 1583 1943 Sancti
1626 1906 1796 1942 Martini
1840 1903 2276 1942 Loml’.—Mandatum

574 1970 633 2005 est
672 1967 841 2005 Ricardo
879 1967 926 2005 de
966 1967 1191 2005 Munfichet
1225 1967 1329 2016 quod
1364 1967 1485 2005 faciat
1519 1966 1664 2004 habere
1697 1966 1759 2005 W.
1792 1966 1839 2003 de
1872 1965 2105 2012 Kirkeham‚
2128 1966 2277 2004 decano

577 2029 715 2068 Sancti
756 2029 923 2067 Martini
962 2029 1106 2074 Lond',
1148 2032 1227 2066 tres
1266 2029 1404 2067 damas
1438 2029 1479 2066 in
1516 2028 1638 2066 ballia
1672 2041 1743 2066 sua
1777 2028 1817 2064 in
1854 2028 2002 2065 foresta
2036 2027 2194 2074 Essex’,
2229 2028 2277 2066 de

575 2092 679 2129 dono
718 2092 834 2140 regis.
912 2091 1028 2129 Teste
1067 2104 1156 2139 rege
1196 2091 1301 2140 apud
1341 2091 1536 2137 Wffldes',
1574 2091 1644 2140 xij.
1685 2090 1747 2128 die
1786 2089 2037 2128 Novembris.

683 2170 737 2207 Et
783 2169 1022 2206 mandatum
1071 2174 1130 2207 est
1180 2169 1357 2207 Waltero
1404 2169 1450 2206 de
1496 2169 1619 2217 Burg'
1660 2168 1765 2218 quod
1805 2167 1950 2206 habere
1989 2168 2110 2206 faciat
2148 2169 2275 2207 eidem

576 2231 752 2269 Waltero
790 2231 816 2268 l.
856 2231 1029 2269 bremias
1063 2231 1102 2268 in
1134 2230 1285 2269 vivario
1317 2231 1419 2280 regis
1451 2231 1498 2269 de
1530 2231 1725 2280 Neuport,
1758 2230 1805 2267 (10
1839 2230 1944 2268 dono
1975 2230 2091 2280 regis.
2161 2232 2276 2270 Teste

574 2306 663 2338 regie
702 2296 746 2330 ut
785 2305 917 2341 supra.

683 2372 921 2410 Mandatum
978 2374 1038 2409 est
1093 2371 1308 2409 baronibus
1364 2372 1411 2409 de
1465 2370 1673 2410 Scaccario
1726 2371 1832 2420 quod
1884 2383 1931 2408 ex
1982 2383 2060 2420 quo
2113 2371 2176 2410 W.
2229 2372 2277 2411 de

575 2433 818 2484 Kyrkeham,
866 2434 1040 2471 decanus
1087 2434 1227 2472 Sancti
1273 2433 1440 2472 Martini
1486 2433 1629 2478 Lond',
1676 2435 1909 2481 compotum
1960 2433 2176 2472 reddiderit
2227 2435 2276 2472 ad

576 2496 827 2533 Scaccarium
879 2496 925 2533 de
978 2496 1159 2533 custodia
1224 2494 1439 2543 garderobe
1506 2495 1660 2532 domini
1710 2494 1813 2542 regis
1879 2494 1926 2531 de
1975 2498 2152 2544 tempore
2199 2509 2277 2545 quo

573 2558 754 2595 nondum
794 2558 978 2603 reddidit,
1018 2558 1171 2595 litteras
1209 2561 1392 2606 patentes
1430 2557 1583 2594 domini
1622 2556 1727 2605 regis
1765 2556 1812 2593 de
1845 2555 2069 2605 quietantia
2103 2558 2277 2607 compoti

572 2632 670 2669 quas
708 2619 763 2656 eis
801 2619 941 2664 mittit,
980 2619 1156 2668 predicto
1195 2620 1343 2657 decano
1382 2618 1566 2656 liberent.
1642 2618 1758 2655 Teste
1796 2630 1886 2667 rege
1925 2619 2030 2667 apud
2070 2619 2276 2666 Windles',

572 2681 641 2731 xij.
681 2681 743 2719 die
779 2680 1029 2719 Novembris.

682 2769 757 2804 Γνυ
796 2768 978 2813 Galfrisla
1013 2770 1055 2804 de
1092 2768 1294 2815 C'laeausegse.
1309 2767 1598 2804 —Mandatum
1633 2769 1692 2804 est
1726 2766 1952 2805 vicecomiti
1989 2767 2142 2805 Oxonie
2173 2769 2277 2817 quod

573 2828 776 2878 appellum
851 2830 954 2878 quod
1016 2829 1145 2866 David
1202 2829 1249 2866 de
1306 2829 1528 2878 Cauntelay
1584 2828 1681 2866 facit
1743 2841 1880 2866 versus
1944 2829 2173 2867 Galfridum
2229 2831 2276 2867 de

575 2891 780 2940 Chauseye
820 2891 867 2928 de
899 2894 1026 2928 morte
1065 2890 1265 2928 ‚Iohannis
1304 2891 1350 2928 de
1389 2890 1427 2927 la
1466 2890 1589 2935 Mare,
1631 2890 1782 2927 scilicet
1820 2890 1867 2927 (10
1906 2893 2102 2939 precepto,
2143 2892 2276 2929 venire

573 2952 693 2989 iaciat
727 2965 860 2989 coram
895 2953 1128 3001 justiciariis
1162 2953 1266 3001 regis
1298 2952 1403 3001 apud
1436 2952 1842 2990 Westmonasterium
1876 2952 1918 2989 in
1952 2952 2103 2990 octabis
2139 2953 2277 2992 Sancti

576 3013 737 3050 Hillarii
772 3027 877 3051 anno
916 3015 1029 3062 regni
1066 3015 1147 3064 xxj.
1179 3018 1217 3052 et
1256 3014 1418 3052 interim
1458 3014 1592 3062 ipsum
1624 3014 1851 3051 Galfridum
1889 3013 1929 3050 in
1971 3014 2165 3052 comitatu
2204 3028 2276 3053 suo

575 3075 809 3123 interrogari
845 3088 925 3112 non
960 3076 1094 3121 faciat,
1126 3076 1220 3125 quia
1251 3075 1489 3113 venerabilis
1521 3078 1633 3123 pater
1660 3075 1722 3113 W.
1752 3075 2021 3113 Karleolensis
2055 3076 2276 3125 episcopus,

574 3136 804 3185 manucepit
835 3149 967 3174 corani
999 3150 1089 3185 rege
1121 3137 1225 3186 quod
1256 3137 1389 3185 ipsum
1424 3137 1653 3174 Galfridum
1685 3139 1781 3174 tunc
1812 3135 1974 3173 habebit
2005 3137 2054 3173 ad
2088 3138 2277 3175 standum

575 3198 667 3235 inde
715 3201 820 3235 recto
866 3210 999 3235 coram
1048 3198 1195 3235 eisdem
1242 3199 1507 3247 justiciariis;
1566 3201 1605 3236 et
1652 3198 1756 3248 quod
1802 3197 1947 3235 habeat
1989 3197 2043 3235 ibi
2085 3199 2277 3237 attachia-

576 3263 714 3296 menta
755 3259 861 3296 illius
900 3259 1046 3308 appelli
1086 3262 1124 3297 et
1166 3260 1240 3297 hoc
1279 3259 1407 3298 breve.
1482 3260 1599 3297 Teste
1638 3271 1728 3308 rege
1766 3261 1811 3296 ut
1849 3271 1982 3308 supra.

1146 3357 1159 3375 ³*
1177 3354 1356 3387 corrected
1377 3355 1465 3389 from
1490 3356 1497 3369 ¹
1510 3354 1734 3391 Knareburo.’
