2375 3587
218 192 302 232 448

281 321 426 368 1237.

279 388 338 426 [m.
359 387 426 426 12]

1143 193 1328 236 GLOSE
1372 191 1574 234 ROLLS.

621 396 676 431 De
710 396 806 432 ealce
836 398 885 432 ad
914 409 1094 432 cameram
1128 391 1560 441 reqine.—Mandatum
1591 392 1651 427 est
1681 390 1912 436 Engelardo
1941 390 1988 427 de
2018 390 2209 439 Cygoyny

511 456 615 504 quod
662 456 806 495 habere
850 457 971 495 faciat
1015 456 1128 493 fratri
1168 455 1360 498 Johanni,
1402 452 1557 490 custodi
1608 452 1739 500 operis
1786 452 1833 489 de
1877 464 2034 489 camera
2072 451 2206 499 regine

513 519 628 567 regis,
666 520 839 558 ducenta
876 519 1078 569 quarteria
1116 518 1163 554 de
1202 517 1307 554 calce
1346 528 1421 564 que
1456 518 1517 551 est
1549 514 1591 551 in
1631 516 1761 552 castro
1801 514 1905 562 regis
1935 514 1982 551 de
2013 513 2205 558 Windes’‚

511 581 559 618 ad
602 582 821 630 predictam
860 594 1061 619 camerani
1102 577 1427 617 construendam.
1507 576 1625 614 Teste
1678 588 1767 625 rege
1817 578 1862 613 ut
1915 588 2047 624 supra.
2133 575 2209 612 Per

511 643 643 692 ipsum
682 657 829 693 regem.

623 786 697 821 Pro
736 786 781 821 H.
825 785 1081 820 Jsz‘nealwuvnsi
1130 779 1610 830 episcopa.—Mandatum
1660 782 1719 816 est
1772 778 1999 816 vicecomiti
2044 778 2206 825 Noting'

512 847 617 895 quod
655 849 804 884 sectam
843 845 892 882 ad
930 844 1169 882 comitatum
1210 855 1329 879 suum
1369 854 1489 890 quam
1529 841 1652 890 exigit
1690 854 1713 878 a
1751 840 1968 879 venerabili
2008 843 2120 889 patre
2157 840 2205 878 R.

513 908 787 946 Lincolniensi
827 907 1023 956 episcopo,
1064 906 1110 942 de
1150 904 1330 941 manerio
1370 916 1441 940 suo
1476 904 1522 940 (10
1558 903 1717 941 Newerc
1754 906 1877 952 ponat
1912 903 1951 940 in
1985 906 2207 951 respectum

510 983 634 1019 usque
673 971 713 1007 in
753 982 879 1006 unum
930 980 1109 1005 mensem
1159 979 1181 1003 a
1231 966 1292 1003 die
1348 965 1487 1004 Sancti
1541 965 1750 1002 Michaelis
1804 978 1911 1002 anno
1953 965 2064 1012 regni
2104 966 2207 1014 regis

511 1032 591 1081 xxj.
669 1032 785 1069 Teste
824 1043 913 1077 rege
953 1033 997 1066 ut
1036 1041 1169 1077 supra.

619 1173 672 1209 De
720 1173 893 1219 pluribus
946 1170 1214 1217 ‹listringrendis
1261 1182 1331 1216 pro
1387 1169 1480 1204 vinis
1536 1166 1943 1214 reaia—Mandatum
1995 1169 2056 1204 est
2105 1168 2204 1205 vice-

509 1233 645 1272 comiti
686 1232 856 1270 Eboraci
894 1231 998 1281 quod
1038 1230 1255 1277 distringat
1295 1228 1513 1277 burgenses
1554 1227 1726 1266 Eboraci
1778 1229 1827 1266 ad
1879 1228 2207 1267 satisfaciendum

511 1295 591 1342 regi
636 1308 752 1343 super
790 1308 854 1332 xx.
896 1296 935 1331 et
974 1307 1009 1330 v.
1050 1292 1168 1330 doliis
1214 1291 1297 1329 vini
1346 1304 1421 1340 que
1475 1290 1618 1339 prefati
1672 1289 1890 1339 burgenses
1940 1291 2207 1329 vendiderunt

509 1371 578 1407 per
616 1359 847 1406 preceptum
893 1355 1020 1403 regis:
1073 1354 1130 1391 ita
1176 1353 1281 1402 quod
1330 1352 1514 1390 denarios
1561 1352 1608 1390 de
1647 1353 1752 1390 vinis
1801 1353 1882 1390 illis
1929 1353 2208 1401 provenientes

510 1418 654 1457 habeat
711 1432 777 1455 rex
826 1419 866 1455 in
916 1416 1142 1455 warderoba
1192 1428 1264 1453 sua
1322 1415 1362 1451 in
1418 1415 1590 1452 instanti
1649 1415 1751 1452 festo
1811 1415 1949 1453 Sancti
2008 1414 2209 1453 Johannis

511 1481 704 1530 Baptiste.
777 1481 893 1518 Teste
924 1492 1012 1528 rege
1051 1482 1095 1516 ut
1130 1490 1264 1526 supra.

615 1559 852 1597 Mandatum
884 1560 942 1595 est
962 1571 1025 1595 :—

720 1620 955 1658 Vicecomiti
1010 1618 1170 1667 Salopie
1219 1617 1323 1666 quod
1375 1617 1594 1664 distringat
1650 1615 1866 1664 burgenses
1911 1617 1958 1654 de
1998 1617 2120 1667 Brug’
2160 1619 2207 1656 de

772 1683 824 1720 ix.
875 1682 991 1720 doliis
1043 1681 1151 1725 vini3
1204 1683 1243 1717 et
1291 1679 1394 1728 quod
1444 1692 1511 1716 rex
1561 1677 1708 1715 habeat
1755 1678 1939 1717 denarios
1986 1680 2027 1716 in
2068 1681 2205 1718 eodem

774 1745 890 1783 festo.
968 1745 1085 1781 Teste
1120 1746 1164 1781 ut
1204 1755 1338 1791 supra.

722 1807 956 1846 Vicecomiti
998 1806 1104 1845 Surr'
1145 1805 1251 1854 quod
1291 1795 1734 1852 distringatbomines
1785 1803 1831 1840 de
1882 1803 2121 1853 Kingestun’
2159 1806 2206 1844 de

774 1884 810 1907 x.
865 1869 977 1906 libris
1029 1881 1099 1917 pro
1145 1866 1250 1905 vinis
1304 1866 1408 1914 regis
1453 1865 1602 1903 eisdem
1655 1864 1890 1903 hominibus
1939 1866 2115 1905 venditis
2161 1868 2208 1906 (10

774 1936 951 1980 tempore
991 1931 1193 1969 Johannis
1232 1930 1280 1967 de
1320 1928 1543 1972 Colemere;
1589 1929 1628 1965 et
1666 1928 1771 1976 quod
1823 1941 1890 1965 rex
1936 1928 2081 1967 habeat
2120 1930 2210 1968 illas

776 1995 910 2032 decem
951 1993 1072 2031 libras
1112 1993 1153 2030 in
1189 1992 1326 2030 eodem
1367 1990 1481 2028 festo.
1560 1990 1676 2027 Teste
1716 1992 1760 2027 ut
1798 2002 1932 2038 supra.

722 2056 955 2094 Vicecomiti
997 2055 1136 2093 Norht’
1177 2053 1283 2103 quod
1322 2052 1540 2100 distringat
1598 2051 1817 2100 burgenses
1862 2051 2005 2089 Norht’
2046 2065 2116 2101 pro
2154 2055 2208 2104 vj.

775 2119 891 2156 doliis
929 2118 1013 2156 vini
1052 2117 1109 2155 eis
1148 2115 1340 2160 venditis3
1398 2118 1437 2152 et
1487 2114 1592 2162 quod
1638 2126 1705 2150 rex
1758 2113 1904 2151 habeat
1943 2114 2129 2153 denarios
2167 2117 2208 2154 in

779 2181 917 2218 eodeni
958 2180 1071 2218 festo.
1152 2179 1267 2216 Teste
1305 2181 1349 2214 ut
1389 2189 1519 2225 supra.

724 2242 957 2280 Vicecomiti
1016 2242 1157 2279 Glouo’
1209 2240 1314 2289 quod
1367 2238 1586 2286 distringat
1652 2236 1868 2286 burgenses
1922 2237 2101 2276 Bristoll'
2159 2240 2208 2277 ad

782 2305 1001 2342 reddendas
1042 2303 1121 2352 regi
1160 2303 1200 2339 in
1253 2300 1472 2350 gardei-oba
1524 2298 1628 2348 regis
1667 2311 1700 2336 c.
1736 2302 1777 2336 et
1815 2312 1879 2338 xx.
1916 2312 2072 2338 marcas
2110 2315 2209 2351 quas

779 2367 859 2415 regi
900 2366 1046 2404 debent
1084 2378 1154 2414 pro
1189 2377 1281 2402 xxx.
1322 2362 1440 2400 doliis
1480 2361 1577 2405 vini,
1614 2363 1653 2398 et
1697 2360 1802 2410 quod
1854 2361 1938 2409 ipse
1989 2362 2210 2402 vicecomes

779 2429 939 2466 reddere
985 2442 1065 2466 non
1104 2427 1268 2465 omittat
1308 2425 1389 2474 regi
1437 2425 1477 2461 111
1518 2423 1655 2461 eadem
1694 2422 1913 2472 garderoba
1951 2437 2015 2462 xx.
2055 2438 2210 2464 marcas

778 2504 876 2540 quas
925 2491 1005 2539 regi
1054 2489 1171 2527 debet
1217 2501 1288 2537 pro
1326 2501 1362 2526 v.
1402 2486 1521 2524 doliis
1559 2485 1658 2531 vini,
1703 2488 1741 2523 et
1789 2486 1894 2534 (1110(1
1942 2486 2042 2524 scire
2089 2488 2210 2526 faciat

782 2553 861 2601 regi
900 2566 975 2602 (1110
1014 2552 1147 2590 debita
1184 2551 1266 2600 regi
1306 2549 1528 2588 debeantur
1566 2548 1607 2584 111
1644 2547 1740 2585 villa
1779 2547 1959 2585 Eristoll'
1999 2562 2070 2597 pro
2107 2550 2210 2588 vinis

781 2615 884 2663 regis
931 2615 1103 2652 venditis
1151 2617 1189 2651 et
1238 2627 1260 2651 a
1307 2611 1452 2661 quibus
1500 2613 1538 2648 et
1586 2612 1786 2659 quantum
1832 2622 1855 2647 a
1905 2610 2076 2658 singulis
2126 2612 2209 2661 regi

782 2676 982 2714 debeatur.
1041 2677 1158 2714 Teste
1197 2688 1286 2724 rege
1322 2678 1366 2712 ut
1405 2686 1539 2722 supra.

730 2739 963 2777 Vicecomiti
1016 2739 1131 2776 Linc’
1189 2738 1294 2786 quod
1350 2735 1569 2783 distringat
1623 2733 1841 2782 burgenses
1891 2733 2006 2772 Linc'
2059 2735 2107 2773 de
2156 2736 2209 2786 vj.

779 2801 896 2838 doliis
934 2800 1017 2838 vini
1054 2813 1129 2849 que
1168 2800 1289 2837 iidem
1329 2798 1546 2847 burgenses
1585 2796 1879 2839 vendiderunt3
1919 2799 1958 2833 et
1996 2797 2102 2845 quod
2144 2811 2210 2836 rex

781 2862 926 2900 habeat
979 2862 1162 2900 denarios
1212 2861 1303 2899 illos
1358 2861 1399 2897 in
1452 2858 1591 2896 eodem
1645 2857 1760 2895 festo.
1847 2857 1963 2895 Teste
2020 2871 2110 2907 rege
2166 2864 2211 2898 ut

784 2937 914 2973 supra.

731 2986 900 3024 Ballivis
936 2986 1053 3024 Suht’
1093 2986 1199 3034 quod
1238 2985 1279 3022 in
1318 2984 1457 3022 eadem
1496 2980 1726 3032 garderoba,
1767 2981 1905 3019 statim
1940 2981 2036 3020 visis
2068 2983 2214 3022 litteris

784 3048 884 3093 istis,
925 3048 1084 3085 reddere
1123 3060 1203 3085 non
1242 3046 1435 3084 omittant
1474 3046 1527 3083 xl.
1563 3044 1684 3082 libras
1715 3056 1814 3092 quas
1847 3043 1929 3092 regi
1963 3043 2110 3083 debent
2143 3059 2214 3094 pro

784 3110 889 3147 vinis
939 3110 1041 3158 regis
1093 3123 1169 3158 (1110
1222 3109 1489 3147 vendiderunt
1546 3110 1725 3156 tempore
1776 3118 1855 3155 quo
1904 3106 2112 3145 Johannes
2169 3108 2217 3146 de

786 3172 991 3209 Colemere
1030 3171 1107 3208 fuit
1146 3174 1284 3220 captor
1322 3170 1507 3208 vinorum
1548 3169 1676 3217 regis;
1718 3170 1756 3205 et
1794 3168 1899 3216 quod
1934 3167 2033 3205 scire
2063 3168 2214 3207 faciant

783 3246 859 3282 que
896 3232 1030 3270 debita
1077 3233 1159 3280 regi
1207 3232 1428 3270 debeantur
1464 3231 1506 3268 in
1545 3230 1641 3269 villa
1679 3242 1752 3268 sua
1789 3241 1859 3277 pro
1896 3229 2002 3267 vinis
2039 3231 2213 3269 venditis

784 3294 866 3331 sive
904 3296 1082 3341 tempore
1117 3293 1242 3341 ipsuis
1281 3292 1479 3330 Johannis
1524 3292 1605 3330 sive
1657 3298 1750 3328 ante
1802 3292 1962 3339 tempus
2000 3303 2132 3339 suum,
2173 3305 2193 3330 0

783 3356 982 3405 quantum
1021 3366 1044 3391 a
1082 3353 1253 3403 singulis
1292 3353 1373 3403 regi
1411 3352 1614 3391 debeatur.
1691 3351 1810 3389 Teste
1848 3354 1893 3389 ut
1930 3364 2064 3401 supra.
