2375 3587
240 358 386 404 1237.

233 425 292 463 [m.
311 422 402 463 isa]

1116 237 1166 275 21
1212 236 1417 278 HENRY
1458 238 1538 279 ΠΙ.
2101 247 2182 285 533

589 427 1083 467 Eboraemm—Johannes
1139 431 1248 469 filius
1306 432 1471 471 Roberti
1528 437 1749 474 attornavit
1808 438 2080 487 Reginaldum
2137 440 2183 478 de

479 484 726 526 Donecastre
765 497 803 527 et
843 489 1092 528 Willelmum
1133 493 1180 529 de
1218 494 1431 532 Leverton'
1463 498 1604 533 contra
1638 497 1856 543 Hugonem
1887 499 1935 536 de
1965 499 2182 539 Wodehus'

478 547 526 585 de
555 549 583 598 j.
615 548 760 588 bovata
789 554 889 590 terre
919 552 960 590 in
995 553 1297 592 Wuttewurth'.
1357 555 1474 594 Teste
1504 571 1593 606 rege
1623 560 1728 607 apud
1760 560 2182 609 westmonasterium,

479 610 576 660 xxij.
617 611 679 649 die
723 612 835 650 Maii.

585 719 1002 769 Midd'.—Philippus
1061 722 1236 761 Thorold
1294 725 1515 762 attornavit
1572 726 1802 765 Johannem
1861 729 1895 767 le
1964 730 2072 769 Hare
2140 732 2181 769 in

474 778 634 828 loquela
672 794 748 829 que
786 784 846 819 est
884 782 924 819 in
964 783 1161 821 comitatu
1200 784 1326 822 Midd'
1367 785 1472 824 inter
1511 799 1602 825 euin
1642 792 1680 826 et
1719 789 1963 828 Edwardum
2003 792 2049 830 de
2079 795 2183 831 terra

477 841 519 878 in
559 842 804 881 Estlalham.
865 844 981 882 Teste
1020 858 1110 894 rege
1149 849 1193 884 ut
1233 860 1364 896 supra.

586 951 812 997 Eboracum,
870 953 912 988 de
967 955 1146 990 tradendo
1210 956 1250 991 in.
1309 956 1781 995 hallin›tu—Mandatum
1840 962 1900 997 est
1958 960 2183 1000 vicecomiti

477 1010 649 1050 Eboraci
688 1014 807 1062 quod,
849 1014 881 1051 si
921 1014 1042 1063 Hugo
1080 1015 1189 1053 filius
1230 1015 1411 1061 Gerar-di,
1451 1021 1592 1067 captus
1632 1023 1670 1057 et
1709 1020 1897 1059 detentus
1937 1022 1979 1059 in
2019 1023 2181 1072 prisona

476 1074 579 1123 regis
617 1075 664 1113 de
704 1075 887 1114 Eboraco
924 1090 996 1126 pro
1035 1078 1192 1126 appello
1231 1079 1335 1127 quod
1375 1079 1600 1118 Alexander
1637 1082 1672 1119 le
1707 1082 1885 1120 Cuverur
1917 1084 2013 1122 facit
2044 1098 2180 1124 versus

476 1148 568 1173 eum
607 1137 655 1175 de
693 1150 787 1186 pace
826 1138 931 1188 regis
969 1139 1110 1186 fracta,
1152 1140 1351 1179 invenerit
1389 1142 1424 1180 ei
1465 1143 1595 1181 salvos
1634 1144 1786 1193 plegios
1821 1146 1868 1183 de
1904 1147 2180 1196 respondendo

475 1199 583 1237 dicto
630 1200 857 1239 Alexandro
904 1214 1038 1240 coram
1086 1203 1320 1252 justiciariis
1367 1205 1471 1253 regis
1528 1206 1578 1243 ad
1613 1207 1808 1255 'primam
1856 1211 1931 1247 etc.
1990 1210 2037 1247 de
2086 1224 2180 1259 pace

475 1261 579 1311 regis
627 1262 766 1309 fracta,
816 1266 913 1302 tunc
960 1264 1093 1314 ipsum
1143 1265 1362 1315 Hugonem
1411 1279 1480 1315 per
1527 1268 1726 1316 predictos
1774 1270 1926 1320 plegios
1983 1272 2179 1313 dimittat.

476 1324 593 1363 Teste
630 1338 720 1374 rege
759 1326 864 1375 apud
905 1328 1321 1374 Westmonasterium,
1362 1330 1484 1380 xxvij.
1534 1331 1596 1368 die
1634 1332 1746 1369 Maii.

585 1434 1097 1482 Hybernita—Mandatum
1137 1438 1196 1473 est
1235 1436 1432 1475 Mauricio
1470 1437 1554 1476 filio
1595 1438 1771 1486 Geroldi‚
1808 1441 2036 1489 justiciario
2075 1443 2178 1491 regis

476 1494 693 1545 Hybernie,
743 1497 848 1545 quod
895 1510 964 1546 per
1010 1497 1143 1535 visum
1186 1497 1403 1547 proborum
1442 1503 1481 1537 et
1519 1500 1711 1549 legalium
1745 1502 1961 1541 hominum
1999 1505 2176 1553 partium

474 1556 678 1607 Hybernie
713 1558 878 1596 assideri
917 1559 1039 1597 faciat
1078 1564 1117 1597 et
1155 1560 1282 1597 teneri
1322 1561 1492 1599 assisam
1532 1562 1719 1601 vinorum
1758 1564 1800 1602 in
1841 1565 2061 1616 Hybernia,
2095 1570 2177 1605 tam

474 1619 522 1657 de
569 1619 674 1658 vinis
722 1619 823 1658 albis
870 1634 991 1670 quam
1049 1621 1096 1659 de
1143 1621 1249 1660 vinis
1306 1622 1451 1669 rubeis,
1509 1628 1628 1673 prout
1684 1626 1829 1665 melius
1883 1628 1975 1666 inde
2033 1629 2178 1668 viderit

474 1682 672 1731 expedire.
730 1683 848 1721 Teste
885 1687 931 1721 ut
971 1697 1103 1733 supra.

582 1770 802 1809 Mandatur
840 1771 968 1809 eidem
1006 1772 1228 1822 justiciario
1257 1773 1375 1822 quod,
1409 1773 1441 1811 si
1479 1774 1538 1811 illi
1567 1775 1635 1824 qui
1674 1775 1840 1815 fuerunt
1876 1791 1967 1816 cum
2002 1779 2178 1819 inimicis

473 1833 576 1882 regis
615 1846 696 1871 una
735 1846 827 1871 cum
866 1834 914 1871 R.
956 1834 1207 1882 Marescallo,
1250 1836 1455 1884 quondam
1495 1837 1641 1875 comite
1678 1838 1836 1885 Penbr'‚
1886 1841 1927 1878 in
1968 1843 2093 1891 prelio
2132 1844 2179 1881 de

474 1895 625 1934 Kildar’
665 1899 704 1934 et
742 1899 1025 1934 remanserunt
1059 1897 1108 1935 ad
1139 1900 1263 1936 terras
1293 1898 1564 1948 predictorum
1596 1900 1854 1939 inimicorum
1899 1906 2179 1944 custodiendas

472 1962 511 1997 et
565 1959 743 2008 dampna
799 1962 837 1997 et
893 1959 1132 2009 gravamina
1187 1960 1415 1999 intulerunt
1471 1961 1616 2000 vicinis
1673 1963 1756 2001 suis
1813 1965 2079 2006 existentibus
2136 1969 2178 2006 in

473 2021 639 2060 servicio
685 2021 789 2071 regis
838 2021 879 2059 in
928 2021 1112 2071 partibus
1160 2023 1254 2069 illis,
1288 2026 1414 2062 terras
1462 2037 1600 2062 eorum
1639 2025 1911 2075 depredando,
1951 2030 1999 2067 ad
2038 2043 2176 2080 pacem

471 2085 576 2133 regis
614 2084 750 2122 venire
792 2084 1008 2131 voluerint,
1054 2098 1120 2124 eos
1163 2087 1212 2124 ad
1256 2099 1394 2136 pacem
1443 2088 1547 2136 regis
1586 2088 1786 2138 recipiant
1836 2092 1916 2142 (sic)
1958 2095 1996 2130 et
2035 2094 2084 2132 ab
2123 2094 2178 2133 eis

471 2146 733 2185 sufficientem
776 2146 1098 2196 redemptionem
1142 2148 1191 2186 ad
1239 2161 1339 2197 opus
1383 2149 1486 2198 regis
1532 2149 1694 2199 capiant
1746 2152 1844 2203 (xic).
1924 2154 2041 2193 Teste
2088 2169 2178 2206 rege

472 2212 517 2247 ut
555 2222 688 2258 supra.

580 2288 820 2326 Mandatum
859 2290 919 2325 est
958 2287 1134 2326 Roberto
1172 2288 1219 2326 de
1261 2289 1482 2339 Stopeham
1533 2268 1766 2341 [canivlled].

579 2375 665 2413 Rex
703 2375 898 2424 magistro
937 2375 985 2412 R.
1027 2375 1308 2415 archidiacono
1360 2377 1592 2423 Oxoniensi‚
1638 2379 1825 2419 salutem.
1913 2381 2016 2421 Cum
2061 2397 2178 2434 super

469 2439 556 2488 jure
612 2440 850 2487 patronatus
907 2437 1121 2487 hospitalis
1180 2438 1320 2477 Sancti
1377 2439 1580 2478 Johannis
1638 2441 1792 2480 Oxonie
1850 2443 1965 2483 nobis
2022 2447 2176 2495 questio

472 2500 609 2538 referri
659 2513 739 2538 non
789 2499 914 2549 possit
963 2512 1035 2538 nec
1083 2499 1237 2547 debeat,
1279 2504 1418 2550 utpote
1465 2502 1534 2552 qui
1581 2516 1651 2552 pro
1699 2504 1828 2543 salute
1877 2510 2174 2548 antecessorum

470 2566 700 2601 nostrorum
739 2562 845 2600 idem
884 2562 1086 2611 hospitale
1124 2562 1386 2601 fundavimus
1424 2577 1470 2602 ac
1508 2565 1555 2603 de
1594 2565 1709 2605 bonis
1756 2569 1904 2606 nostris
1943 2569 2174 2619 ditavimus,

471 2625 667 2663 miramur
732 2637 813 2663 non
880 2625 1085 2662 modicum
1151 2637 1195 2663 ac
1259 2625 1407 2675 pariter
1472 2640 1684 2666 movemur
1757 2631 1862 2679 quod
1919 2645 2001 2678 vos,
2061 2633 2175 2673 nobis

470 2687 722 2737 irrequisitis,
784 2687 950 2724 fratrem
1008 2686 1262 2724 Willelmum
1319 2688 1383 2726 cui
1440 2689 1837 2730 administrationem
1906 2694 2175 2743 spiritualium

470 2750 650 2801 ejusdem
689 2749 834 2787 domus
873 2749 922 2786 ad
962 2751 1119 2798 tempus
1152 2750 1432 2789 commisimus
1464 2755 1711 2799 amoventes,
1744 2754 1886 2805 Elyam
1918 2757 2174 2806 capellanum

469 2813 650 2863 ejusdem
679 2811 895 2861 hospitalis
923 2811 1163 2860 magistrum
1195 2812 1419 2860 prefecistis
1448 2813 1490 2850 in
1522 2815 1627 2863 regie
1656 2815 1869 2865 dignitatis
1907 2820 2173 2869 prejudicium

469 2878 508 2913 et
545 2887 776 2924 gravamen.
836 2873 1030 2920 Quocirca
1070 2887 1142 2912 nos
1176 2875 1420 2924 requirimus
1455 2876 1627 2915 firmiter
1661 2878 1920 2927 prohibentes
1952 2895 2001 2919 ne
2031 2883 2173 2922 falcem

469 2940 644 2976 vestram
683 2936 860 2974 mittatis
897 2936 939 2973 in
976 2949 1147 2974 messem
1187 2937 1375 2983 alienam,
1420 2942 1479 2976 set
1518 2940 1653 2988 potius
1690 2941 1777 2991 jure
1816 2946 1947 2981 vestro
1994 2947 2174 2985 contenti

469 3001 535 3050 jus
572 3002 810 3049 patronatus
848 2999 952 3047 quod
990 2998 1033 3035 in
1068 2999 1175 3037 dicto
1204 2999 1397 3049 hospitali
1429 3001 1661 3041 obtinemus
1690 3004 1923 3052 perturbare
1953 3006 2170 3056 desistatis,

470 3062 632 3112 culpam
672 3061 951 3111 precedentem
990 3073 1059 3109 per
1101 3061 1339 3110 patientiam
1387 3063 1699 3114 subsequentem
1748 3067 1884 3105 taliter
1930 3069 2173 3110 redimentes

470 3138 520 3163 ne
557 3125 736 3162 decetero
774 3123 821 3161 de
859 3122 1007 3161 talibus
1042 3124 1091 3161 ad
1124 3137 1239 3162 aures
1269 3125 1570 3175 magnificentie
1600 3131 1735 3166 nostre
1763 3130 1922 3178 querela
1952 3133 2171 3180 perveniat.

471 3188 587 3225 Teste
625 3199 715 3235 rege
751 3185 856 3234 apud
895 3185 1312 3233 westmonasterium,
1352 3188 1475 3238 xxvij.
1516 3189 1579 3226 die
1618 3190 1730 3228 Maii.

578 3274 692 3311 Idem
731 3272 971 3310 mandatum
1019 3275 1079 3310 est
1126 3273 1292 3312 domino
1339 3274 1388 3312 R.
1429 3275 1721 3322 Lincolniensi,
1771 3280 1810 3315 et
1848 3279 1954 3328 quod
1992 3280 2058 3319 det
2096 3282 2172 3332 ipsi

468 3335 750 3376 archidiacono
797 3334 839 3372 in
887 3334 1091 3373 mandatis
1139 3338 1184 3374 ut
1232 3336 1338 3385 quod
1385 3341 1666 3387 presumptum
1714 3343 1775 3377 est
1822 3339 1872 3378 ab
1918 3354 1964 3380 eo
2011 3343 2053 3381 in
2095 3345 2170 3385 hac

468 3402 593 3450 parte,
634 3410 720 3436 sme
756 3409 866 3436 more
904 3396 1114 3446 dispendio
1152 3398 1313 3437 studeat
1349 3412 1544 3439 revocare.
1605 3401 1721 3440 Teste
1759 3414 1849 3452 rege
1889 3407 1933 3442 ut
1979 3417 2113 3455 supra.
