2375 3587
242 198 326 240 210

304 336 448 383 1235.

293 405 352 444 [ω.
379 401 451 441 23]

1170 199 1356 243 GLOSE
1395 199 1600 243 ROLLs.

645 413 723 449 Pro
774 414 983 450 executione
1039 414 1248 450 testamenti
1303 414 1383 449 Ado
1437 412 1724 451 statut-Rex
1779 411 1995 451 baronibus
2052 412 2133 451 suis
2190 413 2237 451 de

539 473 759 521 Scaccario‚
798 474 985 513 salutem.
1062 474 1165 521 Quia
1209 475 1477 523 protestatum
1522 476 1583 512 est
1622 486 1756 512 coram
1801 473 1918 513 nobis
1966 474 2071 524 quod
2109 474 2237 512 Adam

540 535 685 583 Stalin,
725 536 794 587 qui
842 549 882 574 se
931 536 1066 586 ipsum
1115 535 1345 575 vulneravit
1394 536 1444 574 ad
1493 538 1679 583 mortem,
1719 536 1899 575 condidit
1947 538 2237 575 testamentum

535 611 654 636 suum
692 598 740 636 de
776 598 933 636 catallis
975 598 1057 636 suis
1100 599 1320 647 antequam
1365 600 1599 644 moreretur,
1639 597 1911 636 concessimus
1949 598 2054 647 quod
2091 598 2239 636 catalla

535 672 606 698 sua
635 659 812 709 predicta
841 659 1121 709 relinquantur
1152 659 1201 696 ad
1228 659 1505 697 executionem
1529 659 1763 698 testamenti
1788 659 1850 697 sui
1877 659 1970 697 inde
1999 659 2237 698 faciendam.

536 721 853 760 Perdonavimus
891 721 1015 759 etiam
1054 720 1249 766 Johanni,
1290 733 1457 770 persone
1495 721 1542 759 de
1581 719 1827 771 Eysnesbir',
1868 721 1910 759 in
1950 722 2066 772 cujus
2114 734 2240 759 manu

535 783 700 822 fuerunt
729 782 906 832 predicta
933 782 1079 820 catalla
1106 781 1274 831 predicti
1304 783 1401 829 Ade,
1432 782 1579 832 viginti
1609 783 1758 821 solidos
1792 783 1841 821 ad
1870 795 1969 833 quos
1998 783 2239 822 amerciatus

537 845 615 884 fuit
644 858 777 884 coram
807 844 1041 894 justiciariis
1070 843 1220 882 nostris
1247 845 1394 883 ultimo
1422 844 1708 883 itinerantibus
1738 844 1779 882 in
1809 845 2006 883 comitatu
2027 845 2238 883 Huntend'

536 920 607 957 pro
645 906 875 945 detentione
912 906 1143 944 eorundem.
1222 907 1277 944 Et
1315 906 1402 944 ideo
1440 905 1552 945 vobis
1590 907 1832 945 mandamus
1869 907 1975 957 quod
2013 906 2238 956 predictum

538 968 767 1007 «Iohannem
817 971 900 1006 tam
952 967 1000 1005 de
1048 968 1204 1007 catallis
1243 968 1324 1006 illis
1379 981 1501 1019 quam
1553 968 1601 1006 de
1649 968 1839 1018 predictis
1904 968 2050 1019 viginti
2102 968 2240 1008 solidis

538 1030 719 1081 quietum
757 1043 842 1068 esse
880 1029 1051 1068 faciatis.
1128 1031 1244 1069 Teste
1283 1034 1327 1069 ut
1361 1043 1494 1080 supra.

646 1134 725 1171 Pro
762 1134 952 1179 (Iohanne,
985 1147 1149 1182 persona
1188 1136 1232 1171 de
1266 1133 1600 1183 Eyuesbir'.—Et
1633 1134 1873 1172 mandatum
1918 1137 1977 1173 est
2015 1133 2241 1173 vicecomiti

541 1196 670 1234 Hunt’
722 1195 828 1245 quod
879 1195 1056 1244 predicto
1108 1195 1303 1242 Johanni,
1350 1208 1518 1245 persone
1574 1196 1622 1234 de
1679 1195 1908 1246 Eynesbir’,
1959 1196 2007 1234 de
2055 1196 2243 1246 predictis

539 1257 684 1307 viginti
720 1256 858 1296 solidis
896 1269 1036 1306 pacem
1073 1256 1219 1296 habere
1257 1257 1480 1307 permittat.
1560 1258 1678 1296 Teste
1715 1270 1805 1307 rege
1839 1258 1945 1307 apud
1984 1257 2158 1297 Ditton’.

650 1363 727 1398 Pro
769 1363 941 1399 Get-ardo
979 1363 1021 1398 de
1060 1361 1600 1400 Furnirall’.—Mandatum
1639 1363 1699 1400 est
1737 1361 1963 1400 vicecomiti
2000 1361 2240 1412 Norbampt'

538 1423 643 1473 quod
690 1424 737 1462 de
789 1426 893 1462 terra
943 1424 1112 1462 Gerar-di
1158 1424 1205 1461 de
1255 1423 1480 1462 Furnivall’
1527 1436 1648 1474 quam
1693 1423 1798 1473 cepit
1841 1423 1882 1462 in
1930 1437 2100 1462 manum
2138 1425 2242 1474 regis

539 1498 608 1535 per
636 1488 868 1535 preceptum
898 1485 1014 1535 regis,
1036 1485 1141 1536 quod
1162 1485 1358 1524 turniavit
1379 1486 1485 1535 apud
1507 1485 1736 1535 Cantebrig’
1759 1487 1900 1524 contra
1928 1485 2242 1535 prohibitionem

538 1548 655 1597 regis,
696 1548 824 1585 eidem
875 1547 1052 1586 Gerardo
1104 1548 1267 1597 plenam
1320 1548 1512 1586 seisinam
1564 1547 1710 1586 habere
1762 1547 1897 1595 faciat,
1938 1548 2032 1598 quia
2076 1548 2243 1587 domino

540 1610 623 1659 regi
652 1609 849 1649 satisfecit
878 1622 997 1660 super
1035 1610 1395 1659 transgressionem
1437 1610 1674 1660 predictam.
1753 1610 1870 1648 Teste
1900 1623 1992 1660 rege
2020 1612 2065 1649 ut
2104 1623 2242 1660 supra.

650 1715 728 1750 Pro
780 1715 924 1750 Thema
972 1715 1106 1751 valetto
1156 1715 1331 1762 magyistri
1382 1713 1864 1751 Gentilis.-—Mandatun1
1911 1716 1971 1752 est
2017 1714 2244 1753 vicecomiti

542 1774 771 1824 Cantebrig'
802 1776 906 1825 quod
942 1775 1192 1814 Willelmum
1235 1775 1400 1822 Cocum,
1442 1775 1668 1814 Henricum
1711 1775 1902 1814 Muschet
1942 1778 1981 1814 et
2021 1775 2242 1814 Radulium

543 1837 717 1887 Segwin,
774 1838 842 1887 qui
894 1837 1167 1876 interfuerunt
1223 1836 1375 1876 roberie
1433 1840 1471 1876 et
1527 1837 1809 1876 wulnerationi
1867 1837 2049 1877 faciende
2103 1840 2243 1877 contra

540 1912 678 1949 pacem
718 1900 821 1949 regis
853 1900 1007 1938 Thome
1041 1900 1088 1937 de
1125 1899 1349 1948 Sprottrm',
1377 1899 1527 1938 valetto
1560 1900 1746 1949 magistri
1782 1900 1971 1947 Gentilis,
2001 1903 2040 1939 et
2074 1899 2244 1939 runcino

542 1974 611 1999 suo
650 1960 883 2000 abducendo
922 1961 964 1999 in
998 1963 1125 2010 janua
1159 1962 1206 1999 de
1240 1961 1495 2008 Burnewell',
1532 1961 1630 2000 visis
1668 1962 1815 2001 litteris
1848 1962 1937 2001 istis
1970 1962 2102 2012 capiat
2131 1965 2170 2001 et
2202 1963 2243 2000 in

540 2023 704 2072 prisona
741 2023 844 2073 regis
884 2023 994 2061 salvo
1033 2023 1233 2062 custodiat
1268 2023 1392 2062 donec
1431 2036 1454 2062 a
1492 2036 1582 2073 rege
1622 2023 1731 2062 aliud
1773 2023 1960 2063 habuerit
1990 2024 2244 2062 mandatum.

543 2084 660 2123 Teste
698 2088 743 2123 ut
781 2097 915 2134 supra.

649 2163 801 2201 Eodem
854 2163 972 2202 modo
1021 2164 1261 2202 mandatum
1316 2167 1376 2203 est
1428 2163 1655 2202 vicecomiti
1708 2163 1823 2203 Linc'
1874 2164 1921 2202 de
1970 2163 2145 2203 Roberto
2197 2165 2244 2203 de

542 2224 703 2275 Heyles,
761 2224 1061 2274 consanguineo
1117 2225 1301 2275 magistri
1351 2225 1399 2264 R.
1457 2225 1506 2264 de
1555 2225 1720 2276 Heyles,
1776 2226 2048 2265 archidiaconi
2102 2227 2247 2273 Linc';

541 2287 766 2326 vicecomiti
806 2287 921 2334 suff,
961 2288 1008 2326 de
1041 2288 1213 2327 Ricardo
1246 2288 1504 2339 Yggewurth’
1523 2303 1533 2333 ;
1572 2288 1798 2327 vicecomiti
1832 2288 1960 2336 Herf'‚
1995 2289 2042 2327 de
2074 2289 2244 2329 Eudone

542 2348 589 2386 de
628 2349 765 2387 Henl'.

652 2454 727 2490 Pro
785 2454 962 2492 Johanfne
1018 2456 1060 2491 de
1122 2454 1431 2503 Rama—Quia
1488 2454 1697 2493 Johannes
1753 2455 1800 2493 de
1856 2454 1993 2505 Burgo
2050 2455 2246 2495 satisfecit

542 2515 705 2554 domino
757 2515 839 2564 regi
890 2515 938 2553 de
988 2516 1305 2564 transgressione
1353 2528 1475 2566 quam
1533 2516 1630 2555 fecit
1687 2516 1903 2555 torniando
1960 2529 2089 2566 nuper
2138 2518 2244 2567 apud

543 2576 841 2626 Cantebrigiam
873 2577 957 2615 sine
988 2577 1152 2616 licentia
1180 2577 1297 2627 regis,
1325 2578 1565 2616 mandatum
1595 2581 1656 2616 est
1686 2578 1759 2617 vic’
1794 2578 1936 2617 Essex’
1969 2582 2007 2617 et
2037 2579 2243 2618 Hertford’

541 2639 647 2688 quod
686 2639 733 2676 de
770 2638 885 2676 terris
924 2638 1006 2676 suis
1044 2638 1086 2676 in
1124 2638 1273 2677 balliva
1311 2652 1384 2677 sua
1419 2652 1496 2689 que
1543 2639 1750 2678 occasione
1798 2640 1867 2678 illa
1914 2643 2028 2689 capte
2068 2643 2163 2680 sunt
2201 2642 2244 2680 in

543 2713 711 2738 manum
745 2699 848 2749 regis
882 2700 917 2738 ei
954 2700 1039 2738 sine
1072 2700 1266 2739 dilatione
1299 2700 1461 2750 plenam
1497 2701 1688 2739 seisinam
1721 2700 1866 2740 habere
1904 2702 2069 2741 faciant.
2129 2703 2245 2742 Teste

542 2775 631 2811 rege
668 2763 775 2812 apud
810 2762 1005 2802 Sanctum
1037 2762 1316 2809 Edmundum,
1350 2763 1431 2813 xxj.
1467 2762 1530 2801 die
1564 2762 1815 2802 Novembris.

651 2874 731 2910 Pro
798 2874 968 2910 Huberto
1036 2874 1363 2912 Hussat0.-—Rex
1432 2874 1628 2913 concessit
1696 2873 1880 2913 Huberto
1946 2875 2071 2914 Hues'
2140 2876 2244 2926 quod

542 2937 765 2974 mercatum
831 2935 937 2984 quod
1001 2935 1208 2974 consuevit
1270 2936 1488 2985 aliquando
1545 2935 1674 2974 teneri
1736 2937 1842 2985 apud
1904 2938 2131 2975 manerium
2196 2938 2244 2975 de

542 2996 799 3046 Northbrug'‚
836 2997 1016 3036 manerio
1054 2997 1123 3035 illo
1164 2998 1360 3036 existente
1404 2997 1446 3036 in
1489 3011 1614 3036 manu
1653 2998 1846 3037 Fulconis
1883 2998 1958 3036 filii
1997 2999 2165 3047 Warini‚
2205 3002 2244 3039 et

541 3059 647 3109 quod
685 3062 822 3108 postea
859 3059 1018 3104 decidit,
1059 3060 1208 3098 iterum
1251 3060 1448 3099 relevetur
1492 3063 1532 3099 et
1580 3063 1765 3099 teneatur
1802 3060 1973 3109 singulis
2006 3061 2243 3110 septimanis

542 3134 612 3172 per
648 3121 754 3159 diem
793 3121 949 3168 Martis,
990 3121 1093 3161 sicut
1142 3122 1253 3171 prius
1303 3122 1528 3169 tenebatur,
1569 3122 1648 3161 nisi
1698 3125 1917 3161 mercatum
1966 3122 2066 3161 illud
2104 3123 2157 3162 sit
2193 3124 2243 3162 ad

542 3185 833 3221 nocumentum
882 3182 1107 3221 vicinorum
1157 3187 1440 3223 mercatorum.
1524 3184 1580 3222 Et
1629 3183 1870 3222 mandatum
1915 3186 1974 3223 est
2018 3184 2242 3224 vicecomiti

540 3245 647 3283 Leic’
697 3244 803 3294 quod
851 3244 1076 3293 predictum
1125 3248 1348 3284 mercatum
1394 3258 1463 3295 per
1507 3248 1635 3285 totam
1675 3243 1866 3283 ballivam
1922 3257 2037 3284 suam
2075 3245 2241 3284 clamari

541 3309 580 3345 et
628 3306 753 3344 teneri
801 3305 935 3353 faciat,
975 3306 1079 3345 sicut
1128 3306 1352 3356 predictum
1401 3310 1473 3346 est.
1558 3307 1674 3346 Teste
1712 3319 1802 3357 rege
1839 3306 1945 3356 apud
1983 3306 2103 3353 Glar',
2143 3307 2240 3360 xxij.

542 3369 604 3407 die
643 3367 892 3407 Novembris.
