2375 3587
241 192 323 233 316

305 316 446 362 1236.

303 380 426 421 pas]

300 2664 344 2685 m.
361 2652 407 2694 2.]

1175 197 1359 243 CLosE
1404 197 1606 243 RoLLs

643 396 720 431 Pro
762 396 942 433 Fratibus
990 397 1296 434 Predc'catoribus
1342 396 1668 434 Fboz·acz'.—Rex
1717 395 1890 434 baillivis
1940 395 2023 434 Suis
2067 394 2239 434 Eboraci

532 456 719 496 salutem.
779 457 924 496 Sciatis
963 459 1068 507 quod
1114 458 1386 496 concessimus
1436 458 1647 496 Fratribus
1699 458 2020 497 Predicatoribus
2066 457 2239 497 Eboraci

531 518 702 566 placiam
767 519 879 557 illam
938 533 1059 569 quam
1119 520 1348 558 Willelmus
1405 520 1649 558 Malesoures
1709 520 1840 559 tenuit
1903 521 1950 559 de
2013 519 2129 559 nobis
2194 520 2236 557 in

530 580 805 629 Kingestoftes
858 582 897 618 in
958 581 1152 619 Eboraco.
1229 582 1284 619 Et
1332 581 1419 620 ideo
1467 581 1579 620 vobis
1638 582 1881 620 mandamus
1936 583 2042 633 quod
2098 596 2120 620 a
2175 582 2238 620 die

529 642 668 680 Sancti
708 643 916 681 Michaelis
955 644 995 680 in
1037 657 1097 682 xv.
1138 643 1220 681 dies
1259 657 1367 682 anno
1401 657 1465 681 xx.
1503 644 1559 682 eis
1595 644 1642 682 de
1673 643 1851 693 predicta
1884 644 2012 694 placia
2044 644 2234 682 saisinam

526 703 671 742 habere
704 705 874 743 faciatis.
952 705 1068 743 Teste
1107 709 1151 744 ut
1189 718 1322 754 supra.

635 813 712 848 I'ro
779 814 974 849 winiho-iis
1031 814 1163 855 tin-este
1219 815 1261 849 de
1323 815 1562 850 (J'aute›·1's.-
1579 813 1820 851 Mandatum
1885 815 1945 851 est
2011 813 2235 852 vicecomiti

526 871 698 911 Eboraci
747 873 853 922 quod
904 886 984 911 non
1038 877 1162 922 ponat
1214 873 1425 912 viridarios
1475 874 1621 912 foreste
1664 875 1711 912 de
1760 874 1946 912 (J'auteris
1995 874 2036 911 in
2082 875 2231 921 assisis,

522 933 665 983 juratis
703 935 764 973 vel
803 935 1153 984 recognitionibus,
1193 949 1284 974 cum
1324 936 1503 975 viridarii
1543 937 1762 975 secundum
1801 937 1968 974 assisam
2008 937 2152 975 foreste
2191 937 2232 975 in

522 996 672 1041 assisis,
711 997 855 1047 juratis
897 997 959 1036 vel
1010 998 1354 1048 recognitionibus
1405 999 1527 1048 poniQ
1578 1012 1660 1037 non
1712 998 1897 1037 debeant.
1975 999 2091 1037 Teste
2143 1012 2232 1048 rege

521 1059 627 1108 apud
665 1059 914 1106 Danecastr’,
952 1060 1073 1110 xxvij.
1115 1060 1178 1098 die
1220 1060 1481 1110 Septembris.

629 1169 705 1204 l-'rm
739 1169 847 1205 alm-to
891 1169 1150 1217 il'z'smiwze'ensi.
1170 1169 1413 1207 —-D01ninus
1460 1183 1527 1207 rex
1578 1168 1767 1207 adhibuit
1820 1182 2029 1207 assensum
2076 1170 2228 1219 regium

521 1228 703 1267 electioni
760 1231 861 1268 facte
914 1231 960 1268 de
1009 1230 1207 1279 magistro
1257 1231 1436 1269 Waltero
1483 1232 1530 1268 de
1579 1231 1797 1280 Cantilupo
1856 1231 1896 1268 in
1956 1231 2229 1281 episcopatum

524 1290 856 1339 wigorniensem.
934 1292 987 1330 Et
1040 1292 1279 1331 mandatum
1328 1296 1387 1331 est
1437 1293 1593 1331 custodi
1637 1293 1892 1342 episcopatus
1939 1293 2230 1342 wigorniensis

520 1353 624 1402 quod
682 1353 728 1391 de
780 1353 967 1391 omnibus
1018 1355 1145 1399 terris,
1202 1354 1424 1393 redditibus
1476 1359 1514 1393 et
1570 1354 1759 1393 omnibus
1810 1355 2127 1403 possessionibus
2179 1356 2227 1393 ad

520 1415 742 1464 predictum
795 1416 1067 1465 episcopatum
1119 1417 1416 1466 pertinentibus
1470 1418 1630 1467 plenam
1679 1417 1713 1455 ei
1766 1417 1962 1455 saisinam
2013 1418 2073 1456 vel
2121 1422 2227 1456 certo

518 1477 680 1516 muneio
704 1491 775 1516 suo
800 1478 953 1516 litteras
984 1492 1076 1516 suas
1106 1479 1140 1516 ei
1169 1479 1361 1517 deferenti
1393 1478 1538 1517 habere
1567 1479 1700 1517 faciat.
1762 1479 1879 1517 Teste
1907 1492 1995 1528 rege
2023 1483 2066 1517 ut
2094 1493 2225 1529 supra.

628 1557 682 1594 Et
737 1557 976 1595 mandatum
1028 1560 1087 1595 est
1144 1557 1356 1603 militibus,
1409 1557 1545 1596 liberis
1606 1558 1839 1597 hominibus
1899 1561 1974 1596 etc.
2031 1559 2136 1607 quod
2191 1559 2226 1597 ei

518 1622 726 1669 tamquam
761 1619 925 1657 domino
961 1632 1031 1657 suo
1061 1619 1101 1657 in
1133 1619 1323 1658 omnibus
1353 1624 1428 1659 etc.
1459 1620 1542 1658 sint
1573 1620 1829 1658 intendentes
1858 1622 1897 1658 et
1926 1621 2225 1670 respondentes.

524 1681 642 1720 Teste
682 1684 725 1719 ut
766 1694 898 1731 supra.

624 1790 678 1825 liv
740 1797 838 1825 terra.
887 1790 1063 1826 1172&an
1118 1791 1229 1827 Lae-el
1278 1790 1664 1829 c.1·tp›1‹l<›mla.--Rex
1731 1790 1964 1840 justiciariis
2026 1790 2109 1829 suis
2174 1791 2222 1829 ad

516 1851 737 1889 custodiam
769 1851 990 1889 -Judeorum
1022 1852 1253 1901 assignatis,
1286 1853 1474 1891 salutem.
1539 1853 1782 1891 Mandamus
1804 1853 1916 1892 vobis
1938 1854 2042 1903 quod
2063 1854 2223 1892 extendi

517 1913 674 1951 faciatis
714 1916 840 1951 totam
882 1918 1028 1952 terram
1071 1915 1269 1952 Willelmi
1309 1915 1436 1953 Luvel
1476 1915 1516 1952 in
1561 1915 1803 1961 Farenham,
1851 1919 2049 1965 quantum
2089 1916 2221 1954 valeat

517 1975 557 2012 in
606 1975 831 2020 dominicis,
882 1976 1102 2014 redditibus
1151 1980 1189 2015 et
1228 1977 1318 2015 aliis
1369 1990 1438 2026 per
1485 1990 1651 2023 annum,
1699 1990 1776 2026 que
1823 1978 1986 2027 quidem
2026 1981 2131 2016 terra
2162 1981 2222 2016 est

515 2037 677 2075 vadium
717 2038 849 2075 Aaron
889 2038 960 2075 filii
1002 2038 1159 2076 Abrahe
1194 2039 1240 2076 de
1275 2039 1426 2083 Lond⁷;
1467 2044 1506 2077 et
1546 2039 1765 2077 secundum
1797 2040 2031 2078 extensione
2063 2040 2219 2078 millam

514 2100 641 2137 eidem
683 2100 885 2138 Willelmo
925 2100 1185 2138 rationabiles
1230 2101 1425 2139 terminos
1465 2101 1610 2138 habere
1659 2101 1818 2140 faciatis
1857 2102 1904 2140 de
1943 2102 2078 2140 debito
2115 2103 2220 2152 quod

514 2162 619 2199 idem
677 2162 807 2199 Aaron
866 2162 914 2199 ab
962 2176 1007 2200 eo
1055 2164 1191 2212 exigit,
1243 2166 1282 2202 et
1342 2156 1621 2202 extensionem
1671 2164 1891 2212 predictam
1939 2167 1978 2203 et
2026 2165 2219 2203 terminos

515 2224 712 2272 predictos
747 2224 862 2262 nobis
901 2225 1001 2264 scire
1042 2225 1213 2264 faciatis.
1291 2225 1410 2263 Teste
1451 2239 1541 2275 rege
1580 2229 1624 2264 ut
1664 2239 1797 2275 supra.

623 2310 861 2348 Mandatum
901 2320 959 2348 est
1000 2311 1156 2349 custodi
1205 2311 1457 2361 episcopatus
1508 2311 1773 2350 Norwicensis
1821 2313 1925 2362 quod
1974 2325 2053 2351 non
2101 2317 2216 2352 vexet

514 2378 583 2410 aut
632 2376 769 2422 gravet
818 2373 1003 2411 homines
1047 2373 1094 2411 de
1143 2373 1271 2411 Lenn’
1322 2373 1516 2423 exigendo
1563 2373 1611 2411 ab
1657 2373 1712 2411 eis
1759 2374 1857 2413 alias
1904 2375 2216 2414 consuetudines

515 2448 635 2484 quam
696 2436 822 2474 facere
879 2440 1171 2474 consueverunt
1231 2439 1408 2485 tempore
1466 2435 1631 2481 Thome,
1690 2436 1893 2486 quondam
1951 2437 2216 2476 Norwicensis

513 2497 701 2546 episcopi,
743 2501 801 2535 set
841 2511 907 2535 eos
945 2498 1126 2537 modeste
1174 2498 1383 2536 tractando
1431 2497 1791 2536 consuetudinibus
1837 2502 1876 2537 et
1919 2499 2095 2539 serviciis
2140 2513 2216 2549 que

513 2563 609 2597 tunc
649 2560 776 2597 facere
815 2564 1109 2597 consueverunt
1148 2559 1199 2597 sit
1247 2563 1473 2598 contentus.
1550 2561 1665 2598 Teste
1704 2564 1748 2597 ut
1787 2573 1920 2609 supra.

620 2655 704 2692 Rex
744 2654 851 2692 dedit
891 2654 1070 2692 Johanni
1112 2654 1323 2692 Wascelin⁷
1365 2655 1417 2704 vj.
1454 2668 1610 2693 marcas
1649 2655 1697 2693 de
1735 2655 1879 2695 ultimo
1909 2656 2074 2705 tallagio
2111 2657 2215 2706 regis

510 2716 636 2754 assiso
686 2729 803 2765 super
852 2716 1037 2754 homines
1085 2716 1188 2765 regis
1235 2716 1281 2754 de
1331 2716 1534 2755 Carleton’
1575 2730 1650 2766 que
1699 2717 1915 2766 exiguntur
1964 2717 2014 2756 ab
2063 2719 2212 2757 eisdem

511 2778 745 2816 hominibus
793 2791 862 2826 per
910 2778 1271 2816 summonitionem
1318 2779 1513 2817 Scaecarii
1561 2779 1677 2828 regis.
1764 2779 1819 2817 Et
1867 2780 2105 2818 mandatum
2154 2784 2213 2819 est

511 2840 726 2878 baronibus
783 2840 830 2878 de
885 2840 1092 2879 Scaccario
1148 2841 1253 2890 quod
1303 2841 1500 2889 predic-tos
1557 2841 1743 2880 homines
1799 2842 1845 2880 de
1902 2842 2107 2881 Karleton'
2165 2843 2212 2880 de

510 2902 699 2952 predictis
738 2903 790 2952 vj.
830 2902 977 2941 marcis
1015 2902 1171 2951 quietos
1211 2915 1307 2948 esse,
1338 2906 1377 2941 et
1414 2903 1471 2941 ita
1500 2903 1713 2942 inrotulari
1743 2904 1907 2943 faciant.
1967 2904 2083 2943 Teste
2122 2917 2211 2954 rege

511 2965 617 3014 apud
660 2963 922 3013 Wirkeshop'‚
966 2963 1103 3014 xxviij.
1147 2963 1209 3002 die
1250 2963 1513 3014 Septembris.

620 3081 674 3116 De
723 3081 818 3116 vinis
861 3079 1371 3118 ca›·iandis.—Mandatum
1424 3083 1484 3118 est
1533 3079 1714 3118 Johanni
1763 3080 1810 3118 de
1851 3080 2056 3120 Colemere
2105 3082 2210 3132 quod

509 3142 556 3179 de
605 3141 709 3178 vinis
760 3141 863 3190 regis
902 3153 977 3189 que
1031 3144 1126 3178 sunt
1178 3141 1219 3177 in
1272 3141 1455 3180 custodia
1503 3155 1575 3180 sua
1621 3142 1726 3190 apud
1784 3142 2207 3189 Westmonasterium,

508 3202 648 3241 liberet
688 3201 991 3240 vicecomitibus
1030 3202 1157 3239 Lond’
1199 3202 1256 3252 iij.
1288 3203 1394 3240 dolia
1424 3203 1507 3240 Vini
1537 3215 1648 3241 recca
1685 3203 1874 3241 carianda
1911 3217 1990 3254 quo
2019 3204 2207 3242 dominus

510 3278 577 3302 rex
616 3264 651 3301 ei
690 3263 878 3313 precepit.
956 3263 1072 3301 Teste
1109 3276 1198 3313 rege
1237 3264 1341 3313 apud
1372 3263 1650 3314 Wyrkeshop‘‚
1685 3264 1822 3314 xxviij.
1853 3265 1915 3302 die
1946 3265 2206 3314 Septembris.

1163 3370 1175 3384 *
1195 3369 1360 3409 ‘ponant'
1386 3369 1419 3400 in
1446 3369 1519 3400 MS.
