2375 3587
158 349 304 398 1236.

159 417 216 455 [m.
235 414 304 456 12]

1043 232 1098 270 20
1139 229 1344 271 HENRY
1386 231 1468 272 ΠΙ.
2019 235 2102 277 269

398 421 502 472 regis
552 423 737 471 Eboraci,
786 425 833 463 de
880 428 1007 464 morte
1054 426 1201 465 Emme
1250 427 1331 465 filie
1375 428 1495 465 Alani
1540 428 1587 467 de
1639 430 1878 479 Surdevall',
1932 431 2023 470 odio
2061 435 2100 471 et

396 487 489 534 atya
536 489 574 524 et
622 499 703 524 non
750 500 795 526 eo
842 489 947 537 quod
995 489 1086 527 inde
1134 489 1348 539 culpabilis
1396 490 1461 536 sit,
1502 491 1741 530 mandatum
1780 496 1839 532 est
1873 493 2099 533 vicecomiti

396 546 568 586 Eboraci
606 549 724 599 quod,
765 550 797 587 si
835 550 1036 599 predictus
1075 551 1228 590 Alanus
1262 552 1370 590 filius
1402 552 1521 590 Alani
1556 553 1755 592 invenerit
1788 555 1823 593 ei
1856 556 1926 606 xij.
1956 556 2100 605 probos

395 612 433 647 et
471 610 619 660 legales
657 612 842 651 homines
880 616 970 659 etc„
1011 616 1107 652 tunc
1145 627 1238 652 eum
1277 614 1410 652 tradat
1447 615 1489 652 in
1524 614 1692 653 ballium
1727 620 1800 656 etc.
1860 618 1977 657 Teste
2011 633 2100 669 rege

393 672 500 721 apud
538 672 764 721 Merewell',
804 675 932 726 xxiiij.
972 676 1034 713 die
1073 676 1184 715 Maii.

503 796 595 833 Har.
654 797 711 833 De
741 798 839 833 'vinis
870 797 1397 835 libera›zzlz‘s.—Mandatuin
1428 800 1488 836 est
1518 798 1751 837 custodibus
1780 800 1967 839 vinorum
1998 803 2100 852 regis

395 856 514 895 Suht’
566 858 670 907 quod
724 858 796 908 iiij.
852 858 959 896 dolia
1010 858 1093 896 vini
1146 859 1193 897 (16
1243 860 1352 908 prisa
1401 861 1447 898 de
1486 860 1592 899 vinis
1642 862 1744 910 regis
1791 876 1867 912 que
1915 868 2009 902 sunt
2057 865 2097 902 in

392 919 574 957 custodia
622 933 692 958 sua
740 923 778 958 et
826 933 901 969 que
948 921 1051 958 lator
1100 921 1350 969 presentium
1401 935 1543 972 capere
1591 923 1763 961 voluerit
1802 924 1931 963 eidem
1982 926 2098 964 latori

392 979 551 1019 liberari
589 981 740 1020 faciant
777 982 967 1021 carianda
1006 996 1131 1033 usque
1167 983 1396 1024 Merewell’.
1456 985 1576 1023 Teste
1608 999 1697 1035 rege
1731 987 1835 1036 apud
1871 987 2097 1034 Merewell',

392 1056 482 1082 xxv.
523 1043 585 1082 die
625 1044 736 1082 Maii.

498 1166 553 1202 De
586 1168 858 1214 perdonatione
893 1181 962 1215 pra
1002 1168 1159 1204 Habet-to
1198 1170 1239 1204 (ἰν
1278 1168 1605 1206 macrum—Rex
1646 1170 1883 1218 perdonavit
1922 1171 2095 1211 Roberto

390 1227 436 1265 de
476 1227 645 1265 Ardern’
685 1241 752 1266 sex
790 1242 944 1267 marcas
987 1232 1027 1267 et
1071 1242 1108 1266 x.
1149 1230 1299 1268 solidos
1333 1243 1432 1280 quos
1486 1230 1602 1270 debet
1652 1232 1795 1270 Josceo
1846 1233 2096 1284 Presbytero,

388 1290 518 1328 Judeo
555 1291 752 1337 London’,
791 1295 830 1329 et
869 1292 956 1330 vult
989 1292 1094 1341 quod
1135 1293 1303 1341 predicti
1352 1306 1419 1331 sex
1468 1307 1599 1332 marce
1648 1298 1686 1332 et
1735 1308 1772 1332 x.
1814 1296 1929 1333 solidi
1968 1296 2096 1334 eidem

389 1352 518 1391 Judeo
556 1353 780 1392 allocentur
817 1354 858 1391 in
898 1353 1043 1392 debitis
1083 1355 1166 1392 suis
1205 1368 1279 1404 (1116
1319 1356 1400 1405 regi
1441 1356 1572 1394 debet.
1645 1357 1702 1395 Et
1750 1358 1990 1397 mandatum
2039 1363 2098 1397 est

387 1414 622 1464 justiciariis
677 1416 727 1453 ad
783 1416 1007 1455 custodiam
1068 1416 1291 1455 Judeorum
1359 1418 1577 1467 assignatis
1644 1420 1749 1469 quod
1810 1420 1865 1458 sic
1923 1420 2009 1459 fieri
2059 1425 2097 1460 et

388 1476 599 1515 inrotulari
634 1477 798 1516 faciant.
885 1478 1002 1516 Teste
1042 1491 1131 1528 rege
1171 1484 1214 1516 ut
1255 1492 1387 1529 supra.

496 1599 575 1635 Pro
614 1600 765 1647 Aglatluc
808 1613 875 1648 que
904 1602 989 1648 fuit
1030 1614 1124 1637 zmor
1171 1602 1351 1638 Willelmi
1398 1603 1439 1637 de
1478 1602 1992 1641 Achinima—Mandatum
2036 1608 2096 1642 est

387 1660 558 1699 Ricardo
597 1661 644 1698 (16
683 1661 721 1699 111
760 1661 859 1698 Lad'
900 1662 1005 1710 quod
1045 1662 1092 1699 de
1135 1662 1251 1700 terris
1289 1676 1365 1712 que
1407 1663 1653 1712 contingunt
1685 1664 1841 1713 Agathe
1874 1665 2094 1705 Trussebut

385 1735 461 1773 que
503 1723 581 1761 fuit
624 1736 723 1762 uxor
763 1723 957 1762 Willehni
1004 1724 1052 1762 de
1097 1724 1320 1771 Albffliaco,
1366 1729 1449 1763 tam
1493 1726 1539 1763 de
1582 1726 1805 1765 hereditate
1854 1740 1925 1766 sua
1972 1741 2093 1777 quam

385 1785 550 1823 nomine
583 1785 688 1824 dotis
722 1798 790 1823 3116
824 1799 900 1835 (1116
932 1786 981 1824 11(1
1013 1799 1100 1824 611111
1136 1787 1310 1836 pertinet
1340 1788 1387 1826 de
1417 1788 1533 1826 terris
1566 1801 1643 1837 que
1674 1788 1839 1828 fuerunt
1870 1789 1990 1839 primi
2020 1791 2095 1829 viri

386 1848 461 1894 sui,
512 1861 611 1898 quas
659 1848 820 1898 quidem
871 1851 997 1886 terras
1052 1849 1186 1899 [cepit]
1237 1849 1278 1887 in
1328 1862 1496 1887 manum
1546 1851 1648 1900 regis
1695 1852 1902 1890 occasione
1951 1853 2094 1892 mortis

386 1910 511 1960 ipsius
540 1911 747 1957 Willehni,
780 1911 909 1961 ipsam
943 1911 1027 1949 sine
1065 1911 1259 1950 dilatione
1298 1913 1469 1951 reseisiri
1509 1913 1644 1952 faciat.
1703 1914 1821 1952 Teste
1860 1928 1949 1964 rege
1988 1916 2093 1965 apud

386 1973 615 2020 Mei-ewell’,
657 1974 762 2024 xxvj.
802 1973 866 2011 (116
905 1973 1015 2011 Maii.

494 2061 649 2099 Eodem
689 2061 807 2099 modo
846 2060 1085 2099 mandatum
1115 2065 1174 2100 est
1206 2062 1360 2112 Rogero
1393 2063 1439 2101 de
1474 2063 1617 2101 Essex'
1647 2077 1717 2113 pro
1751 2064 1889 2103 eadem
1920 2065 2092 2114 Agatha.

385 2122 502 2161 Teste
540 2127 584 2161 ut
623 2136 756 2173 supra.

489 2255 619 2292 leei.
688 2256 744 2291 De
794 2262 892 2291 terra
942 2256 1106 2292 Hem-iri
1151 2257 1192 2291 de
1244 2257 1387 2304 ‘'aprll’
1440 2257 1982 2295 e.‹1t12wl‹2n‹l‹1,ffiMandatum
2033 2261 2091 2296 est

381 2317 615 2368 justiciariis
658 2317 707 2354 ad
747 2317 969 2355 custodiam
1010 2317 1232 2355 Judeorum
1272 2319 1491 2364 assignatis
1536 2320 1639 2367 quod
1684 2333 1752 2368 per
1793 2323 2089 2358 sacramentum

383 2378 598 2429 proborum
637 2382 676 2417 61
728 2379 920 2428 legalium
970 2379 1184 2416 hominum
1237 2380 1397 2417 extendi
1450 2381 1602 2418 faciant
1649 2384 1797 2419 terram
1837 2381 2004 2420 Henrici
2043 2383 2090 2420 (16

383 2441 516 2491 Capel‘
552 2441 594 2478 in
625 2441 852 2487 Osterfeld',
889 2454 964 2490 que
997 2443 1056 2479 est
1086 2441 1251 2479 vadium
1282 2442 1493 2480 Benedicti
1524 2444 1705 2492 Crespin,
1735 2442 1874 2481 Jacobi
1907 2443 2087 2493 Crespin,

383 2504 483 2553 Elye
518 2503 591 2540 filii
626 2503 834 2541 Benedicti
882 2503 918 2541 le
968 2503 1130 2548 Evesk'‚
1167 2503 1388 2542 Judeorum
1428 2505 1628 2550 London’,
1684 2506 1812 2544 Ysaac
1851 2506 2003 2543 Blundi
2051 2510 2089 2544 et

383 2565 476 2604 Cok'
517 2565 653 2603 fratris
682 2566 782 2616 ejus,
821 2565 1044 2603 Judeorum
1082 2565 1348 2615 Cantebrigie,
1380 2567 1576 2613 videlicet,
1616 2572 1813 2617 quantum
1853 2568 1983 2606 valeat
2021 2582 2089 2618 per

379 2641 533 2665 annum
573 2628 613 2665 in
653 2627 912 2665 domininicis
950 2627 1186 2673 redditibus,
1228 2628 1417 2675 serviciis,
1451 2629 1679 2678 villenagiis
1711 2633 1749 2668 et
1781 2629 1969 2668 omnibus
1998 2630 2088 2669 aliis

379 2689 553 2729 exitibus
587 2694 702 2734 terre,
732 2693 783 2736 et,
813 2690 920 2728 facta
947 2690 1181 2728 extensione
1213 2691 1402 2739 predicta,
1439 2691 1568 2729 eidem
1600 2692 1777 2731 Henrico
1806 2692 2086 2731 rationabilem

379 2752 502 2790 finem
553 2755 592 2790 et
639 2752 898 2790 rationabiles
943 2752 1138 2791 terminos
1191 2752 1335 2791 habere
1382 2753 1535 2792 faciant
1582 2754 1631 2792 ad
1678 2754 1812 2792 debita
1857 2756 1897 2792 in
1942 2755 2086 2804 quibus

379 2815 581 2865 predictus
621 2815 761 2853 Judeis
799 2817 960 2853 tenetur
997 2815 1199 2853 reddenda
1238 2817 1458 2854 secundum
1488 2817 1663 2855 valorem
1700 2817 1873 2866 predicte
1908 2820 2008 2855 terre
2048 2820 2086 2855 et

378 2877 647 2927 quantitatem
692 2877 961 2927 predict-orum
997 2876 1239 2925 debitorum,
1280 2878 1336 2916 ita
1387 2879 1491 2928 quod
1539 2879 1701 2917 interim
1750 2883 1906 2918 cessent
1954 2893 2085 2919 usure.

380 2940 496 2979 Teste
531 2952 621 2989 rege
655 2943 699 2977 ut
738 2953 871 2989 supra.

484 3073 541 3108 De
568 3074 688 3119 sit-ma
723 3071 857 3107 banio-e
894 3072 935 3106 de
978 3071 1404 3108 Perea—Mandatum
1447 3074 1507 3109 631
1555 3072 1730 3110 Radulfo
1772 3072 1856 3110 filio
1895 3072 2082 3111 Nicholai

376 3134 481 3183 quod
538 3138 620 3171 tam
678 3132 838 3169 firmam
891 3132 1036 3169 ballive
1088 3133 1134 3170 de
1187 3133 1312 3170 Pecco
1368 3134 1415 3170 de
1472 3134 1644 3171 termino
1698 3134 1848 3172 Pasche
1901 3134 2082 3183 proximo

376 3196 565 3245 preterito
616 3207 722 3232 anno
778 3197 852 3232 etc.
912 3207 975 3231 xx.
1029 3208 1151 3243 quam
1208 3195 1345 3232 omnia
1394 3195 1473 3233 alia
1526 3209 1601 3245 que
1652 3200 1791 3245 postea
1839 3197 1987 3245 recepit
2034 3197 2081 3234 (16

375 3257 549 3296 exitibus
605 3256 783 3306 ejusdem
842 3255 987 3293 ballive
1043 3256 1128 3294 sine
1194 3257 1388 3294 dilatione
1454 3257 1594 3296 liberet
1649 3258 1828 3295 ε10111111111
1893 3257 2077 3303 Gubaud,

375 3318 671 3357 constabulario
709 3318 756 3355 de
790 3317 928 3363 Pecco,
959 3317 1009 3355 ad
1045 3317 1274 3356 instaurum
1313 3319 1528 3356 emendum
1571 3320 1673 3357 sicut
1712 3332 1778 3356 rex
1816 3320 1850 3357 ei
1890 3320 2075 3368 precepit

378 3382 494 3420 Teste
533 3393 623 3429 rege
661 3379 766 3429 apud
807 3379 991 3418 Merewel
1013 3380 1035 3425 '‚
1075 3380 1198 3431 xxvij.
1237 3380 1301 3419 die
1336 3381 1447 3418 Maii.

411 3468 530 3498 te*
