2375 3587
229 181 281 220 94

288 310 430 358 1235.

280 378 339 417 [m.
367 376 441 420 11]

1165 186 1350 229 OLOSE
1394 187 1598 229 ROLLs.

643 384 715 420 Pro
746 385 915 421 Henm‘eo
949 387 991 421 de
1021 383 1531 423 &accarim—Mandatum
1575 386 1635 421 est
1676 382 1893 422 baronibus
1935 383 1982 421 de
2025 381 2230 421 Scaccario

527 445 632 493 quod
680 445 727 483 de
775 446 830 496 xj.
889 445 1014 492 libris,
1066 446 1220 485 duobus
1277 446 1415 484 solidis
1472 448 1510 484 et
1567 445 1721 484 duobus
1776 444 1962 491 denariis,
2009 457 2108 494 quos
2163 456 2231 492 per

526 507 884 546 summonitionem
926 507 1123 546 Scaccarii
1161 507 1328 556 exigunt
1366 508 1412 545 de
1452 507 1628 545 Henrico
1662 507 1708 545 de
1746 506 1951 546 Scaccario
1989 506 2036 544 de
2074 505 2230 544 catallis

525 580 600 617 que
638 569 803 607 fuerunt
842 569 1043 607 Bertrami
1082 570 1129 607 de
1169 569 1319 607 Crioill’
1360 568 1401 606 in
1440 568 1619 606 manerio
1658 569 1704 606 de
1743 568 1968 613 Molesord’,
2009 580 2085 616 que
2123 567 2227 604 idem

525 629 725 668 Henricus
764 634 943 679 tempore
980 644 1057 680 quo
1096 630 1174 668 fuit
1218 630 1436 668 vicecomes
1479 633 1616 668 noster
1653 629 1788 675 Berk',
1830 629 2009 667 vendidit
2051 627 2230 667 Johanni

526 692 773 737 Mar-escallQ
806 696 844 731 et
875 706 972 743 quas
1010 693 1064 743 xj.
1097 692 1233 738 libras,
1267 692 1309 741 ij.
1347 692 1494 730 solidos
1524 695 1563 730 et
1598 692 1638 742 ij.
1673 691 1857 729 denarios
1891 691 1996 729 idem
2028 690 2229 728 Heni-icus

524 752 709 792 liberavit
743 754 796 792 H.
833 755 879 792 (le
914 755 1050 804 Burgo
1094 754 1233 793 comiti
1278 754 1442 798 Kancie‚
1482 757 1580 792 tunc
1627 753 1852 803 justiciario
1893 756 2030 791 nostro
2070 752 2228 801 Anglie,

526 828 596 864 pro
635 815 769 854 debito
807 816 912 865 quod
956 816 1060 854 idem
1100 816 1285 854 Bertram
1324 816 1359 852 ei
1404 814 1555 861 debuit,
1597 815 1730 864 ipsum
1778 814 2003 853 Henricum
2047 814 2229 864 quietum

525 890 611 915 esse
657 877 821 916 faciant.
910 878 1026 916 Teste
1080 890 1170 927 rege
1228 877 1333 927 apud
1396 877 1819 923 Westmonasterium,
1869 877 1950 927 xxj.
2000 877 2062 915 die
2117 875 2227 913 Maii.

526 939 601 977 Per
634 939 863 988 episcopum
904 940 1213 978 Car-leolensem.

638 1056 692 1092 De
720 1057 921 1104 quercubus
954 1055 1367 1093 ‹latim—Mandatum
1400 1056 1459 1092 est
1494 1054 1721 1092 vicecomiti
1756 1054 1908 1093 Kancie
1940 1054 2045 1103 quod
2085 1053 2229 1091 habere

526 1116 646 1155 faciat
684 1117 766 1155 Ade
804 1117 888 1155 filio
931 1117 1121 1155 Willelmi
1156 1131 1194 1154 x.
1234 1129 1402 1166 quercus
1446 1117 1487 1154 in
1527 1116 1645 1155 bosco
1693 1117 1797 1166 regis
1845 1117 1892 1154 de
1940 1116 2142 1154 Mereden'
2183 1116 2230 1154 de

525 1178 630 1216 dono
668 1179 786 1228 regis,
818 1179 879 1217 vel
918 1179 1012 1217 alibi
1052 1179 1093 1216 in
1133 1179 1261 1217 boscis
1300 1178 1403 1227 regis
1443 1178 1484 1216 in
1524 1177 1645 1216 ballia
1683 1191 1767 1216 sua.
1839 1179 1956 1217 Teste
1994 1181 2039 1216 ut
2070 1191 2202 1228 supra.

634 1295 709 1330 Pro
747 1295 936 1330 heredibus
977 1296 1109 1331 Thome
1159 1295 1235 1337 filii
1284 1294 1758 1332 Ant0nz·z·.—Mandatun1
1809 1297 1869 1332 est
1919 1294 2141 1344 justiciario
2193 1296 2231 1332 et

526 1356 776 1393 thesaurario
838 1356 1031 1394 Hibernie
1090 1357 1194 1405 quod
1256 1356 1511 1402 demandam,
1580 1370 1702 1406 quam
1750 1369 1820 1406 per
1872 1356 2229 1395 summonitionem

529 1416 723 1455 Scaccarii
763 1417 957 1455 Hibernie
997 1417 1152 1456 faciunt
1197 1417 1410 1455 heredibus
1464 1418 1617 1456 Thome
1666 1418 1739 1455 filii
1778 1418 1946 1456 Antonii
1993 1418 2040 1456 de
2087 1417 2231 1456 debitis

526 1479 704 1528 ejusdem
758 1479 923 1522 Thome,
975 1483 1128 1528 ponant
1174 1480 1214 1516 in
1264 1484 1488 1529 respectum
1541 1480 1735 1529 quamdiu
1779 1483 1893 1526 terre,
1941 1492 2016 1529 que
2069 1480 2231 1517 fuerunt

525 1539 704 1588 ejusdem
730 1539 883 1577 Thome
912 1539 953 1576 in
984 1540 1064 1577 Des
1094 1543 1132 1578 et
1163 1540 1365 1578 Desmunt
1398 1540 1547 1578 fuerint
1579 1540 1619 1578 in
1650 1553 1774 1578 manu
1804 1541 1908 1590 regis
1935 1541 1996 1578 vel
2025 1553 2231 1590 quousque

525 1601 634 1638 aliud
680 1614 701 1638 a
760 1614 848 1650 rege
914 1601 1153 1640 mandatum
1207 1601 1437 1640 habuerint.
1511 1603 1626 1641 Teste
1689 1615 1779 1652 rege
1828 1602 1934 1651 apud
1987 1602 2230 1648 Geldeford’,

528 1663 638 1713 xxiij.
676 1663 738 1700 die
777 1663 889 1701 Maii.

635 1780 715 1814 I'ro
756 1780 933 1826 mayistm
968 1786 1000 1815 et
1026 1780 1221 1827 fratribus
1262 1780 1407 1816 Milicie
1456 1778 1913 1827 Templi.-Mandatum
1952 1781 2011 1817 est
2050 1778 2231 1817 Johanni

525 1840 571 1877 de
625 1839 828 1877 Colemere
883 1841 988 1889 quod
1038 1840 1084 1878 de
1141 1840 1245 1878 vinis
1302 1841 1405 1890 regis
1461 1853 1536 1890 que
1581 1844 1676 1879 sunt
1723 1841 1764 1878 in
1826 1841 2006 1879 custodia
2062 1853 2134 1878 sua
2189 1841 2231 1877 in

527 1902 670 1939 celario
730 1902 1091 1948 westmonasterii,
1146 1902 1266 1940 faciat
1317 1902 1462 1941 habere
1513 1903 1707 1951 magistro
1753 1906 1792 1942 et
1850 1902 2042 1941 fratribus
2082 1903 2231 1941 Milicie

526 1963 682 2012 Templi
721 1964 762 2000 in
803 1964 948 2012 Anglia
986 1964 1064 2001 duo
1093 1964 1199 2001 dolia
1237 1964 1319 2002 vini
1353 1964 1400 2002 de
1439 1964 1543 2003 dono
1582 1965 1684 2013 regis
1717 1968 1858 2004 contra
1904 1964 2229 2003 convocationem

525 2026 690 2074 capituli
729 2027 804 2064 sui.
864 2027 979 2064 Teste
1010 2039 1099 2075 rege
1134 2027 1239 2075 apud
1278 2026 1542 2073 Wintoniam,
1583 2040 1673 2065 xxv.
1715 2027 1775 2066 die
1813 2027 1925 2066 Maii.

634 2151 691 2187 J’e
729 2152 929 2198 qam-enheas
977 2150 1387 2189 «latis-Mandatum
1433 2154 1491 2189 est
1536 2151 1716 2190 Johanni
1766 2152 1813 2190 de
1861 2152 2005 2190 Nevill'
2045 2152 2150 2201 quod
2189 2153 2229 2189 in

528 2212 677 2249 foresta
718 2212 765 2249 de
808 2212 966 2250 Salceto
1018 2212 1139 2250 faciat
1196 2212 1341 2250 habere
1388 2213 1576 2262 priorisse
1613 2214 1661 2251 de
1723 2214 1935 2253 Sewardel’
1986 2227 2023 2251 v.
2062 2227 2231 2263 quercus

526 2274 575 2310 ad
620 2274 963 2312 reedificationem
1012 2274 1155 2312 domus
1205 2287 1287 2321 sue,
1337 2287 1412 2324 que
1460 2275 1670 2314 combusta
1727 2279 1799 2323 est,
1846 2276 1894 2314 de
1952 2276 2058 2314 dono
2115 2276 2229 2325 regis.

529 2334 645 2373 Teste
683 2338 727 2373 ut
767 2348 900 2384 supra.

634 2461 712 2497 Pro
752 2461 908 2497 J-ssoberta
948 2462 989 2497 de
1029 2460 1418 2509 Meys’.—R0bertus
1457 2461 1503 2498 de
1542 2461 1670 2512 Meisy
1708 2462 1749 2499 in
1788 2462 1898 2500 curia
1935 2462 2089 2501 domini
2127 2462 2232 2512 regis

526 2535 659 2561 coram
697 2522 874 2560 Jordano
914 2522 1074 2569 Oliveri‚
1124 2522 1299 2561 Roberto
1351 2524 1398 2561 de
1446 2523 1690 2571 Blakeford‘‚
1731 2524 1935 2563 Willelmo
1968 2525 2014 2562 de
2052 2525 2229 2564 Draicot⁷

525 2588 564 2622 et
620 2584 825 2622 Willelmo
879 2584 963 2622 filio
1031 2584 1213 2631 Henrici,
1270 2585 1505 2635 justiciariis
1564 2585 1666 2634 regis
1725 2586 1774 2624 ad
1839 2587 1914 2625 hoc
1984 2587 2228 2634 constitutis,

526 2646 772 2696 recuperavit
802 2646 992 2684 seisinam
1022 2647 1296 2685 advocationis
1326 2647 1475 2696 capelle
1503 2647 1551 2685 de
1580 2647 1824 2686 Corscumbe
1850 2661 1988 2687 versus
2016 2649 2230 2698 Hugonem

525 2708 572 2746 de
611 2708 755 2746 Vivon’
796 2721 865 2758 per
902 2708 1071 2746 assisam
1110 2708 1254 2746 ultime
1293 2709 1603 2758 presentationis
1632 2710 1737 2759 apud
1776 2710 1980 2749 Ivelcestr'
2021 2710 2127 2749 inter
2164 2724 2230 2749 eos

526 2770 617 2808 inde
655 2774 828 2819 captam.
914 2771 970 2807 Et
1009 2771 1250 2808 mandatum
1289 2774 1349 2809 est
1384 2771 1422 2808 J.
1464 2771 1731 2810 Bathoniensi
1765 2772 1951 2822 episcopo
1989 2773 2109 2822 quod,
2148 2786 2229 2811 non

526 2832 711 2871 obstante
758 2832 1045 2871 reclamatione
1092 2832 1260 2882 predicti
1308 2833 1509 2883 Hugonis‚
1560 2834 1610 2872 ad
1657 2834 1879 2884 predictam
1936 2835 2130 2884 capellam
2181 2836 2230 2873 ad

526 2895 867 2943 presentationem
905 2895 1083 2945 ejusdem
1124 2894 1289 2935 Roberti
1332 2895 1518 2934 idoneam
1566 2909 1777 2946 personam
1825 2897 2027 2936 admittat.
2114 2897 2230 2936 Teste

527 2969 617 3006 rege
656 2957 761 3006 apud
800 2956 1068 3003 Wintoniam,
1109 2957 1216 3007 xxvj.
1257 2957 1320 2995 die
1359 2957 1470 2996 Maii.

637 3080 714 3116 Pro
766 3080 1006 3118 Helebrando
1056 3082 1097 3117 de
1147 3081 1604 3128 Blayer.—Mandatum
1661 3084 1721 3119 est
1777 3082 1920 3131 majori
1976 3085 2015 3120 et
2071 3082 2228 3122 ballivis

531 3140 647 3180 Suht'
687 3140 792 3190 quod
825 3141 1002 3180 ducenta
1035 3144 1074 3179 et
1111 3142 1378 3191 quadraginta
1423 3142 1625 3192 quarteria
1672 3143 1881 3190 frumenti,
1930 3156 2006 3193 que
2054 3144 2228 3183 Iweinus

531 3203 675 3251 Sprug‘
716 3206 887 3242 rettatus
920 3204 968 3242 de
1006 3204 1180 3254 quodam
1214 3204 1432 3243 homicidio
1463 3205 1569 3244 facto
1602 3205 1708 3254 apud
1741 3205 1872 3253 Sum,
1905 3205 2071 3244 adduxit
2105 3220 2228 3257 usque

531 3263 647 3302 Suht'
688 3267 726 3301 et
764 3277 840 3314 que
879 3268 975 3304 sunt
1016 3265 1182 3304 Henrici
1221 3266 1381 3315 Sprug',
1421 3267 1547 3316 patris
1585 3266 1659 3313 sui,
1708 3269 1753 3305 ut
1799 3279 1867 3305 rex
1912 3267 2113 3307 intellexit
2160 3281 2229 3318 per

528 3325 831 3374 inquisitionem
878 3326 1029 3365 factam
1079 3339 1147 3376 per
1201 3331 1434 3377 preceptum
1482 3341 1614 3374 suum,
1663 3327 1832 3367 liberent
1879 3328 2135 3368 Helebrando
2180 3331 2227 3368 de
