2375 3587
179 360 321 405 1236.

182 426 240 463 [m.
261 424 326 464 is]

1058 231 1113 270 20
1154 228 1360 270 HENRY
1400 229 1484 270 ΠΙ.
2042 234 2124 275 265

420 427 697 477 Wyntoniam,
732 427 789 465 ita
823 427 928 477 quod
968 440 1035 464 rex
1075 439 1140 464 eas
1174 426 1320 464 habeat
1354 425 1501 464 ibidem
1541 426 1581 463 in
1618 427 1919 477 sollempnitate
1951 431 2127 479 predicte

418 491 684 528 Pentecostes.
772 490 826 527 Et
865 503 956 528 cum
996 503 1064 527 rex
1102 502 1167 527 eas
1205 488 1407 538 receperit,
1449 488 1603 526 litteras
1652 503 1744 528 suas
1791 491 1838 529 de
1887 491 2052 530 liberate
2090 494 2124 531 ei

419 551 563 589 habere
604 552 738 590 faciet.
826 552 941 590 Teste
965 565 1054 601 rege
1093 552 1199 601 apud
1236 550 1463 591 Mortelalff,
1504 550 1603 600 xiiij.
1644 551 1706 589 die
1747 553 1857 590 Maii.

532 666 680 702 Turris.
740 666 794 702 De
832 666 1040 702 balistariis
1080 666 1201 701 missis
1240 665 1289 701 ad
1334 665 1482 700 Turrim
1524 665 1858 703 Lr›}ae‹!‹»z'.—Rex
1895 666 2041 704 dilecto
2084 670 2123 705 et

417 726 524 764 fideli
577 739 649 765 suo
700 726 866 775 Hugoni
921 726 1101 770 Giffard',
1154 724 1452 764 constabulario
1501 725 1638 764 Turris
1686 726 1884 768 London'.
1936 728 2122 767 salutem.

418 787 623 826 Mittimus
670 788 718 826 ad
767 801 836 826 105
875 788 1105 826 Johannem
1156 788 1202 825 de
1242 787 1460 832 Valentin',
1502 786 1767 833 balistarium,
1812 789 1879 838 qui
1929 790 2036 839 capit
2083 791 2124 828 in

415 850 478 888 die
516 854 669 900 septem
709 851 892 889 denarios
931 854 970 888 et
1008 850 1187 895 obolum,
1228 850 1277 888 ad
1316 850 1535 888 videndum
1583 863 1722 888 omnes
1762 850 1928 889 balistas
1968 856 2125 891 nostras

415 926 491 962 que
539 916 633 950 sunt
681 913 722 950 in
772 913 952 962 predicta
999 912 1099 951 turri
1148 916 1186 950 et
1229 913 1276 950 ad
1324 911 1617 950 incordandum
1661 916 1699 950 et
1743 914 2011 962 reparandum
2059 928 2125 953 eas

414 988 489 1024 que
547 974 821 1013 incordatione
888 978 926 1012 et
991 974 1071 1012 alia
1127 974 1410 1012 emendatione
1467 974 1663 1023 indigent.
1760 975 1814 1013 Et
1870 975 1957 1013 ideo
2013 977 2124 1015 vobis

415 1036 658 1074 mandamus
709 1037 814 1086 quod
867 1036 1001 1086 ipsum
1054 1036 1103 1074 ad
1155 1036 1230 1074 hoc
1282 1036 1544 1074 admittentes
1597 1036 1887 1085 inspectionem
1940 1039 2123 1076 omnium

414 1097 651 1136 balistarum
704 1102 936 1137 nostrarum
989 1098 1117 1136 eidem
1168 1097 1314 1136 habere
1368 1098 1538 1142 faciatis,
1592 1098 1846 1147 assignantes
1902 1099 2029 1137 eidem
2083 1101 2123 1137 in

413 1161 551 1198 eadem
610 1160 727 1197 Turri
785 1161 918 1198 locum
977 1163 1272 1208 competentem
1330 1160 1379 1197 ad
1438 1160 1689 1209 operationes
1752 1174 1843 1198 suas
1905 1161 2124 1200 faciendas.

413 1222 616 1260 Mittimus
654 1223 774 1261 etiam
814 1224 863 1260 ad
897 1236 966 1260 105
1006 1222 1183 1272 (J'ruyllot'
1225 1221 1477 1259 balistarium
1517 1226 1556 1259 et
1596 1222 1831 1271 Philippum
1870 1236 2121 1271 conversum,

412 1297 584 1334 quorum
647 1290 812 1334 uterque
871 1285 978 1334 capit
1039 1284 1079 1321 in
1140 1285 1202 1321 die
1263 1288 1435 1333 quatuor
1496 1284 1680 1322 denarios
1741 1291 1779 1322 et
1841 1284 2016 1332 obolum,
2076 1287 2123 1324 ad

412 1347 663 1396 operationes
707 1346 1009 1384 balistariorum
1054 1346 1258 1384 faciendas
1302 1346 1342 1383 in
1381 1347 1519 1384 eadem
1562 1346 1692 1393 Turi-i,
1733 1347 1975 1387 mandantes
2013 1348 2124 1387 vobis

411 1409 517 1458 quod
579 1422 644 1447 eos
708 1409 895 1447 similiter
957 1409 1006 1446 ad
1070 1409 1144 1446 hoc
1210 1408 1423 1457 recipiatis,
1483 1409 1750 1458 providentes.
1787 1411 1891 1458 quod
1949 1410 2024 1459 ipsi
2082 1411 2123 1448 in

412 1472 601 1520 predictis
639 1472 940 1521 operationibus
984 1472 1065 1509 sint
1104 1471 1331 1520 diligentes.
1418 1472 1594 1509 li'aciatis
1633 1472 1755 1510 etiam
1796 1473 1881 1510 fieri
1919 1474 2122 1522 quandam

413 1534 584 1583 forgiam
634 1534 682 1571 ad
730 1533 1010 1572 fabricandum
1055 1533 1095 1571 in
1144 1534 1281 1571 eadem
1329 1534 1457 1571 Turri.
1559 1535 1739 1580 Quatuor
1786 1535 1908 1572 etiam
1959 1535 2123 1574 balistas

412 1596 565 1645 ligneas
604 1599 763 1634 nostras
801 1609 900 1645 quas
942 1595 1056 1634 nobis
1096 1596 1204 1633 dedit
1246 1596 1307 1633 W.
1346 1596 1511 1641 Haidel,
1553 1596 1720 1634 clericus
1760 1600 1907 1643 noster,
1948 1601 1987 1636 et
2025 1611 2124 1648 quas

412 1657 524 1697 vobis
575 1657 760 1697 liberabit
812 1658 918 1696 idem
971 1657 1136 1696 clericus
1189 1660 1338 1705 noster,
1393 1657 1557 1703 scilicet,
1612 1659 1711 1697 duas
1765 1660 1813 1697 ad
1864 1664 2030 1697 turnum
2083 1664 2124 1698 et

411 1720 511 1758 duas
566 1721 616 1758 ad
672 1733 799 1758 unum
848 1720 1003 1769 pedem,
1063 1719 1265 1769 recipiatis
1322 1723 1361 1758 01
1417 1720 1526 1758 salvo
1583 1721 1832 1760 custodiatis.
1919 1722 2123 1761 Mittimus

410 1783 534 1820 etiam
572 1781 683 1821 vobis
726 1782 882 1820 litteras
922 1786 1080 1820 nostras
1123 1782 1294 1820 directas
1329 1783 1578 1821 thesaurario
1615 1788 1653 1821 et
1692 1784 1923 1822 camerariis
1962 1785 2123 1831 nostris,

414 1858 480 1893 per
517 1858 615 1895 quas
654 1844 798 1882 damus
836 1844 892 1881 eis
941 1844 982 1882 in
1028 1844 1232 1881 mandatis
1269 1844 1375 1894 quod
1424 1844 1536 1882 vobis
1585 1844 1756 1883 liberent
1805 1859 1841 1884 x.
1881 1859 2035 1884 marcas
2074 1848 2123 1885 ad

412 1907 666 1946 liberationes
706 1907 976 1956 predictorum
1010 1906 1273 1946 servientium
1313 1910 1352 1945 et
1390 1907 1642 1956 operationes
1681 1908 1880 1958 predictas
1919 1909 2124 1947 faciendas

411 1973 451 2008 et
497 1970 547 2007 ad
593 1969 809 2007 emendum
849 1982 895 2007 ea
933 1983 1008 2019 que
1049 1969 1275 2007 necessaria
1314 1972 1409 2007 sunt
1448 1970 1498 2007 ad
1536 1970 1811 2020 operationem
1850 1971 2121 2021 predictorum

412 2031 725 2070 balistariorum.
785 2032 902 2070 Teste
940 2035 984 2070 ut
1023 2045 1156 2081 supra.

520 2145 576 2181 De
607 2145 715 2180 dama
747 2143 1147 2183 ‹Iutta—Mandatum
1180 2146 1239 2181 est
1271 2142 1496 2193 Reginaldo
1527 2143 1574 2181 de
1607 2142 1708 2182 Albo
1741 2144 1985 2184 Monasterio
2016 2145 2121 2195 quod

413 2204 559 2243 habere
598 2204 723 2243 faciat
761 2205 938 2243 Henrico
972 2206 1019 2242 de
1060 2205 1210 2244 Sancto
1244 2205 1401 2244 Albano
1441 2219 1568 2243 unum
1608 2206 1773 2244 (lanium
1808 2207 1849 2244 in
1890 2207 2037 2246 foresta
2075 2209 2122 2246 110

414 2268 624 2313 Windles',
646 2268 692 2305 de
713 2268 818 2306 dono
840 2268 956 2317 regis.
1017 2268 1134 2306 Teste
1174 2281 1263 2317 rege
1302 2269 1407 2317 apud
1448 2268 1696 2315 Guldeford‘,
1736 2269 1814 2307 xvi.
1856 2270 1918 2307 1110
1957 2270 2065 2308 Maii.

521 2347 761 2385 Mandatum
793 2350 853 2385 est
888 2347 1016 2384 eidem
1051 2348 1157 2396 quod
1194 2348 1370 2385 falcones
1405 2347 1562 2386 laneros
1597 2349 1642 2385 de
1677 2348 1827 2386 foresta
1861 2348 1907 2386 de
1944 2349 2121 2388 Windes’

413 2409 573 2448 liberari
614 2409 736 2447 faciat
771 2409 949 2446 Johanni
989 2409 1036 2447 de
1075 2409 1262 2456 Erlhain,
1304 2409 1525 2449 falconario
1565 2410 1682 2459 regis,
1724 2411 1772 2448 ad
1815 2440 1822 2448 .
1865 2440 1872 2449 .
1916 2441 1923 2449 .
1967 2441 1975 2449 .
2016 2413 2121 2461 apud

414 2472 590 2516 Guldef',
632 2485 695 2510 xv.
736 2471 799 2509 die
838 2471 949 2509 Maii.

521 2551 735 2600 Hospitale
769 2550 909 2589 Sancti
947 2551 1123 2601 Spiritus
1155 2552 1202 2590 de
1239 2552 1446 2591 Snaudan'
1479 2555 1519 2590 et
1552 2551 1660 2602 prior
1694 2556 1732 2590 01
1764 2552 1907 2591 fratres
1941 2553 2121 2603 ejusdem

413 2614 626 2664 hospitalis
665 2612 816 2651 babent
855 2613 1009 2651 litteras
1044 2614 1091 2651 110
1126 2614 1375 2664 protectione
1414 2617 1597 2663 patentes
1637 2614 1722 2653 sine
1758 2615 1944 2654 termino.
2004 2616 2122 2655 Teste

391 2680 458 2715 ’111
497 2689 630 2726 supra.
700 2676 934 2726 [Cancelled]
971 2678 1072 2720 Quia
1113 2679 1150 2714 in
1191 2679 1415 2725 patentibus.

522 2790 600 2826 Pro
633 2801 744 2825 afore
777 2788 958 2825 lls'illelmz'
992 2790 1033 2825 da
1062 2789 1585 2827 AChiniava.—Mandatum
1619 2792 1708 2839 [est]
1742 2790 1965 2828 vicecomiti
2004 2790 2119 2829 Linc‘

413 2851 519 2901 quod
557 2851 606 2889 ad
646 2849 847 2899 Agathan]
893 2864 969 2900 que
1018 2851 1097 2889 fuit
1146 2865 1245 2890 uxor
1284 2851 1479 2889 Willelmi
1519 2852 1565 2889 de
1606 2851 1816 2890 Albiniaco
1858 2854 2122 2902 personaliter

415 2914 576 2951 accedat
614 2917 653 2951 et
692 2928 739 2952 ex
780 2915 891 2963 parte
930 2913 1035 2962 regis
1074 2913 1109 2951 ei
1149 2913 1329 2952 inhibeat
1368 2927 1417 2951 ne
1458 2913 1542 2951 sine
1581 2913 1744 2952 licentia
1782 2915 1884 2964 regis
1923 2928 1962 2953 se
2000 2915 2118 2953 alicui

414 2975 602 3013 maritare
633 2979 851 3025 presumat,
884 2979 922 3014 et
954 2979 1070 3025 capto
1105 2975 1154 3013 ab
1188 2989 1233 3013 ea
1264 2976 1356 3013 inde
1387 2976 1630 3025 juramento,
1661 2980 1788 3015 terras
1819 2981 1857 3015 et
1890 2981 2121 3016 tenementa

415 3051 487 3076 sua
535 3051 611 3088 que
652 3051 740 3076 eam
783 3037 1026 3087 contingunt
1076 3039 1117 3076 in
1161 3051 1255 3088 pace
1303 3052 1392 3077 eam
1437 3041 1573 3076 tenere
1615 3039 1840 3088 permittat.
1918 3040 2033 3077 Teste
2076 3044 2120 3077 ut

415 3113 547 3150 supra.

523 3207 579 3243 De
625 3208 826 3255 quercubus
873 3206 1286 3245 datia—Mandatum
1335 3210 1396 3245 est
1443 3206 1602 3245 ballivis
1652 3206 1797 3245 foreste
1845 3206 1891 3243 de
1939 3206 1978 3244 Ia
2029 3206 2119 3245 Ber'

413 3267 519 3318 quod
558 3267 702 3306 habere
741 3267 892 3306 faciant
931 3267 1121 3306 fratribus
1159 3268 1476 3318 predicatoribus
1515 3268 1732 3319 Wyntonie
1769 3268 1904 3306 decem
1953 3281 2121 3318 quercus

415 3330 456 3367 in
496 3329 645 3368 foresta
684 3320 868 3379 predicta,
901 3329 949 3367 ad
989 3329 1124 3369 focum
1163 3343 1297 3377 suum,
1338 3331 1385 3369 de
1425 3331 1529 3369 dono
1569 3331 1683 3381 regis.
1736 3329 1851 3368 Teste
1886 3342 1976 3379 rege
2014 3331 2120 3380 apud

416 3391 692 3441 Wyntoniam‚
734 3391 842 3441 xviij.
883 3391 945 3429 die
985 3391 1096 3429 Maii.

424 3475 429 3500 i
468 3474 484 3502 ἓξ
