2375 3587
204 146 283 185 156

261 278 286 322 1
297 275 405 323 234.

243 343 302 382 [m.
326 340 419 381 25<l.]

241 1728 298 1766 [m.
323 1725 415 1766 24d.]

245 2629 305 2667 [111.
317 2625 414 2666 23‹i.]

1128 147 1311 190 CLOSE
1356 147 1557 190 ROLLs.

610 343 968 380 [sanciusssfflPrior
1018 342 1163 382 Sancte
1205 342 1417 380 Trinitatis
1456 341 1671 380 Cantuarie
1717 340 1937 379 attornavit
1975 340 2191 378 Ricardum

496 404 543 442 de
577 404 824 450 Berkesour',
861 405 1107 443 monachum
1142 417 1274 449 suum,
1309 405 1351 441 in
1391 404 1550 453 loquela
1583 417 1658 453 (1110
1696 406 1755 441 051
1793 416 1926 441 coram
1960 402 2193 451 justiciariis

496 466 545 503 ad
594 467 818 504 custodiam
867 467 1088 504 Judeorum
1145 466 1360 515 assignatis
1418 465 1522 503 inter
1578 464 1775 503 jacobum
1831 465 1962 502 filiurn
2013 464 2190 509 Samuel,

497 528 669 565 Judeum
728 529 871 574 Lond’,
930 531 1147 577 petentem,
1210 531 1248 566 et
1308 527 1574 566 Cresselinum
1640 526 1770 564 filium
1829 526 1954 570 Isaac,
2017 526 2192 563 -Judeum

497 590 726 635 Cantuarie,
768 592 986 635 tenentem,
1028 590 1075 627 de
1113 601 1195 627 uno
1233 588 1439 638 mesuagio
1477 601 1569 626 cum
1603 587 1858 637 pertinentiis
1888 588 1928 625 in
1960 587 2190 632 Cantuaria,

495 652 600 690 unde
656 651 762 690 idem
812 652 1059 690 Cresselinus
1107 650 1264 689 vocavit
1322 651 1371 688 ad
1428 651 1667 688 warantiam
1715 650 1938 699 predictum
2004 648 2190 699 priorem.

496 714 613 752 Teste
651 727 740 763 rege
779 714 884 762 apud
924 713 1119 758 Wudest',
1159 713 1211 762 vj.
1245 712 1308 750 die
1346 711 1597 750 Novembris.

603 818 658 854 De
706 817 885 853 militibus
930 815 1277 860 faciendis—Rex
1324 815 1549 853 vicecomiti
1600 814 1710 853 Norf’
1760 817 1799 852 et
1850 814 1964 860 Suff',
2002 814 2190 852 salutem.

495 878 743 928 Precipimus
773 877 846 915 tibi
876 877 993 926 quod,
1016 876 1112 915 visis
1143 876 1270 914 literis
1301 876 1401 922 istis,
1426 889 1495 925 per
1524 880 1652 915 totam
1690 875 1853 914 bailiam
1885 879 1997 914 tuam
2027 875 2192 914 clamari

494 940 617 978 facias
673 940 777 989 quod
833 951 972 977 omnes
1030 938 1103 984 illi,
1163 938 1231 988 qui
1288 938 1335 976 de
1383 938 1498 976 nobis
1546 941 1687 976 tenent
1736 938 1778 975 in
1827 938 1980 987 capite†
2031 938 2192 976 feodum

494 1002 614 1040 unius
641 1002 783 1039 militis
810 1001 871 1039 vel
899 1001 990 1049 plus
1019 1003 1057 1038 et
1087 1000 1236 1038 milites
1266 1013 1346 1038 non
1377 1004 1485 1046 sunt,
1518 1001 1618 1038 citra
1646 1000 1796 1037 festum
1827 1000 1984 1039 Natalis
2013 1000 2192 1046 Domini,

494 1077 600 1102 anno
639 1064 751 1112 regni
796 1062 923 1101 nostri
976 1062 1131 1100 decimo
1180 1075 1300 1108 nono,
1352 1075 1464 1100 arma
1516 1062 1678 1112 capiant
1728 1064 1767 1099 et
1817 1075 1857 1100 se
1900 1061 2052 1100 milites
2105 1061 2192 1100 fieri

492 1125 655 1172 faciant,
697 1126 799 1164 sicut
838 1127 1070 1162 tenementa
1113 1137 1196 1170 sua,
1236 1137 1310 1174 que
1357 1125 1405 1162 de
1453 1124 1567 1163 nobis
1615 1126 1768 1169 tenent,
1799 1124 1990 1174 diligunt.
2077 1124 2193 1162 Teste

494 1201 584 1237 rege
622 1187 726 1236 apud
766 1186 974 1236 Walingf',
1015 1186 1084 1236 vij.
1125 1187 1186 1224 die
1226 1185 1478 1225 Novembris.

603 1258 757 1296 Eodem
796 1257 914 1295 modo
954 1257 1193 1295 mandatum
1232 1259 1290 1295 est
1330 1256 1500 1306 singulis
1539 1256 1843 1295 vicecomitibus
1882 1256 2040 1306 Anglie.

604 1360 882 1398 §winters’oe—P.
921 1359 1213 1398 Wintoniensis
1251 1360 1459 1409 episcopus
1490 1357 1712 1398 attornavit
1743 1362 1816 1398 etc.
1876 1360 2129 1410 Stephanum
2159 1359 2194 1397 le

496 1423 663 1472 Engleis
702 1425 841 1461 contra
881 1422 1104 1460 Henricum
1139 1422 1174 1460 le
1213 1422 1355 1461 Porter
1393 1422 1441 1460 de
1480 1434 1561 1459 una
1599 1421 1694 1459 hida
1733 1425 1836 1460 terre
1869 1422 1911 1459 in
1951 1422 2092 1472 Legh‘.

600 1525 999 1563 stantiafflThomas
1048 1524 1156 1562 filius
1207 1524 1423 1562 Humfredi
1481 1525 1701 1563 attoruavit
1758 1525 1989 1564 ,Iohannem
2046 1525 2193 1563 Barroc

493 1601 631 1626 versus
670 1587 899 1625 ‚Iohannem
938 1587 984 1624 de
1026 1586 1179 1625 Snaves
1217 1587 1264 1625 de
1303 1587 1470 1637 triginta
1508 1588 1609 1626 acris
1649 1591 1752 1626 terre
1800 1600 1891 1626 cum
1940 1586 2193 1637 pertinentiis

495 1650 536 1688 in
577 1650 815 1700 Tanylond’.

602 1729 686 1766 Rex
742 1728 966 1766 vicecomiti
1025 1728 1186 1766 Sussex’
1246 1728 1434 1765 salutem.
1526 1727 1713 1766 Ostendit
1769 1727 1885 1766 nobis
1945 1727 2087 1767 Simon
2145 1728 2193 1766 de

495 1790 632 1829 Ideine
670 1791 775 1840 quod
814 1790 1014 1828 Radulfus
1053 1790 1100 1827 de
1140 1790 1177 1827 la
1217 1790 1343 1839 Haye,
1381 1790 1428 1827 de
1463 1803 1541 1839 quo
1576 1790 1734 1827 nullum
1775 1792 2050 1828 tenementum
2084 1793 2193 1828 tenet

496 1866 568 1891 nec
608 1852 818 1891 servicium
854 1852 888 1889 ei
927 1851 1055 1897 debet,
1096 1852 1201 1901 cepit
1247 1851 1380 1890 averia
1429 1864 1501 1889 sua
1548 1855 1588 1890 et
1636 1865 1680 1889 ea
1729 1852 1886 1901 fugavit
1934 1852 1981 1890 de
2026 1853 2113 1891 loco
2151 1852 2193 1889 in

495 1915 627 1953 10011111
666 1915 707 1952 111
746 1914 867 1952 ballia
906 1917 986 1957 tua,
1028 1914 1084 1951 ita
1123 1914 1229 1963 quod
1268 1913 1395 1952 nescit
1435 1926 1512 1963 quo
1551 1914 1703 1952 fuerint
1742 1914 1895 1963 fugata.
1990 1915 2045 1953 Et
2106 1914 2194 1952 ideo

496 1976 569 2014 tibi
609 1977 851 2026 precipimus
890 1976 996 2025 quod
1035 1976 1077 2013 in
1117 1976 1313 2014 comitatu
1352 1979 1420 2014 tuo
1460 1975 1699 2025 diligentem
1738 1976 1824 2013 fieri
1863 1976 1988 2014 facias
2026 1976 2191 2027 inquisi-

495 2039 647 2076 tionem
687 2038 719 2076 si
757 2038 959 2087 predictus
998 2038 1197 2076 Radulfus
1236 2051 1305 2087 per
1344 2050 1384 2075 se
1422 2038 1485 2075 vel
1524 2051 1617 2076 suos
1659 2038 1792 2076 averia
1840 2038 1966 2087 ipsius
2015 2038 2195 2079 Simonis

494 2101 627 2139 taliter
683 2100 830 2150 ceperit
887 2103 925 2138 et
981 2100 1215 2145 detinuerit,
1275 2100 1380 2138 sicut
1446 2100 1674 2149 predictum
1736 2103 1809 2138 est.
1904 2100 1960 2138 Et
2025 2100 2059 2139 si
2125 2114 2194 2151 per

493 2163 798 2212 inquisitionem
852 2162 944 2200 inde
996 2162 1146 2200 factam
1197 2161 1270 2200 tibi
1323 2161 1551 2200 constiterit
1604 2162 1737 2200 averia
1786 2162 1956 2211 predicti
2014 2162 2194 2202 Simonis

495 2225 628 2263 taliter
661 2237 745 2263 esse
783 2227 902 2273 capta
940 2227 978 2261 et
1017 2224 1194 2269 detenta,
1236 2226 1334 2262 tunc
1376 2236 1435 2270 ea,
1475 2223 1719 2274 ubicumque
1758 2224 1926 2262 inventa
1964 2224 2114 2263 fuerint
2151 2225 2193 2263 in

494 2286 688 2325 comitatu
737 2288 819 2331 tuo,
867 2285 995 2323 eidem
1047 2285 1204 2323 Simoni
1253 2285 1412 2323 liberari
1461 2285 1597 2324 facias.
1697 2286 1766 2332 Et,
1822 2286 1855 2324 si
1899 2285 1956 2324 ita
2007 2286 2195 2336 elongata

494 2348 646 2386 fuerint
692 2348 797 2397 quod
846 2348 887 2384 in
935 2347 1114 2396 predicto
1162 2347 1359 2386 comitatu
1408 2350 1477 2385 tuo
1526 2347 1699 2385 inveniri
1747 2360 1829 2385 non
1877 2347 2046 2397 possint,
2096 2350 2194 2387 tunc

495 2411 720 2460 predictum
760 2409 981 2447 Radulfum
1021 2422 1090 2459 per
1127 2410 1260 2447 averia
1298 2422 1371 2448 sua
1409 2410 1643 2459 distringas,
1683 2410 1810 2448 donec
1857 2410 1985 2448 eidem
2035 2410 2194 2450 Simoni

494 2473 626 2511 averia
663 2485 735 2510 sua
773 2471 1008 2515 restituerit,
1048 2471 1151 2510 sicut
1190 2471 1416 2520 predictum
1456 2474 1528 2509 est.
1607 2471 1725 2510 Teste
1772 2484 1862 2521 rege
1910 2472 2016 2522 apud
2064 2472 2190 2512 West-

495 2535 800 2579 monasterium,
842 2533 954 2583 xxiij.
991 2533 1053 2570 die
1091 2532 1344 2571 Novembris.

604 2619 1062 2658 Norleumbi-im—-Adam
1102 2619 1149 2657 de
1188 2619 1365 2657 Periton'
1405 2619 1626 2658 attornavit
1665 2619 1889 2657 Walterum
1927 2620 1974 2659 de
2013 2620 2194 2673 Wauncy

494 2696 630 2723 versus
669 2681 890 2721 Robertum
928 2681 975 2719 de
1015 2681 1257 2727 Kereswell’,
1305 2680 1610 2727 deforciantem,
1656 2681 1703 2719 de
1749 2681 2109 2721 consuetudinibus
2154 2687 2193 2722 et

494 2745 671 2784 serviciis
728 2757 803 2794 que
862 2743 967 2781 idem
1020 2743 1150 2781 Adam
1208 2743 1332 2792 exigit
1388 2743 1435 2781 de
1500 2743 1678 2792 predicto
1735 2742 1911 2782 Roberto
1966 2744 2014 2783 de
2069 2744 2194 2784 libero

494 2809 725 2846 tenemento
764 2818 848 2851 5110,
883 2805 989 2855 quod
1028 2805 1075 2842 de
1111 2817 1158 2843 eo
1197 2807 1307 2843 tenet
1346 2805 1387 2841 in
1428 2804 1668 2843 Kereswell'.

605 2890 1010 2940 Hertsmw.—Abbas
1049 2891 1096 2928 de
1138 2891 1287 2930 Sancto
1316 2890 1471 2929 Albano
1510 2891 1733 2929 attornavit
1773 2891 2024 2930 Willelmum
2062 2893 2193 2932 filium

495 2954 701 2994 Gadefridi
730 2957 768 2992 et
800 2953 1021 2991 Radulfum
1050 2953 1182 2990 filium
1221 2953 1341 2991 Alani
1360 2954 1507 2992 'versus
1547 2953 1745 2991 Thomam
1779 2954 1897 3004 Mody
1926 2957 1965 2992 et
1995 2955 2193 2994 Thomam

494 3017 670 3055 Estmar’
711 3015 990 3060 deformantes,
1030 3015 1077 3052 de
1122 3014 1482 3053 consuetudinibus
1521 3019 1559 3052 01
1597 3014 1775 3053 serviciis
1813 3028 1889 3065 (1110
1927 3016 2034 3054 idem
2070 3016 2192 3057 abbas

493 3079 542 3118 ab
580 3079 636 3116 eis
674 3077 797 3127 exigit
836 3077 883 3114 de
921 3076 1047 3114 libero
1086 3079 1319 3116 tenemento
1357 3090 1429 3116 suo
1467 3077 1573 3127 quod
1622 3077 1669 3114 de
1719 3090 1764 3115 eo
1814 3080 1955 3116 tenent
1992 3078 2034 3116 in
2073 3079 2190 3118 Park‘

493 3145 532 3180 et
572 3138 901 3191 Tyndenhangr’.

1097 3236 1111 3250 *
1123 3233 1337 3265 Substituted
1367 3234 1418 3265 for
1451 3237 1458 3251 ‘
1469 3231 1594 3266 Berk’.’

562 3299 578 3336 †
592 3296 690 3328 After
706 3295 763 3327 the
781 3293 870 3326 word
890 3294 1019 3335 ‘eapite
1036 3293 1042 3305 '
1059 3293 1118 3324 the
1133 3293 1242 3324 words
1261 3295 1269 3308 ‘
1281 3303 1339 3334 per
1355 3294 1534 3326 servicium
1551 3293 1700 3326 militare
1714 3294 1719 3298 “
1735 3294 1817 3327 have
1834 3295 1916 3326 been
1932 3296 2112 3329 caneelled.
