2375 3587
194 191 249 230 80

260 318 402 367 1235.

252 387 403 426 [m.13]

1125 183 1308 227 CLOSE
1353 181 1557 224 ROLLS.

605 387 844 425 Mandatum
896 389 955 424 est
1011 384 1234 423 vicecomiti
1288 383 1473 431 Salopiesslss
1525 382 1629 432 quod
1685 377 1845 417 liberari
1895 376 2015 415 faciat
2071 371 2187 411 latori

494 449 755 497 presentium,
796 447 952 486 homini
992 447 1192 485 Johannis
1230 446 1276 483 de
1317 445 1500 489 Erlham‚
1542 444 1716 481 falcones
1766 443 1812 480 de
1851 440 1956 478 aerio
2004 436 2106 486 regis
2139 434 2185 471 de

494 511 616 559 Brug'
657 511 704 548 de
742 510 817 548 hoc
855 522 961 547 anno
1000 512 1073 546 etc.
1114 508 1210 553 xix.,
1246 506 1477 545 deferendos
1512 506 1560 543 ad
1595 518 1741 553 regem.
1800 505 1916 542 Teste
1954 508 1999 538 ut
2038 508 2170 546 supra.

598 608 674 643 Pro
714 606 947 642 thesauraria
997 605 1129 642 Sancti
1174 604 1293 640 Pauli
1346 602 1477 645 sunus,
1521 603 1562 636 «lv
1610 597 2083 648 respectet.—Mandatum
2130 594 2189 630 est

491 668 725 719 justiciariis
768 667 921 705 domini
961 667 1064 715 regis
1110 664 1393 703 itinerantibus
1440 664 1545 712 apud
1589 662 1796 701 Hertford¹
1839 660 1944 711 quod
1985 656 2188 707 appellum

492 731 595 780 quod
644 730 771 768 Alicia
809 729 848 766 la
877 729 1003 766 Russe
1038 728 1133 767 facit
1167 740 1305 765 versus
1340 726 1556 764 Ricardum
1592 724 1685 762 Dec'
1719 724 1766 761 de
1796 723 1978 767 Pelham,
2011 720 2185 757 Alanum

491 794 537 830 de
570 792 764 835 Arcubus,
798 791 997 829 Thomam
1029 791 1075 828 de
1125 790 1290 828 Pelham
1339 792 1377 825 et
1419 787 1655 825 Gervasium
1687 787 1733 823 de
1781 786 1819 823 la
1869 785 1992 834 Heye,
2025 780 2186 820 clericos

491 858 529 893 et
569 855 783 892 servientes
814 853 995 899 magistri
1031 853 1090 898 A„
1132 850 1370 890 thesaurarii
1405 849 1541 887 Sancti
1574 848 1690 886 Pauli
1729 847 1925 892 London’,
1947 845 2015 895 qui
2042 842 2187 882 residet

491 917 539 955 ad
572 916 824 955 Scaccarium
854 915 956 963 regis
987 915 1027 951 in
1050 913 1210 952 servitio
1241 912 1393 950 domini
1426 911 1541 960 regis,
1564 911 1611 948 de
1642 913 1758 959 raptu
1786 912 1824 947 et
1854 905 2188 957 imprisonatione

491 982 629 1017 contra
658 990 796 1027 pacem
827 977 944 1026 regis,
976 980 1129 1025 ponant
1158 976 1199 1012 111
1222 977 1445 1022 respectum
1468 985 1591 1022 usque
1613 973 1653 1009 111
1675 985 1738 1010 xv.
1761 972 1843 1009 dies
1864 984 1887 1009 a
1906 970 1969 1008 die
2000 965 2187 1006 Mercurii

492 1041 673 1090 proxima
708 1044 795 1089 post
835 1038 996 1077 octabas
1035 1037 1159 1076 clausi
1200 1036 1352 1074 Pasche
1393 1035 1498 1084 apud
1538 1033 1943 1072 Westmonasterium
1974 1032 2014 1069 in
2045 1030 2187 1068 itinere

492 1115 563 1140 suo
602 1102 641 1139 in
691 1101 887 1139 comitatu
927 1100 1176 1137 Middelsex'.
1236 1097 1455 1148 Loquelam
1485 1096 1607 1134 etiam
1637 1109 1713 1145 que
1742 1098 1802 1134 est
1832 1106 1966 1133 coram
1996 1093 2052 1131 eis
2082 1092 2189 1129 inter

492 1164 723 1202 ‚Iohannem
766 1163 812 1200 de
861 1161 1058 1210 Thiwing’
1107 1166 1145 1198 et
1192 1160 1414 1209 predictum
1465 1158 1761 1195 thesaurarium
1809 1160 1848 1195 et
1894 1156 2091 1194 decanum
2139 1153 2186 1191 de

492 1225 686 1270 Arcubus,
727 1223 968 1272 magistrum
1002 1223 1050 1260 G.
1083 1221 1243 1259 Perdriz
1274 1229 1311 1258 et
1342 1219 1581 1258 Gerrasium
1621 1220 1668 1257 de
1707 1218 1881 1264 Melkel’‚
1922 1218 1969 1255 (19
2003 1229 2048 1255 90
2081 1215 2185 1265 (1110(1

492 1288 596 1325 1(19111
636 1285 909 1324 thesaurarius
950 1288 1182 1333 prosecutus
1221 1286 1280 1320 est
1320 1282 1513 1331 placitum
1553 1282 1594 1318 in
1633 1281 1744 1319 curia
1782 1279 2102 1319 Christianitatis
2140 1278 2186 1315 de

491 1348 647 1387 catallis
687 1361 762 1397 que
819 1359 898 1384 non
950 1350 1044 1383 sunt
1096 1346 1143 1382 de
1196 1348 1439 1382 testamento
1492 1343 1553 1381 vel
1603 1343 1864 1381 matrimonio
1913 1345 2052 1381 contra
2099 1353 2185 1389 pro-

492 1410 731 1448 hibitionem
772 1409 886 1457 regis,
926 1415 970 1445 ut
1009 1408 1168 1453 dicitur,
1208 1414 1245 1444 et
1284 1406 1389 1455 quod
1429 1405 1595 1455 predicti
1627 1405 1814 1451 decanus,
1846 1404 2037 1453 magister
2068 1402 2117 1440 G.
2148 1405 2186 1440 et

494 1471 708 1510 Gervasius
761 1472 977 1508 tenuerunt
1026 1469 1131 1506 idem
1176 1468 1371 1517 placitum
1425 1470 1565 1506 contra
1614 1466 1928 1515 prohibitionem
1976 1465 2093 1514 regis,
2142 1466 2187 1501 ut

492 1534 650 1579 dicitur,
692 1536 843 1582 ponant
882 1531 922 1568 111
963 1534 1187 1579 respectum
1237 1543 1360 1580 usque
1410 1530 1459 1567 ad
1499 1529 1719 1567 terminum
1758 1528 1997 1577 predictum.
2071 1526 2187 1564 Teste

494 1609 580 1642 rege
620 1595 724 1644 apud
765 1593 1183 1638 Westmonasterium‚
1222 1592 1307 1642 xiij.
1348 1592 1411 1629 die
1450 1591 1614 1640 Aprilis.

598 1666 836 1703 Mandatum
902 1667 961 1701 est
1027 1663 1196 1701 Ricardo
1260 1663 1307 1700 de
1354 1663 1391 1700 la
1448 1662 1555 1699 Lade
1602 1664 1640 1699 et
1698 1661 1781 1698 Ade
1837 1660 1920 1698 filio
1977 1659 2185 1705 Willelmi,

489 1727 755 1767 escaetoribus
793 1726 946 1765 domini
984 1726 1100 1775 regis,
1140 1725 1244 1774 quod
1284 1725 1455 1773 singulis
1494 1724 1610 1762 annis
1650 1723 1760 1761 reddi
1790 1722 1941 1761 faciant
1971 1722 2017 1760 R.
2049 1721 2187 1760 comiti

490 1789 688 1829 Cornubie
725 1793 763 1827 et
798 1788 973 1826 Pictavie
1011 1791 1049 1826 et
1087 1787 1256 1825 Isabelle
1284 1786 1397 1825 uxori
1436 1787 1522 1836 ejus
1555 1785 1752 1823 sexdecim
1783 1784 1904 1822 libras
1933 1784 1980 1822 de
2009 1783 2189 1821 manerio

489 1854 535 1891 de
574 1852 754 1890 Bradest'
795 1850 957 1888 nomine
995 1849 1099 1886 dotis
1137 1848 1311 1898 predicte
1350 1848 1531 1893 Isabelle‚
1572 1847 1674 1885 sicut
1730 1846 1868 1884 eadem
1911 1845 2085 1883 Isabella
2123 1858 2188 1882 eas

490 1916 687 1965 percipere
725 1912 931 1951 consuevit
970 1915 1146 1960 tempore
1184 1924 1262 1960 (1110
1301 1911 1354 1948 H.
1395 1911 1441 1948 de
1481 1910 1629 1958 Burgo,
1670 1921 1802 1947 comes
1842 1908 2005 1953 Kancie,
2047 1906 2187 1945 habuit

489 1977 709 2016 custodiam
749 1980 849 2013 terre
887 1978 925 2012 et
964 1974 1155 2011 heredum
1195 1973 1243 2010 G.
1284 1972 1486 2022 quondam
1525 1972 1684 2010 comitis
1723 1971 1879 2009 Glouc’.
1953 1970 2068 2007 Teste
2098 1982 2187 2018 rege

489 2039 592 2089 apud
633 2037 1051 2081 Westmonasterium‚
1092 2035 1203 2086 xxiij.
1244 2035 1307 2073 die
1346 2034 1533 2083 Aprilis.†

602 2146 675 2181 I'ro
716 2144 761 2180 lt.
794 2144 921 2178 ‹annite-
955 2141 1292 2178 (iurantia—Rex
1326 2138 1541 2177 baronibus
1571 2138 1653 2176 suis
1684 2138 1731 2175 de
1764 2136 1971 2176 Scaccario
2000 2137 2185 2175 salutem.

492 2206 636 2244 Sciatis
674 2205 777 2254 quod
815 2204 998 2241 dedimus
1028 2203 1173 2241 dilecto
1204 2202 1318 2240 fratri
1348 2206 1387 2239 et
1418 2201 1525 2239 fideli
1556 2204 1706 2246 nostro,
1739 2200 1786 2238 R.
1818 2199 1955 2237 comiti
1988 2198 2187 2237 Cornubie

490 2271 527 2306 et
562 2267 737 2305 Pictavie
771 2265 997 2314 scutagium
1028 2264 1144 2302 nobis
1173 2263 1354 2302 debitum
1384 2264 1431 2301 de
1462 2263 1588 2301 feodis
1619 2262 1798 2300 militum
1832 2275 1908 2311 que
1947 2261 2188 2299 tenebantur

488 2331 534 2368 de
574 2330 776 2367 Willelmo
814 2329 859 2365 de
898 2328 1039 2365 Braus'
1080 2327 1121 2364 111
1157 2327 1379 2364 Totteness'
1418 2339 1489 2375 pro
1528 2324 1702 2363 exercitu
1742 2327 1879 2362 nostro
1917 2324 1964 2361 de
1999 2324 2184 2374 Elveyn’,

489 2393 593 2442 quod
639 2392 799 2440 quidem
849 2390 1074 2439 scutagium
1113 2388 1273 2437 exigitis
1314 2388 1362 2426 ab
1399 2400 1444 2425 90
1484 2400 1551 2436 per
1590 2386 1949 2424 summonitionem
1991 2385 2187 2424 Scaccarii

489 2454 630 2492 nostri.
661 2453 715 2490 Et
743 2453 830 2491 ideo
859 2452 969 2491 vobis
1000 2452 1241 2489 mandamus
1270 2451 1374 2501 quod
1404 2451 1538 2499 ipsum
1569 2449 1770 2494 comitem,
1793 2448 1957 2486 fratrem
1987 2451 2185 2494 nostrum,

490 2517 536 2554 de
575 2516 751 2565 predicto
790 2515 969 2562 scutagio
1003 2514 1184 2563 quietum
1223 2526 1307 2551 esse
1346 2513 1517 2551 faciatis.
1577 2512 1694 2549 Teste
1732 2514 1776 2549 ut
1810 2523 1942 2560 supra.

597 2587 679 2624 Rex
744 2586 888 2624 dilecto
952 2590 989 2623 et
1051 2584 1159 2622 fideli
1242 2597 1313 2622 suo
1379 2583 1549 2621 Ricardo
1613 2582 1660 2619 de
1727 2581 1765 2618 la
1835 2581 1933 2619 Lad’
2000 2581 2185 2619 salutem.

493 2648 635 2687 Sciatis
691 2648 794 2697 quod
846 2647 1114 2686 concessimus
1171 2646 1316 2684 dilecto
1352 2645 1465 2683 fratri
1517 2649 1555 2682 et
1602 2644 1710 2682 fideli
1767 2646 1903 2681 nostro
1952 2642 2000 2681 R.
2050 2643 2187 2681 comiti

490 2710 667 2748 Pictavie
732 2713 769 2747 et
833 2708 1032 2747 Cornubie
1097 2712 1136 2746 et
1198 2706 1367 2745 Isabelle
1438 2706 1551 2744 uxori
1623 2718 1702 2751 sue,
1773 2704 1976 2743 comitisse
2030 2704 2184 2751 Glouc‚’

490 2773 594 2821 quod
646 2771 867 2820 percipiant
920 2771 1089 2819 singulis
1142 2770 1260 2808 annis
1312 2770 1359 2807 de
1411 2768 1591 2806 manerio
1629 2768 1676 2805 de
1716 2767 1947 2805 Bradested’
1988 2767 2186 2805 sexdecim

492 2834 610 2872 libras
649 2833 811 2871 nomine
850 2833 953 2871 dotis
992 2832 1165 2881 predicte
1217 2831 1432 2875 comitisse,
1473 2830 1530 2868 ita
1569 2830 1673 2880 quod
1725 2830 1771 2867 de
1821 2828 1995 2867 termino
2048 2828 2187 2867 Sancti

491 2896 712 2940 Michaelis,
781 2907 886 2933 anno
961 2894 1072 2943 regni
1146 2894 1272 2932 nostri
1339 2893 1494 2931 decimo
1565 2894 1716 2937 octavo,
1780 2895 1818 2929 et
1893 2891 1940 2929 de
2015 2891 2187 2929 termino

490 2958 652 3003 Pasche,
711 2970 816 2995 anno
880 2957 991 3005 regni
1055 2957 1182 2995 nostri
1241 2956 1320 2993 xix.
1380 2954 1603 3004 percipiant
1666 2954 1713 2991 de
1776 2953 1955 2991 manerio
2011 2953 2187 3002 predicto

490 3020 686 3058 sexdecim
728 3019 850 3056 libras
894 3019 1057 3056 nomine
1104 3018 1221 3064 dotis,
1265 3018 1367 3056 sicut
1410 3016 1588 3066 predicta
1631 3015 1836 3054 comitissa
1878 3018 1944 3063 eall
1989 3013 2188 3063 percipere

490 3081 696 3120 consuevit
745 3081 937 3129 quamdiu
983 3080 1164 3118 custodia
1212 3087 1313 3118 terre
1361 3083 1400 3117 et
1448 3078 1641 3116 heredum
1691 3077 1740 3115 G.
1781 3077 1984 3125 quondam
2028 3075 2188 3114 comitis

492 3144 631 3181 Glouc'
689 3143 766 3180 fuit
805 3143 845 3179 in
885 3155 1009 3179 manu
1049 3142 1101 3179 H.
1142 3142 1188 3179 (19
1228 3142 1363 3189 Burgo
1402 3140 1561 3178 comitis
1601 3139 1764 3176 Kancie.
1859 3138 1914 3176 Et
1953 3138 2039 3175 ideo
2077 3136 2188 3175 vobis

491 3205 731 3243 mandamus
786 3204 891 3252 quod
943 3204 989 3240 de
1042 3203 1225 3241 terminis
1277 3202 1464 3252 predictis
1522 3209 1560 3239 et
1617 3201 1795 3239 decetero
1848 3199 2018 3248 singulis
2071 3199 2188 3236 annis

579 3303 592 3317 *
609 3299 819 3332 Substituted
836 3301 890 3330 for
908 3308 912 3312 ·
928 3298 1049 3330 Staff's
1199 3296 1313 3335 †This
1337 3300 1437 3336 entry
1456 3297 1483 3327 is
1500 3295 1678 3327 cancelled
1696 3296 1803 3335 ‘Quia
1821 3294 1920 3325 aliter
1937 3293 2102 3325 inferius!

1222 3349 1234 3390 ζ
1252 3348 1304 3378 Sic
1331 3348 1365 3377 in
1394 3348 1464 3378 MS
