2375 3587
215 225 298 264 248

278 351 405 398 1236

274 419 331 459 [m.
359 418 426 456 ia]

1139 217 1323 260 CLOSE
1368 216 1572 259 ROLLS.

626 418 698 453 Pro
747 416 928 464 Philippo
970 411 1465 463 pamaria—Mandatum
1514 413 1574 448 est
1616 409 1843 448 vicecomiti
1893 409 2052 448 Sussex'
2090 409 2196 459 quod

515 478 547 515 si
584 477 796 526 Philippus
835 476 1049 525 parcarius,
1089 477 1230 522 captus
1267 475 1306 510 et
1344 472 1529 510 detentus
1567 471 1609 508 in
1647 471 1810 519 prisona
1847 470 1950 520 regis
1988 470 2029 508 in
2063 469 2211 508 balliva

514 539 640 588 ipsius
689 538 936 576 vicecomitis
985 549 1055 585 pro
1102 538 1230 573 morte
1276 533 1446 571 Edeline
1498 533 1546 570 de
1596 532 1848 578 Thunhurst,
1888 532 1994 570 unde
2042 534 2212 570 rettatus

513 604 586 646 est,
627 599 824 638 invenerit
863 599 896 636 ei
936 598 1004 647 xij.
1048 595 1191 646 probos
1230 598 1269 633 et
1308 594 1453 643 legales
1491 593 1677 632 homines
1714 594 1761 631 de
1800 593 1995 632 comitatu
2035 606 2105 631 suo
2145 592 2213 642 qui

516 662 805 711 manucapiant
844 673 935 699 eum
975 659 1120 697 habere
1159 670 1292 696 coram
1331 656 1566 706 justiciariis
1605 655 1707 705 regis
1745 656 1794 693 ad
1832 656 2005 704 primam
2045 654 2213 693 assisam

517 728 591 763 etc.
633 724 682 762 ad
723 723 912 761 standum
954 721 1046 759 inde
1096 723 1215 765 recto,
1271 722 1368 757 tunc
1419 719 1550 756 tradat
1601 730 1693 755 eum
1739 717 1781 755 in
1819 717 1987 756 ballium
2026 716 2214 766 predictis

518 787 589 837 xij.
640 788 715 825 etc.
787 785 903 822 Teste
949 795 1039 832 rege
1089 782 1193 831 apud
1247 781 1403 826 Norht’,
1458 780 1527 830 vij.
1579 780 1642 818 die
1693 780 1849 818 Marcii.
1921 780 1997 818 Per
2046 779 2214 828 speciale

516 850 747 898 preceptum
786 846 889 895 regis
928 846 1014 883 sine
1052 844 1163 882 omni
1203 842 1466 892 inquisitione
1504 842 1753 892 precedente.

626 952 680 987 De
717 950 914 998 quercubus
952 945 1367 983 datia—Mandatum
1417 947 1476 982 est
1526 944 1706 982 Johanni
1754 944 1801 981 de
1849 943 1992 981 Nevill’
2032 943 2137 992 quod
2175 943 2216 980 in

517 1013 664 1051 foresta
700 1010 804 1059 regis
841 1009 888 1047 de
928 1008 1087 1047 Salceto
1136 1006 1281 1045 habere
1326 1006 1450 1045 faciat
1494 1005 1615 1055 priori
1663 1005 1802 1045 Sancti
1853 1004 2022 1051 Andree,
2062 1006 2217 1051 Norht,

518 1075 693 1124 quinque
727 1083 894 1122 quercus
929 1070 977 1108 ad
1012 1069 1237 1108 scindulam
1275 1068 1501 1107 faciendam
1534 1068 1583 1106 ad
1616 1067 1758 1106 domos
1792 1080 1883 1105 suas
1921 1067 2217 1116 cooperiendas,

518 1136 566 1174 de
604 1135 709 1173 dono
747 1132 865 1181 regis.
939 1132 1055 1169 Teste
1094 1143 1186 1180 rege
1225 1130 1331 1179 apud
1371 1129 1579 1175 Hecham'‚
1621 1128 1690 1179 xij.
1731 1128 1794 1167 die
1831 1128 1984 1166 Marcii.

628 1240 718 1276 Hes.
778 1239 833 1276 lu>
867 1237 1033 1274 trenchea
1065 1236 1249 1284 facienda
1285 1235 1384 1271 inter
1421 1236 1561 1270 boscum
1603 1235 1696 1282 reglis
1735 1235 1777 1270 (Ie
1809 1234 1968 1281 Haspel‘
2007 1241 2039 1270 et
2077 1236 2218 1271 boscum

521 1303 662 1338 abbatis
712 1297 1157 1337 ‹nonen—Mandatum
1209 1300 1268 1333 est
1317 1294 1617 1334 constabulario
1671 1294 1811 1334 Sancti
1860 1295 2052 1333 Briavelli
2102 1296 2221 1346 quod,

521 1362 739 1411 assumptis
774 1374 908 1399 secum
948 1358 1148 1398 viridariis
1191 1361 1229 1396 et
1278 1357 1499 1396 forestariis
1544 1360 1582 1395 et
1630 1356 1720 1395 aliis
1757 1357 1805 1395 de
1842 1356 1992 1395 balliva
2030 1371 2114 1404 sua,
2155 1371 2224 1407 per

520 1425 653 1463 visum
705 1427 744 1462 et
794 1421 1073 1461 testimonium
1131 1432 1269 1458 eorum
1327 1419 1413 1457 fieri
1471 1419 1593 1457 faciat
1649 1431 1773 1457 unam
1831 1419 2064 1457 trencheam
2120 1419 2225 1458 inter

522 1486 686 1525 boscum
724 1485 826 1534 regis
863 1485 910 1522 de
949 1482 1084 1521 Hasel’
1125 1484 1163 1519 et
1202 1480 1369 1519 boscum
1409 1479 1567 1518 abbatis
1607 1480 1759 1525 Glouc'‚
1800 1483 1838 1518 et
1886 1484 2024 1529 postea
2062 1481 2224 1520 descen-

522 1549 650 1586 dendo
689 1548 794 1586 inter
825 1546 998 1584 eundem
1034 1544 1199 1582 boscum
1239 1543 1286 1581 de
1318 1542 1456 1581 Hasel'
1493 1545 1531 1581 et
1570 1542 1759 1580 ballivam
1795 1542 1989 1580 Willelmi
2027 1543 2073 1581 de
2107 1543 2225 1588 Den',

524 1611 580 1648 ita
618 1610 742 1647 latam
782 1612 825 1647 ut
864 1607 940 1645 alie
978 1606 1165 1645 trenchee
1215 1608 1309 1643 sunt
1358 1605 1399 1642 in
1441 1605 1579 1642 eadem
1618 1604 1766 1642 foresta
1808 1617 1883 1654 que
1922 1604 2025 1643 facte
2064 1605 2228 1644 fuerunt

524 1676 702 1721 tempore
733 1670 886 1709 domini
918 1670 955 1707 J.
987 1669 1104 1718 regis,
1134 1667 1260 1717 patris
1289 1667 1411 1716 hujus
1442 1666 1558 1715 regis.
1618 1666 1734 1704 Teste
1765 1679 1855 1715 rege
1886 1667 1991 1715 apud
2025 1667 2225 1717 Hegham,

524 1734 608 1784 viij.
649 1733 711 1771 die
750 1732 906 1770 Marcii.

634 1839 712 1875 Pro
765 1837 941 1874 ιῙοΙιαηηυ
994 1836 1037 1871 de
1089 1832 1592 1872 Stutevizz’.--Mandatum
1645 1834 1705 1869 est
1758 1832 1937 1870 Johanni
1988 1833 2035 1871 de
2083 1834 2227 1873 Nevill'

527 1901 632 1951 quod
679 1898 887 1948 permittat
926 1896 1155 1935 Johannem
1197 1895 1243 1933 de
1284 1894 1487 1933 Stutevill'
1528 1906 1666 1943 capere
1705 1894 1745 1931 in
1785 1893 1903 1933 bosco
1951 1908 2023 1934 suo
2070 1897 2230 1946 proprio

529 1975 645 2013 quem
678 1960 799 1998 habet
830 1959 935 1996 infra
969 1958 1158 1996 forestam
1192 1957 1296 2006 regis
1329 1957 1375 1994 de
1412 1956 1650 2000 Sfflrewud’,
1686 1968 1755 2004 per
1786 1956 1918 1995 visum
1950 1957 2230 1997 viridariorum

530 2028 569 2063 et
607 2022 905 2062 forestariorum
947 2020 1064 2069 regis,
1104 2019 1249 2068 viginti
1290 2019 1398 2056 iusta
1436 2018 1485 2055 ad
1524 2031 1564 2055 se
1603 2018 1905 2067 hospitandum.
1983 2019 2100 2059 Teste
2143 2034 2231 2071 rege

531 2087 635 2136 apud
669 2085 866 2129 Hecham,
902 2083 987 2132 viij.
1023 2082 1086 2120 die
1126 2081 1280 2119 Marcii.

645 2191 719 2227 Pro
759 2190 935 2225 ‚Iohanne
974 2189 1016 2223 de
1058 2183 1359 2231 Casti-'.—Quia
1398 2196 1464 2221 rex
1504 2182 1656 2232 accepit
1694 2195 1763 2232 per
1801 2183 2106 2233 inquisitionem
2142 2186 2233 2225 inde

534 2253 682 2291 factam
733 2251 837 2301 quod
891 2248 1057 2287 Mabilia
1113 2260 1188 2296 que
1242 2246 1320 2283 fuit
1373 2258 1473 2284 uxor
1523 2244 1686 2283 Roberti
1739 2245 1785 2282 de
1834 2245 2007 2285 Neuton’
2058 2249 2234 2298 appellat

535 2316 764 2354 Johannem
799 2312 847 2350 de
882 2311 1010 2350 Castr'
1050 2310 1097 2347 de
1135 2311 1265 2347 morte
1304 2306 1471 2357 predicti
1511 2305 1674 2345 Roberti
1713 2306 1804 2345 odio
1842 2310 1880 2345 et
1927 2311 2021 2359 atya
2067 2313 2106 2348 et
2154 2323 2235 2350 non

534 2377 640 2426 quod
684 2375 776 2413 inde
822 2372 1034 2422 culpabilis
1084 2371 1160 2411 sit:
1210 2369 1448 2407 mandatum
1495 2372 1554 2406 est
1601 2368 1826 2407 vicecomiti
1874 2369 1987 2407 Norf’
2037 2372 2154 2420 quod,
2204 2373 2236 2412 si

536 2439 641 2477 idem
700 2437 905 2475 Johannes
963 2434 1160 2473 invenerit
1217 2432 1250 2470 ei
1307 2432 1376 2481 xij.
1431 2429 1574 2480 probos
1631 2434 1670 2468 et
1726 2431 1874 2480 legales
1929 2432 2113 2472 homines
2168 2436 2237 2485 qui

538 2499 825 2548 manucapiant
863 2497 1008 2536 habere
1047 2509 1181 2535 coram
1221 2493 1456 2545 justiciariis
1492 2493 1542 2530 ad
1590 2492 1763 2541 primam
1802 2493 1970 2532 assisam
2010 2498 2099 2542 etc.‚
2140 2499 2237 2536 tuno

537 2562 670 2611 ipsum
718 2561 848 2598 tradet
895 2557 1083 2608 predictis
1131 2557 1199 2606 xij.
1247 2556 1289 2592 in
1337 2553 1520 2599 ballium,
1566 2553 1670 2592 sicut
1707 2553 1933 2603 predictum
1973 2560 2044 2595 est.
2122 2558 2238 2598 Teste

540 2627 585 2663 ut
623 2636 755 2673 supra.

647 2700 887 2738 Mandatum
941 2701 1000 2736 est
1052 2696 1257 2735 Willelmo
1311 2694 1476 2739 Hau-del,
1527 2693 1683 2732 custodi
1735 2692 1882 2732 cambii
1933 2695 2078 2743 Lond’‚
2134 2700 2239 2748 quod

541 2763 747 2802 occasione
795 2765 834 2799 et
880 2760 1072 2798 dilatione
1120 2756 1356 2807 postpositis
1404 2755 1561 2793 faciatis
1606 2755 1688 2805 (sic)
1734 2754 1879 2793 habere
1921 2756 2146 2798 vicecomiti
2193 2762 2241 2800 de

543 2826 724 2864 Frunzac
754 2823 962 2872 sexaginta
991 2833 1159 2866 marcas,
1184 2820 1231 2857 (16
1258 2819 1361 2856 dono
1391 2817 1508 2866 regis,
1536 2820 1575 2855 et
1601 2820 1780 2866 preterea
1805 2817 1981 2868 quinque
2008 2833 2163 2861 marcas
2192 2824 2241 2861 ad

543 2900 671 2926 unum
701 2885 940 2935 palefridum
972 2882 1201 2928 emendum,
1231 2879 1417 2918 similiter
1446 2879 1492 2916 (16
1522 2879 1628 2917 dono
1652 2878 1768 2927 regis,
1796 2879 1844 2917 de
1873 2880 2045 2920 exitibus
2074 2884 2242 2932 predict-,i

545 2948 715 2989 Cambii.
801 2946 986 2997 Injunxit
1021 2948 1156 2983 autem
1195 2957 1261 2980 rex
1300 2944 1486 2980 oretenus
1526 2941 1579 2978 H.
1613 2941 1660 2978 de
1691 2941 1960 2988 Patheshull'‚
1994 2944 2243 2986 thesaurario

546 3026 629 3058 suo,
665 3011 770 3061 quod
808 3010 849 3047 in
888 3008 1070 3058 proximo
1118 3007 1294 3044 adventu
1338 3017 1410 3042 suo
1458 3003 1587 3041 Lond’
1629 3003 1663 3041 ei
1710 3002 1855 3041 habere
1894 3004 2016 3044 faciat
2059 3007 2244 3049 denarios

546 3074 756 3124 predictos.
832 3072 949 3109 Teste
987 3083 1076 3119 rege
1115 3068 1220 3118 apud
1261 3068 1458 3106 Sanctum
1498 3066 1717 3111 Neothmn,
1758 3065 1811 3103 ix.
1851 3065 1912 3104 die
1953 3066 2138 3107 Marciist'

659 3187 734 3222 Pro
769 3184 951 3221 willelmo
985 3184 1028 3218 de
1058 3178 1564 3218 Ix'ltz‘sdon'.--Mandatum
1598 3180 1658 3215 est
1688 3176 1923 3227 justiciariis
1962 3178 2248 3222 itinerantibus

548 3248 588 3284 in
621 3246 816 3285 comitatu
839 3244 951 3281 Wilt‘
977 3243 1081 3292 quod
1113 3241 1269 3291 loquele
1301 3241 1398 3291 (sie),
1432 3253 1507 3289 que
1539 3238 1787 3277 summonita
1818 3238 1896 3276 fuit
1925 3252 2059 3278 coram
2086 3255 2175 3292 rege
2204 3245 2246 3283 in

550 3309 691 3347 itinere
727 3306 897 3356 predicti
945 3305 1048 3354 regis
1095 3304 1201 3341 inter
1241 3303 1495 3351 Stephanum
1535 3302 1582 3339 de
1623 3301 1795 3349 Segrave
1832 3303 1871 3338 et
1913 3301 2161 3342 Willelmum
2200 3307 2247 3345 de

639 3380 844 3436 *Cancelled
879 3404 974 3445 ‘quia
1005 3401 1152 3433 reddidit
1181 3400 1278 3432 breve
1308 3399 1491 3440 predictum
1523 3401 1557 3429 et
1583 3397 1702 3429 habuit
1733 3396 1808 3428 inde
1841 3397 1937 3430 breve
1966 3397 2006 3430 de
2036 3398 2202 3433 liberate.’
