2375 3587
157 351 303 399 1236.

163 419 223 459 [m.
242 419 293 459 a]

1029 228 1084 268 20
1125 226 1332 268 HENRY
1374 227 1455 269 ΙΙΙ.
2018 228 2098 270 301

397 422 501 471 quod
552 423 694 464 boscus
742 424 922 475 ejusdem
971 425 1076 473 ville,
1108 426 1175 475 qui
1205 426 1416 465 consuevit
1464 425 1679 464 inbreviari
1718 440 1740 465 a
1779 425 2101 477 regardatoribns

396 484 446 522 ad
511 489 624 525 vetus
690 490 850 526 vastum
916 491 954 526 et
1021 488 1076 526 sic
1142 488 1192 526 ad
1258 487 1408 537 placita
1465 488 1612 526 foreste
1678 492 1814 528 nostre
1881 490 2100 539 presentari

395 545 574 587 decetero
624 549 731 587 ultra
781 549 929 588 festum
971 550 1109 589 Sancti
1150 550 1360 588 Michaelis
1410 563 1519 588 anno
1569 550 1681 599 regni
1731 551 1859 589 nostri
1911 565 1976 589 xx.
2019 564 2097 589 non

394 607 641 649 inbrevietur
687 611 736 650 ad
783 614 897 650 vetus
945 615 1105 650 vastum
1154 625 1227 650 nec
1288 614 1545 662 presentatur
1593 613 1641 650 ad
1682 613 1830 661 placita
1869 614 2015 652 foreste
2053 614 2100 651 de

395 672 572 720 tempore
611 673 813 722 preterito.
890 673 945 712 Et
984 674 1072 712 ideo
1109 673 1221 712 vobis
1268 674 1513 711 mandamus
1552 674 1656 724 quod
1697 687 1767 723 pro
1802 675 1965 724 regardo
1994 675 2099 714 facto

393 731 440 769 de
470 733 586 772 bosco
615 736 792 785 predicto
821 749 843 774 a
873 736 1046 774 termino
1076 736 1253 785 predicto
1282 736 1324 773 in
1356 740 1475 774 antea
1505 749 1585 774 non
1615 736 1877 774 occasionetis
1914 737 2100 775 homines

395 799 553 834 nostros
598 798 797 846 predictos
844 811 917 837 nec
964 797 1127 837 boscum
1177 798 1293 836 illum
1341 798 1588 847 permittatis
1636 797 1851 837 inbreviari
1898 799 1947 837 ad
1986 803 2099 838 vetus

394 860 554 895 vastum
594 871 666 897 nec
704 859 939 909 presentari,
980 860 1082 899 sicut
1122 860 1347 909 predictum
1387 863 1459 899 est.
1535 860 1652 898 Teste
1692 864 1736 898 ut
1775 873 1908 910 supra.

503 955 556 992 Et
595 956 834 994 mandatum
873 959 932 994 est
980 954 1302 1005 regardatoribus
1352 955 1498 994 foreste
1543 956 1592 994 de
1641 955 1898 1006 Wychewud’
1934 957 2039 1006 quod
2079 970 2100 994 a

394 1016 588 1055 terminos
619 1018 703 1069 (sie)
731 1018 909 1068 predicto
935 1018 1096 1056 inantea
1120 1031 1191 1068 pro
1217 1018 1352 1068 aliquo
1380 1019 1546 1067 regardo
1574 1018 1680 1058 facto
1703 1019 1750 1056 de
1778 1018 1895 1057 bosco
1922 1020 2101 1069 predicto

394 1079 561 1127 predicti
599 1080 784 1119 homines
822 1094 903 1119 non
941 1081 1248 1119 occasionentur
1296 1093 1368 1119 nec
1416 1080 1582 1119 boscum
1623 1081 1739 1119 illum
1778 1085 2014 1135 presentent
2052 1081 2100 1120 ad

396 1141 543 1190 placita
580 1142 740 1189 foreste,
777 1144 880 1182 sicut
919 1143 1146 1193 predictum
1184 1147 1256 1182 est.
1333 1143 1452 1182 Teste
1490 1147 1534 1182 ut
1573 1157 1707 1194 supra.

502 1266 558 1302 De
592 1268 768 1314 passayia
808 1267 985 1314 flammis
1025 1268 1066 1302 dv
1108 1267 1271 1304 castello
1314 1266 1734 1304 Ns»cit—Mandatum
1782 1268 1841 1304 est
1890 1266 2101 1305 Bertramo

394 1326 441 1364 de
479 1328 637 1379 Cryoyl,
686 1327 985 1367 constabulario
1035 1328 1172 1374 Dovr’,
1228 1329 1334 1378 quod
1385 1329 1602 1378 Hugonem
1652 1329 1698 1366 de
1748 1328 1924 1367 Castello
1972 1329 2098 1375 Novo,

395 1389 567 1428 militem
607 1393 646 1428 et
683 1391 880 1429 nuncium
926 1390 1081 1428 domini
1138 1391 1405 1439 imperatoris,
1452 1395 1490 1429 et
1530 1391 1716 1429 homines
1770 1404 1862 1429 suos
1914 1394 1953 1429 et
2000 1391 2100 1429 alios

395 1452 564 1490 nuncios
603 1453 729 1502 ipsius
767 1453 921 1491 domini
962 1453 1230 1502 imperatoris,
1271 1453 1338 1502 qui
1388 1466 1481 1492 cum
1534 1466 1578 1491 eo
1637 1452 1942 1491 transfretaturi
1992 1457 2098 1499 sunt,

395 1512 553 1553 faciatis
580 1515 850 1560 transfretare,
887 1515 1122 1554 nullatenus
1152 1515 1434 1564 permittentes
1465 1515 1569 1565 quod
1599 1515 1752 1565 aliquid
1783 1516 1879 1554 dent
1910 1516 2097 1565 paagium

394 1587 466 1624 pro
503 1577 688 1626 passagio
726 1589 822 1623 suo:
882 1580 919 1615 et
959 1577 991 1615 si
1049 1577 1238 1627 paagium
1296 1578 1388 1615 dare
1444 1577 1629 1623 debeant,
1670 1590 1738 1615 vos
1777 1589 1857 1615 non
1899 1578 2099 1616 omittatis

392 1637 490 1687 quin
528 1639 575 1676 de
612 1638 787 1677 denariis
825 1639 974 1677 nostris
1004 1639 1102 1676 illud
1132 1639 1382 1688 acquietetis‚
1413 1642 1452 1678 et
1482 1639 1521 1677 id
1552 1639 1665 1678 vobis
1695 1639 1857 1678 allocari
1889 1640 2097 1679 faciemus,

395 1700 510 1740 Teste
548 1714 637 1751 rege
675 1701 781 1751 apud
821 1701 1056 1747 Wudestok,
1098 1715 1134 1739 x.
1175 1701 1238 1740 die
1278 1701 1465 1751 Augusti.

501 1828 559 1864 De
596 1829 717 1864 damis
755 1827 1167 1865 ‹Jat2·s.—ixlandatum
1207 1830 1266 1865 est
1306 1826 1459 1865 Thome
1498 1827 1545 1865 de
1580 1826 1783 1866 Sainford'
1816 1827 1921 1877 quod
1954 1827 2099 1866 habere

394 1888 515 1927 faciat
554 1889 718 1938 Pagano
756 1889 803 1927 de
843 1889 1013 1928 Chaurc’
1053 1889 1111 1939 iij.
1147 1889 1288 1927 damos
1326 1889 1367 1926 in
1417 1889 1567 1927 foresta
1605 1889 1652 1927 de
1692 1889 1865 1927 Braden‘
1908 1889 1955 1927 de
1994 1889 2099 1928 dono

394 1952 510 2001 regis,
550 1955 589 1990 et
627 1952 675 1989 ad
716 1964 782 1990 eos
819 1951 1032 2001 capiendos
1071 1952 1105 1990 ei
1146 1952 1197 1990 sit
1237 1951 1451 1990 auxilians.
1530 1951 1645 1990 Teste
1685 1954 1729 1990 ut
1768 1964 1902 2001 supra.

500 2039 651 2077 Eodem
691 2039 811 2077 modo
859 2038 1047 2077 scribitur
1095 2038 1273 2077 Henrico
1320 2039 1366 2076 de
1406 2039 1510 2076 Aun’
1542 2039 1589 2076 de
1629 2039 1701 2090 iiij.
1734 2039 1865 2077 damis
1903 2039 2099 2078 habendis

392 2101 433 2139 in
474 2101 691 2140 Bocholtt'.

504 2216 717 2253 Wasconia.
819 2216 891 2251 pm
945 2217 994 2253 Β.
1050 2217 1092 2252 «le
1150 2215 1432 2253 Pedia—Rex
1489 2214 1709 2252 senescallo
1759 2227 1831 2253 suo
1889 2214 2098 2253 Wasconie

392 2277 579 2314 salutem.
657 2276 902 2314 Mandamus
950 2275 1063 2314 vobis
1108 2276 1213 2326 quod
1254 2276 1359 2314 sicut
1410 2289 1538 2324 nuper
1576 2275 1766 2313 convenit
1817 2275 1858 2313 in
1898 2277 2098 2325 presentia

392 2343 531 2377 nostra
579 2339 685 2377 inter
724 2352 797 2377 nos
847 2342 885 2376 et
933 2338 980 2376 B.
1021 2339 1068 2376 de
1107 2338 1246 2384 Podio,
1287 2339 1391 2388 quod
1449 2351 1519 2387 pro
1566 2338 1753 2386 dampnis
1793 2338 1826 2375 ei
1866 2338 1990 2376 illatis
2030 2352 2099 2387 per

390 2401 647 2439 dissaisinam
681 2414 801 2450 quam
832 2400 866 2438 ei
897 2400 1049 2439 fecistis
1078 2401 1125 2438 de
1156 2404 1260 2438 terra
1298 2413 1419 2449 quam
1451 2400 1486 2438 ei
1520 2400 1853 2438 commiseramus
1884 2400 1925 2438 in
1965 2401 2099 2438 insula

392 2464 588 2508 Oleronis,
629 2476 700 2512 pro
738 2461 885 2512 quibus
933 2462 1054 2500 finem
1104 2462 1255 2500 fecistis
1303 2475 1395 2500 cum
1435 2475 1480 2500 eo
1519 2475 1588 2511 per
1621 2461 1939 2510 quadringentas
1976 2462 2097 2500 libras

392 2527 656 2571 Turonenses,
697 2525 860 2563 haberet
900 2530 1044 2563 terram
1083 2538 1158 2575 que
1199 2525 1275 2563 fuit
1316 2524 1487 2563 Comitis
1522 2524 1669 2573 Engol'
1711 2524 1751 2560 in
1791 2524 1928 2562 eadem
1965 2525 2097 2562 insula

390 2602 482 2627 cum
522 2587 700 2636 affeagiis
740 2587 907 2625 navium
947 2586 1108 2633 ibidem,
1142 2587 1189 2625 (16
1228 2587 1406 2636 predicta
1445 2590 1549 2625 terra
1583 2599 1675 2624 cum
1715 2586 1894 2635 affeagiis
1934 2587 2096 2636 plenam

389 2651 423 2689 ei
462 2650 651 2689 saisinam
690 2650 835 2687 habere
875 2649 1033 2687 faciatis
1073 2649 1246 2687 tenenda
1293 2662 1499 2699 quousque
1547 2648 1745 2697 predictas
1780 2649 2096 2698 quadringentas

389 2713 510 2752 libras
548 2713 806 2751 Turonenses
845 2712 938 2750 inde
977 2712 1209 2761 perceperit.
1288 2712 1407 2750 Teste
1442 2714 1486 2749 ut
1525 2724 1660 2760 supra.

499 2836 553 2872 De
609 2835 789 2871 bnrnettis
841 2840 875 2870 et
926 2834 1017 2871 aliis
1070 2835 1211 2881 pannis
1277 2831 1768 2870 h‘theudis.—Mandatum
1836 2834 1896 2869 est
1962 2831 2094 2880 probis

389 2895 623 2935 hominibus
661 2895 708 2933 de
747 2895 964 2933 Beverlaco
1003 2894 1180 2933 inventis
1219 2895 1259 2932 in
1300 2894 1496 2932 nundinis
1532 2893 1579 2931 de
1630 2894 1765 2932 Stowa
1798 2893 1903 2943 quod
1943 2893 2094 2931 faciant

390 2958 534 2997 habere
573 2958 620 2995 ad
668 2970 767 3006 opus
814 2956 969 2995 domini
1019 2957 1124 3006 regis
1174 2970 1209 2996 v.
1264 2955 1388 2994 bonas
1442 2955 1651 2994 burnettas
1690 2969 1726 2992 x.
1768 2955 2018 3004 powenacios
2057 2965 2093 2993 et

388 3021 473 3070 viij.
514 3019 651 3064 bleus;
694 3022 732 3057 et
767 3018 946 3068 precium
986 3019 1204 3057 eorundem
1249 3031 1478 3068 pannorum
1526 3017 1717 3055 dominus
1757 3030 1823 3055 rex
1863 3017 1918 3055 eis
1958 3017 2093 3055 reddet

390 3083 494 3132 apud
542 3082 671 3119 Lond'
726 3081 767 3118 in
820 3080 1004 3130 proximo
1055 3081 1232 3119 adventu
1287 3093 1357 3118 suo
1403 3079 1552 3118 ibidem
1607 3083 1696 3128 post
1750 3079 1899 3118 festum
1954 3078 2093 3118 Sancti

390 3144 614 3189 Michaelis,
655 3156 761 3181 anno
800 3156 863 3180 xx.

496 3231 651 3269 Eodem
691 3229 809 3267 modo
857 3228 1045 3267 scribitur
1084 3229 1221 3278 probis
1265 3228 1499 3267 hominibus
1548 3228 1655 3266 Leic'
1708 3227 1885 3265 inventis
1944 3226 2092 3264 ibidem

387 3295 433 3332 de
472 3292 627 3331 duabus
665 3290 781 3329 bonis
821 3291 1006 3329 russettis
1045 3292 1092 3329 de
1131 3291 1350 3342 Leycestr'.
1425 3290 1481 3329 Et
1520 3289 1654 3339 probis
1702 3288 1936 3326 hominibus
1974 3289 2087 3326 Linc'

387 3358 434 3394 de
471 3354 626 3393 duabus
674 3353 874 3392 scarlettis
921 3356 959 3391 et
1006 3353 1161 3391 duabus
1208 3354 1394 3391 russettis
1440 3356 1479 3390 et
1527 3365 1590 3390 xv.
1627 3351 1772 3401 pannis
1811 3349 2005 3388 viridibus
2044 3351 2090 3388 de

389 3418 589 3458 Lincoln'.

383 3498 505 3535 EC*
