2375 3587
245 186 323 225 194

307 324 449 370 1235.

307 389 449 430 [m.5c1.]

298 2039 358 2077 [m.
384 2039 455 2078 4c1.]

1173 187 1357 230 ‹JLOSE
1402 189 1605 230 ROLLS.

651 383 734 420 Rex
773 382 920 421 ballivo
959 397 1029 422 suo
1067 385 1114 422 de
1153 385 1333 430 Gerner‘,
1370 385 1554 423 salutem.
1613 386 1856 424 Monstravit
1889 386 2003 425 nobis
2037 387 2238 425 Jordanus

544 444 591 481 de
648 444 809 493 Capella
865 447 982 494 quod,
1031 459 1122 484 cum
1179 459 1312 484 coram
1369 446 1601 497 justiciariis
1657 448 1802 485 ultimo
1858 447 2140 486 itinerantibus
2196 448 2238 485 in

544 504 691 543 balliva
730 511 798 544 tua
836 511 1005 545 rettatus
1043 512 1144 546 esset
1184 509 1229 545 de
1277 508 1487 546 latrocinio
1530 521 1598 557 per
1646 509 1715 559 xij.
1764 510 1911 558 legales
1958 510 2143 548 homines
2190 510 2240 548 ad

544 568 619 606 hoc
660 569 814 618 juratos
861 572 898 606 et
946 583 990 606 ea
1037 570 1241 607 occasione
1289 574 1404 618 capta
1451 573 1553 607 esset
1601 570 1641 607 in
1691 583 1859 608 manum
1907 575 2086 609 nostram
2135 574 2241 610 terra

545 643 616 668 sua
654 642 734 667 una
771 643 862 668 cum
902 631 1058 669 catallis
1096 632 1191 677 suis,
1232 634 1270 669 et
1310 631 1530 680 inquisitio,
1571 645 1646 682 que
1689 636 1827 682 postea
1873 632 1965 671 inde
2005 633 2111 671 facta
2148 633 2239 679 fuit,

545 695 588 729 ut
636 692 745 738 dicit,
794 706 863 741 per
909 693 1035 742 xxiiij.
1084 693 1230 742 legales
1277 693 1460 732 homines
1508 694 1554 731 de
1602 698 1759 743 recepto
1805 697 1955 739 nostro,
2004 694 2137 744 ipsum
2194 695 2241 732 de

543 754 721 802 predicto
758 754 968 792 latrocinio
1007 755 1300 804 acquietassent
1338 759 1545 805 tamquam
1584 755 1752 804 legalem
1800 755 2021 802 hominem,
2062 755 2240 805 predicta

544 819 648 853 terra
678 828 748 852 sua
777 819 815 852 et
844 816 988 853 catalla
1017 817 1197 854 nondum
1228 819 1321 854 sunt
1350 816 1385 854 ei
1414 817 1613 855 restituta.
1672 817 1727 855 Et
1762 817 1848 855 ideo
1885 816 1958 855 tibi
1997 817 2240 866 precipimus

544 877 662 925 quod,
704 878 735 914 si
774 877 831 915 ita
867 881 938 920 est,
979 882 1061 915 tam
1110 881 1256 916 terram
1305 891 1419 916 suam
1466 892 1587 927 quam
1644 879 1780 917 onmia.
1838 879 1983 917 catalla
2039 892 2124 924 sua,
2165 891 2240 928 que

545 939 722 988 predicta
759 939 963 977 occasione
999 940 1034 977 ei
1073 940 1207 978 ablata
1246 941 1422 986 fuerunt,
1462 941 1496 978 ei
1540 941 1624 978 sine
1671 941 1864 979 dilatione
1912 940 2056 978 habere
2103 940 2239 986 facias,

546 1013 594 1037 ne
624 1001 775 1038 clamor
811 1001 977 1038 iteratus
1017 1001 1106 1039 inde
1145 1002 1193 1039 ad
1232 1015 1305 1039 nos
1343 1002 1483 1040 debeat
1518 1002 1736 1051 pervenire.
1804 1002 1921 1040 Teste
1959 1005 2003 1040 ut
2042 1015 2175 1051 supra.

653 1071 892 1108 Mandatum
932 1075 990 1109 est
1028 1071 1328 1110 vicecomitibus
1367 1073 1493 1110 Lond’
1534 1073 1638 1121 quod
1677 1072 1837 1121 vig-initi
1875 1074 1913 1110 et
1952 1085 2020 1110 sex
2058 1071 2164 1109 dolia
2202 1074 2240 1110 et

544 1132 643 1169 duas
690 1132 803 1181 pipas
850 1132 946 1178 vini,
995 1146 1070 1182 que
1116 1133 1258 1171 Petrus
1308 1133 1485 1180 Arnaldi,
1535 1133 1744 1182 burgensis
1790 1134 1837 1171 de
1876 1133 2015 1180 Ponte,
2052 1133 2119 1183 qui
2157 1133 2240 1183 jam

545 1193 758 1232 defunctus
814 1198 885 1240 est,
942 1195 1053 1232 misit
1110 1208 1233 1245 usque
1290 1196 1473 1234 London'
1532 1209 1600 1245 per
1655 1195 1907 1233 Bel-nardum
1963 1195 2010 1233 de
2067 1195 2241 1233 Brences

545 1259 731 1304 nepotem
787 1269 905 1294 suum
962 1257 1109 1295 ibidem
1160 1258 1368 1296 vendenda
1418 1260 1484 1307 [et]
1535 1271 1610 1307 que
1657 1258 1787 1296 adhuc
1834 1256 1982 1295 ibidem
2039 1259 2147 1302 sunt,
2195 1259 2240 1294 ut

544 1317 702 1362 dicitur,
734 1319 898 1356 arestari
929 1322 967 1356 et
997 1319 1106 1357 salvo
1135 1319 1325 1358 custodiri
1356 1320 1507 1358 faciant
1545 1320 1671 1358 donec
1709 1319 1819 1357 aliud
1857 1331 1880 1356 a
1908 1331 1998 1368 rege
2027 1317 2242 1356 habuerint

545 1379 796 1417 mandatum.
874 1380 990 1418 Teste
1030 1384 1073 1419 ut
1112 1394 1244 1430 supra.
1322 1381 1396 1419 Per
1434 1382 1483 1419 R.
1523 1381 1654 1419 filium
1694 1380 1891 1419 Nicholai.

654 1450 737 1487 Rex
776 1451 918 1500 majori
950 1454 989 1489 et
1020 1451 1231 1500 prepositis
1264 1452 1419 1489 Exonie
1448 1451 1633 1489 salutem.
1707 1450 1956 1499 Precipimus
1984 1449 2095 1488 vobis
2124 1449 2241 1499 quod,

545 1524 625 1550 non
683 1511 867 1551 obstante
922 1514 1115 1551 mandato
1171 1517 1307 1552 nostro
1364 1514 1468 1564 quod
1527 1526 1654 1563 nuper
1710 1513 1880 1551 fecimus
1931 1513 1979 1550 de
2036 1511 2152 1550 rebus
2203 1514 2242 1550 et

545 1573 804 1610 mercandisis
854 1578 1119 1612 mercatorum
1173 1575 1219 1612 de
1262 1578 1459 1623 potestate
1516 1575 1619 1623 regis
1677 1575 1708 1611 F
1713 1574 1845 1612 rancie
1898 1573 2121 1612 arestandis
2174 1585 2244 1622 per

544 1641 674 1672 totum
727 1648 895 1684 regnum
949 1640 1145 1682 nostrum,
1198 1637 1306 1674 reddi
1357 1637 1514 1675 faciatis
1561 1637 1647 1674 sine
1703 1636 1941 1674 difficultate
1992 1635 2138 1673 Galoni
2194 1635 2242 1672 de

546 1697 711 1734 Nonetis
764 1697 825 1735 vel
877 1702 984 1736 certo
1031 1699 1180 1736 nuncio
1227 1711 1298 1735 suo
1345 1711 1484 1736 omnes
1531 1698 1727 1744 denarios,
1775 1697 1843 1747 qui
1891 1698 1925 1735 ei
1965 1696 2161 1735 debentur
2198 1696 2241 1733 in

544 1758 640 1796 villa
692 1759 848 1796 Exonie
890 1762 929 1796 et
985 1773 1031 1797 ea
1087 1760 1292 1798 occasione
1344 1760 1379 1797 ei
1429 1760 1675 1798 detinentur.
1769 1759 1837 1805 Et,
1891 1758 1922 1796 si
1979 1758 2076 1808 quid
2132 1757 2242 1795 aliud

544 1820 708 1858 arestari
759 1821 908 1859 fecistis
965 1821 1012 1858 de
1060 1821 1175 1859 rebus
1223 1825 1261 1859 et
1309 1822 1569 1860 mercandisis
1625 1821 1751 1870 ipsius
1813 1820 1981 1858 Galonis
2037 1820 2242 1858 occasione

545 1882 733 1930 predicta,
775 1883 813 1920 id
850 1883 885 1920 ei
924 1883 1009 1921 sine
1047 1883 1239 1921 dilatione
1276 1883 1515 1922 deliberetis.
1593 1883 1710 1921 Teste
1750 1895 1840 1932 rege
1878 1882 1983 1932 apud
2018 1881 2239 1928 Waltham‚

545 1957 636 1982 xxv.
676 1944 737 1982 die
776 1944 961 1993 Augusti.

652 2031 737 2069 Rex
775 2031 920 2070 dilecto
958 2036 995 2070 et
1034 2032 1141 2072 fideli
1181 2046 1252 2071 suo
1284 2033 1463 2083 Drogoni
1497 2033 1544 2071 de
1576 2032 1771 2070 Barentin
1804 2031 1990 2070 salutem.
2066 2030 2242 2070 Veniens

544 2093 592 2130 ad
622 2106 694 2131 nos
724 2094 986 2143 Reymundus
1016 2095 1220 2141 Bernard’,
1244 2099 1440 2133 mercator
1477 2095 1525 2132 de
1553 2096 1739 2143 Peregoz,
1762 2093 1936 2143 graviter
1965 2093 2242 2142 conquerendo

544 2154 659 2192 nobis
696 2156 936 2194 monstravit
975 2157 1079 2206 quod
1115 2157 1344 2206 Stephanus
1379 2157 1512 2195 Alard‘
1547 2157 1595 2195 de
1626 2157 1713 2206 Rya
1746 2156 1880 2205 ipsum
1911 2158 1951 2194 et
1987 2155 2241 2204 Stephanum

544 2218 751 2263 Bernard’,
802 2218 964 2256 fratrem
1014 2232 1144 2265 suum,
1194 2220 1297 2258 sicut
1344 2220 1507 2257 fuerunt
1554 2219 1596 2256 in
1644 2218 1840 2257 veniendo
1876 2230 2013 2256 versus
2051 2217 2240 2266 Angliam

544 2292 634 2317 cum
674 2281 778 2318 vinis
816 2280 911 2327 suis,
951 2282 1188 2330 depredatus
1218 2285 1277 2319 est
1306 2295 1434 2331 nuper
1463 2282 1503 2319 in
1534 2281 1635 2319 mari
1664 2284 1703 2319 et
1731 2281 1954 2329 predictum
1987 2279 2240 2328 Stephanum

544 2342 648 2390 cepit
682 2355 762 2380 una
795 2356 883 2381 cum
917 2343 1156 2392 quibusdam
1195 2344 1351 2382 catallis
1392 2344 1487 2389 suis,
1528 2347 1566 2381 et
1606 2346 1690 2381 tam
1729 2343 1863 2391 ipsum
1904 2342 2154 2391 Stephanum
2186 2341 2242 2378 ita

543 2408 706 2451 captum
755 2417 875 2453 quam
923 2406 1069 2443 catalla
1116 2406 1292 2454 predicta
1330 2405 1445 2442 duxit
1493 2405 1535 2442 in
1588 2405 1767 2443 insulam
1814 2404 1861 2442 de
1909 2404 2062 2441 Gerner
2121 2405 2160 2440 et
2197 2415 2243 2440 ea

543 2463 691 2501 ibidem
730 2465 926 2514 deposuit.
1003 2466 1057 2503 Et
1095 2466 1182 2504 ideo
1221 2466 1331 2504 vobis
1363 2466 1604 2504 mandamus
1634 2465 1807 2503 firmiter
1835 2465 2093 2515 injungentes
2122 2463 2241 2512 quod,

542 2525 574 2562 si
622 2526 824 2575 predictus
873 2528 1098 2575 Stephanus
1144 2529 1333 2564 Bernard'
1381 2527 1421 2563 in
1470 2527 1602 2564 insula
1649 2526 1826 2575 predicta
1879 2526 2067 2563 inventus
2121 2524 2242 2562 fuerit

542 2587 604 2625 vel
651 2587 796 2625 catalla
844 2588 977 2637 aliqua
1023 2601 1098 2637 que
1144 2589 1346 2637 predictus
1393 2588 1657 2637 Reymundus
1705 2591 1930 2625 monstrare
1977 2586 2123 2635 poterit
2170 2598 2242 2623 sua

542 2660 638 2689 esse,
683 2662 729 2687 ea
771 2649 855 2687 sine
896 2650 1086 2687 dilatione
1114 2650 1292 2699 predicto
1324 2649 1561 2699 Reymundo
1600 2649 1708 2687 reddi
1742 2652 1781 2686 et
1818 2649 1952 2697 ipsum
1987 2649 2240 2697 Stephanum

543 2710 751 2748 deliberari
808 2711 977 2749 faciatis.
1072 2713 1137 2757 Et,
1188 2711 1220 2749 si
1273 2711 1315 2748 in
1372 2711 1597 2760 predictum
1655 2711 1907 2760 Stephanum
1964 2710 2114 2754 Alard'‚
2173 2709 2241 2758 qui

542 2772 819 2810 crudelitatem
853 2773 973 2811 istam
1012 2773 1266 2822 perpetravit,
1298 2785 1466 2824 manum
1500 2772 1660 2810 mittere
1690 2771 1865 2821 possitis,
1896 2771 2028 2820 ipsum
2059 2770 2241 2809 arestetis

541 2837 580 2870 et
628 2834 736 2871 salvo
774 2834 1009 2872 custodiatis
1043 2835 1167 2873 donec
1201 2834 1310 2872 aliud
1339 2834 1432 2872 inde
1466 2833 1774 2883 preceperimus.
1852 2833 1968 2871 Teste
2006 2845 2097 2882 rege
2134 2832 2240 2881 apud

545 2894 763 2941 Waltham‚
797 2909 887 2934 xxv.
917 2896 979 2934 die
1009 2897 1194 2946 Augusti.

653 2983 966 3021 Linc’.—Abbas
1036 2984 1082 3021 de
1147 2983 1283 3033 Burgo
1339 2983 1559 3022 attornavit
1622 2983 1826 3032 Rogerum
1888 2982 1935 3020 de
1998 2981 2141 3019 Nevill’
2199 2984 2238 3019 et

543 3045 759 3082 Ricardum
798 3045 928 3082 filium
970 3045 1153 3083 L'mfredi
1199 3046 1240 3082 in
1287 3045 1634 3094 perambulatione
1679 3057 1800 3094 quam
1838 3057 1906 3082 rex
1945 3043 2029 3081 fieri
2063 3043 2238 3092 precepit

540 3107 645 3145 inter
681 3111 827 3145 terram
864 3107 988 3156 ipsius
1025 3107 1179 3146 abbatis
1227 3108 1267 3145 in
1317 3106 1489 3158 Turleby
1535 3110 1575 3145 et
1622 3109 1767 3144 terram
1808 3105 1993 3155 Hugonis
2039 3104 2153 3143 Wak’
2195 3105 2237 3142 in

542 3169 683 3206 Brun.’

652 3257 1112 3305 <'antebrifioe—Simon
1157 3256 1192 3294 le
1237 3257 1333 3295 Bret
1378 3256 1598 3295 attornavit
1651 3255 1849 3293 Thomam
1899 3254 1947 3292 de
1994 3253 2233 3302 Norhampt’

539 3331 675 3357 versus
714 3318 916 3356 Hei-veum
955 3318 1086 3356 filium
1133 3318 1286 3368 Pagani
1329 3321 1533 3358 tenentem
1573 3317 1620 3357 de
1659 3329 1740 3357 una
1778 3318 1963 3355 carucata
2003 3318 2104 3353 terre
2142 3327 2233 3357 cum

539 3379 792 3428 pertinentiis
830 3380 871 3417 in
910 3379 1128 3430 Abynton’.
