2375 3587
190 358 333 406 1236.

205 427 262 465 [m.
281 427 327 465 7.]

1066 238 1120 278 20
1162 235 1368 277 HENRY
1409 235 1493 277 ΙΙΙ.
2049 235 2132 277 293

430 428 565 467 uxoris
618 442 686 468 sue
732 431 941 470 occasione
979 432 1253 470 contentionis
1291 434 1399 470 mote
1438 432 1486 469 de
1525 431 1773 470 successione
1811 430 2053 469 hereditaria
2091 430 2133 467 in

429 490 609 539 predicta
667 495 786 538 terra,
844 492 956 532 vobis
1013 494 1257 532 mandamus
1314 493 1488 531 firmiter
1545 493 1806 543 injungentes
1860 492 1966 542 quod
2032 491 2135 529 nulli

428 553 648 602 predictam
688 558 836 593 terram
875 555 1050 594 recidatis
1088 556 1227 602 donec,
1267 555 1519 594 considerato
1558 555 1601 592 in
1640 555 1751 593 curia
1789 558 1928 593 nostra
1964 554 2054 604 quis
2092 554 2133 591 in

429 628 475 652 ea
513 616 722 655 succedere
761 617 916 664 debeat,
958 618 1068 656 aliud
1107 618 1199 656 inde
1239 619 1325 656 fieri
1365 617 1675 668 preceperimus.
1745 617 1864 655 Teste
1898 630 1989 666 rege
2027 616 2133 666 apud

428 676 597 724 Persor‘,
639 679 768 730 xxiiij.
808 680 871 718 die
910 680 1024 718 Julii.

541 788 620 824 Pro
673 789 813 825 duobus
864 791 1131 826 meream-ihus
1188 791 1230 826 de
1285 787 1821 826 IViuelwles'.-Mandatuni
1879 789 1939 824 est
1998 786 2034 823 J.
2088 786 2135 824 de

427 848 632 886 Colemere
687 850 792 898 quod
851 850 1036 888 Galfrido
1093 851 1140 888 de
1206 850 1449 888 Wincheles'
1507 849 1575 899 qui
1615 849 1730 887 duxit
1779 861 1903 898 usque
1951 848 2134 886 London'

428 910 482 947 xl.
522 910 628 948 dolia
667 911 751 949 vini
786 913 832 950 de
871 911 1055 961 partibus
1093 911 1380 950 transmarinis
1420 912 1466 950 de
1504 911 1609 949 vinis
1648 924 1723 960 que
1774 910 1938 947 fuerunt
1985 909 2137 947 Ernisii

426 972 474 1010 de
508 972 695 1022 Peregoz,
731 974 905 1012 convicti
940 987 1058 1023 super
1097 974 1227 1013 heresi
1266 976 1304 1012 et
1343 974 1448 1023 apud
1488 973 1757 1022 Burdegalam
1790 971 1956 1017 detenti,
1989 975 2027 1009 et
2060 985 2136 1020 que

428 1034 470 1072 in
508 1048 676 1073 manum
716 1036 820 1085 regis
859 1037 963 1086 cepit
1004 1049 1072 1086 per
1111 1040 1345 1086 preceptum
1385 1036 1489 1085 regis
1527 1039 1566 1074 et
1603 1035 1761 1075 Simoni
1797 1035 1843 1071 de
1879 1033 2137 1078 Wincheles’,

427 1097 495 1146 qui
545 1098 659 1136 duxit
708 1111 832 1148 usque
887 1099 1083 1137 Sanctum
1138 1098 1353 1137 Botulfuin
1407 1098 1432 1135 1.
1492 1097 1599 1136 dolia
1656 1096 1738 1134 vini
1796 1096 1843 1134 de
1900 1095 2004 1133 vinis
2060 1108 2134 1144 que

429 1160 592 1198 fuerunt
630 1160 810 1210 ejusdem
850 1161 1005 1199 Ernisii
1045 1164 1083 1200 et
1123 1174 1197 1211 que
1238 1160 1426 1198 similiter
1465 1160 1569 1209 cepit
1609 1159 1649 1197 in
1699 1171 1867 1196 manum
1916 1157 2019 1207 regis
2068 1170 2136 1206 per

427 1226 658 1272 preceptum
698 1223 800 1273 regis
846 1224 1013 1262 frettum
1064 1224 1229 1263 navium
1270 1236 1434 1262 suarum
1484 1223 1568 1261 sine
1614 1221 1808 1260 dilatione
1857 1220 1966 1259 reddi
2016 1219 2137 1258 faciat

428 1285 469 1324 in
509 1285 696 1324 denariis.
774 1286 890 1325 Teste
930 1300 1018 1336 rege
1057 1290 1102 1325 ut
1140 1300 1274 1336 supra.

538 1396 593 1432 Dc
629 1402 787 1432 ulterram
826 1396 1187 1433 clanaeanaelm—Rex
1226 1407 1295 1444 per
1333 1397 1487 1432 cartam
1528 1405 1642 1431 suam
1682 1390 1881 1430 concessit
1928 1390 2051 1440 priori
2099 1391 2138 1428 et

430 1456 640 1495 monachis
693 1457 898 1506 wigornie
954 1457 1058 1507 quod
1115 1457 1192 1506 ipsi
1251 1460 1289 1494 et
1345 1444 1592 1494 successores
1640 1467 1779 1492 eorum
1837 1453 2135 1502 imperpetuum

429 1518 605 1557 habeant
663 1532 790 1556 unum
849 1524 1073 1557 mercatum
1133 1519 1308 1568 singulis
1364 1517 1606 1567 septimanis
1663 1529 1732 1565 per
1787 1515 1895 1553 diem
1947 1514 2136 1552 Mercurii

429 1582 535 1630 apud
573 1582 799 1619 manerium
840 1594 959 1619 suum
999 1582 1046 1619 de
1081 1581 1307 1630 Lindrigg’,
1346 1580 1449 1618 sicut
1482 1578 1642 1629 plenius
1681 1577 1912 1616 continetur
1947 1577 1988 1613 in
2026 1579 2137 1614 carta

428 1643 619 1693 predicta.
697 1643 752 1681 Et
793 1643 1033 1682 mandatum
1073 1646 1133 1681 est
1172 1641 1398 1681 vicecomiti
1447 1641 1627 1690 Wigorn'
1668 1639 1770 1690 quod
1821 1641 1974 1677 cartam
2022 1638 2134 1675 illam

429 1706 469 1743 in
505 1705 622 1755 pleno
653 1705 850 1744 comitatu
886 1719 957 1744 suo
987 1706 1064 1755 legi
1100 1708 1138 1743 et
1170 1707 1394 1742 mercatum
1431 1703 1532 1741 illud
1562 1701 1729 1740 clamari
1765 1701 1885 1739 faciat
1920 1704 1958 1738 et
1994 1700 2133 1745 teneri,

427 1768 531 1806 sicut
569 1767 794 1817 predictum
832 1770 904 1807 est.
981 1767 1097 1806 Teste
1136 1780 1225 1817 rege
1264 1767 1367 1816 apud
1410 1764 1676 1815 Wigornfflm,
1720 1763 1849 1813 xxiiij.
1890 1763 1954 1800 die
1993 1762 2108 1800 Julii.

538 1878 617 1913 Pro
674 1877 856 1914 li'illelmo
906 1878 949 1913 de
999 1874 1524 1924 (santilupo.—Mandatum
1575 1875 1635 1911 est
1684 1871 1860 1910 Waltero
1906 1870 1954 1908 de
2002 1870 2138 1919 Burgo

427 1942 466 1977 61
506 1938 699 1977 Warnero
738 1938 926 1989 Engayn'
967 1939 1072 1989 quod
1122 1937 1245 1976 talem
1297 1936 1487 1975 seisinam
1537 1934 1683 1973 habere
1733 1933 1884 1972 faciant
1930 1931 2136 1970 Willelmo

427 2001 474 2039 de
523 2001 740 2050 Cantilupo
788 2001 835 2039 de
882 2000 1062 2039 manerio
1110 2000 1156 2038 de
1204 2000 1345 2038 Kaune
1392 2011 1485 2037 cum
1533 1996 1789 2047 pertinentiis
1831 1994 1992 2045 qualem
2042 1993 2136 2032 inde

427 2063 570 2102 habuit
608 2067 826 2113 antequam
866 2063 1095 2101 manerium
1129 2062 1230 2100 illud
1262 2063 1455 2111 ceperunt
1494 2060 1536 2098 in
1575 2072 1744 2098 manum
1783 2057 1888 2107 regis
1928 2055 2137 2095 occasione

427 2127 603 2176 precepti
643 2126 747 2174 regis
783 2127 889 2175 quod
926 2126 983 2164 eis
1023 2125 1118 2164 fecit
1158 2125 1206 2163 de
1243 2123 1458 2163 dominicis
1498 2123 1601 2172 regis
1640 2120 1846 2172 capiendis
1885 2119 1927 2157 in
1966 2131 2137 2157 manum

427 2189 531 2238 regis
570 2189 694 2227 donec
736 2189 844 2227 aliud
884 2202 906 2226 a
946 2201 1035 2237 rege
1074 2187 1291 2226 habuerint
1329 2187 1584 2224 mandatum.
1662 2184 1779 2222 Teste
1819 2185 1863 2220 ut
1902 2194 2034 2231 supra.

543 2300 615 2335 Pro
663 2298 840 2335 (lahama
887 2299 928 2332 «lv
979 2298 1187 2344 ι’(ιηΐίίιψω
1237 2304 1269 2332 et
1320 2309 1434 2331 emm-c*
1480 2291 1719 2339 qs'ussssRex
1765 2290 1989 2328 vicecomiti
2029 2289 2136 2327 &Yam

429 2362 614 2400 salutem.
709 2359 812 2406 Quia
868 2358 1152 2409 perpendimus
1208 2357 1314 2407 quod
1369 2356 1499 2394 Alicia
1553 2355 1601 2392 de
1658 2353 1810 2403 Moyun
1860 2364 1933 2390 nos
1978 2351 2135 2400 decepit

429 2421 678 2473 suggerendo
716 2420 829 2459 nobis
864 2420 969 2470 quod
1001 2420 1104 2458 alius
1136 2419 1214 2457 fuit
1246 2419 1362 2456 heres
1395 2429 1514 2467 quem
1544 2417 1630 2466 jure
1665 2413 1908 2453 hereditario
1937 2413 2139 2463 contingit

430 2485 656 2524 manerium
705 2483 752 2521 de
802 2483 985 2522 Sturton'
1034 2495 1154 2532 quam
1204 2480 1404 2530 Margeria
1461 2479 1545 2517 filia
1603 2477 1797 2516 Willehni
1848 2475 1996 2514 Cumin
2043 2488 2135 2514 cum

430 2547 566 2586 nullus
606 2546 708 2584 alius
743 2544 922 2584 subesset
957 2558 1028 2583 nec
1067 2544 1133 2594 qui
1173 2543 1400 2582 manerium
1437 2541 1536 2579 illud
1572 2542 1745 2589 peteret:
1788 2537 1859 2576 tibi
1895 2537 2137 2587 precipimus

429 2610 535 2661 quod
584 2621 664 2647 non
715 2607 900 2646 obstante
953 2610 1137 2656 precepto
1196 2608 1334 2644 nostro
1391 2604 1495 2654 quod
1554 2601 1625 2641 tibi
1677 2600 1845 2640 fecimus
1895 2599 1941 2637 de
1992 2599 2138 2637 seisina

429 2672 613 2713 facienda
651 2670 826 2720 predicte
876 2669 1002 2707 Alicie
1048 2669 1095 2707 de
1144 2668 1325 2706 manerio
1365 2666 1542 2716 predicto
1591 2664 1754 2702 nomine
1798 2661 1977 2701 custodie
2018 2661 2138 2699 talem

430 2735 620 2775 seisinam
669 2731 813 2771 habere
861 2732 984 2770 facias
1033 2730 1213 2769 Johanni
1262 2730 1309 2767 de
1359 2728 1575 2776 Cantilupo
1619 2730 1657 2764 et
1705 2724 1880 2775 predicte
1928 2722 2137 2772 Mai-geme,

430 2797 543 2837 uxori
574 2809 655 2840 sue,
687 2794 847 2844 qualem
887 2794 980 2831 inde
1018 2791 1248 2831 habuerunt
1282 2795 1502 2840 antequam
1532 2788 1625 2826 inde
1655 2786 1847 2825 disseisiti
1877 2785 2040 2823 fuerunt
2070 2797 2138 2833 per

430 2859 653 2911 predictum
702 2859 934 2906 preceptum
983 2858 1181 2900 nostrum,
1222 2853 1333 2892 salvo
1382 2851 1599 2901 unicuique
1647 2849 1733 2899 jure
1782 2860 1854 2886 suo
1892 2846 1997 2896 quod
2039 2846 2137 2884 dicit

432 2936 471 2961 se
500 2920 646 2959 habere
684 2919 726 2956 in
761 2917 940 2956 manerio
979 2917 1157 2966 predicto
1192 2920 1232 2954 et
1269 2915 1393 2954 etiam
1431 2913 1608 2964 predicte
1644 2910 1768 2949 Alicie
1804 2908 1950 2947 relevio
1989 2920 2060 2945 suo
2099 2910 2138 2945 et

433 2983 595 3023 servitio
634 2993 706 3019 suo
743 2979 894 3018 debito.
981 2979 1099 3017 Teste
1138 2981 1183 3016 ut
1222 2990 1354 3027 supra.

546 3088 620 3124 Pro
652 3087 807 3124 Roberto
838 3087 880 3122 de
916 3083 1206 3133 &onya—Rex
1227 3080 1465 3131 justiciariis
1494 3079 1576 3117 suis
1597 3077 1645 3116 ad
1668 3075 1893 3115 custodiam
1916 3073 2139 3112 Judeorum

433 3149 648 3200 assignatis
688 3147 874 3186 salutem.
963 3146 1108 3185 Sciatis
1164 3146 1269 3195 quod
1326 3142 1598 3183 concessimus
1657 3137 1831 3177 Roberto
1888 3136 1935 3173 de
1992 3134 2135 3180 Gouiz‚

431 3213 537 3264 quod
575 3212 623 3250 de
661 3209 795 3248 debito
832 3208 938 3259 quod
973 3208 1088 3246 debet
1132 3208 1259 3253 Isaac,
1300 3206 1429 3244 Judeo
1477 3202 1662 3248 Norwic’‚
1703 3204 1742 3238 et
1778 3200 1825 3237 de
1862 3210 1940 3247 quo
1978 3197 2138 3234 reddere

433 3273 586 3315 solebat
641 3272 771 3310 eidem
821 3270 950 3308 Judeo
1007 3283 1071 3307 xv.
1125 3282 1281 3308 marcas
1338 3280 1408 3317 per
1462 3277 1618 3304 annum
1672 3262 1814 3300 reddat
1870 3259 1905 3297 ei
1957 3258 2138 3296 decetero

434 3334 645 3376 annuatim
703 3333 839 3371 decem
896 3342 1051 3369 marcas
1103 3330 1152 3368 ad
1208 3330 1366 3368 eosdem
1433 3326 1628 3366 terminos
1694 3322 1743 3360 ad
1809 3332 1908 3370 quos
1973 3319 2136 3356 reddere

434 3396 641 3440 consuevit
693 3393 892 3444 predictas
945 3392 1173 3442 quindecim
1224 3404 1388 3436 marcas,
1442 3390 1498 3427 ita
1549 3385 1654 3437 quod
1708 3384 1740 3422 si
1780 3381 1993 3431 contingat
2033 3380 2138 3430 quod
