2375 3587
190 372 335 420 1237.

194 440 255 480 [m.
271 439 343 478 4cz.]

1067 246 1119 284 21
1164 243 1370 284 HENRY
1412 243 1492 284 ΠΙ.
2055 244 2138 283 559

539 441 587 479 In
627 442 743 481 terris
782 445 820 481 et
858 441 1114 481 libertatibus
1153 442 1310 481 abbatis
1348 442 1395 480 de
1434 442 1594 491 Burgo:

1293 512 1496 550 Walterus
1534 512 1581 549 de
1621 511 1876 560 Colingham.

648 574 689 611 in
729 574 926 612 comitatu
965 574 1146 624 Noting'.
1249 514 1491 680 {Robertus
1529 573 1638 610 filius
1677 572 1852 610 Radulfi.

1292 635 1486 684 Magister
1527 634 1727 672 Radulfus
1765 634 1812 672 de
1852 634 2108 683 Colingham.

1288 712 1409 762 Hugo
1447 712 1495 750 de
1533 711 1721 750 Bernak'.

1288 775 1488 814 Radulfus
1526 775 1573 813 de
1611 774 1793 825 Ayston'.

1289 837 1491 876 Henricus
1530 836 1655 888 Pelly.

645 774 687 812 in
726 774 922 813 comitatu
957 776 1213 825 Norhampt'.

684 977 689 982 .
1252 916 1492 995 (Martinus
1531 916 1578 954 de
1619 915 1791 985 Scotere.

644 977 773 1015 Linc’.
1245 998 1257 1018 1
1290 978 1467 1017 Thomas
1506 978 1553 1016 de
1593 977 1754 1016 Nevill'.

1289 1041 1466 1079 Thomas
1505 1041 1553 1078 de
1593 1040 1762 1079 Ufford'.

1251 1120 1425 1174 (Hamo
1465 1120 1574 1158 filius
1612 1119 1793 1158 Walteri.

646 1179 757 1218 Bed'.
1245 1176 1255 1204 ³
1289 1181 1498 1219 Galfridus
1541 1181 1805 1220 Camerarius

1251 1209 1418 1281 (Adam
1459 1245 1507 1282 de
1545 1244 1749 1293 Pilesgat’.

1247 1322 1498 1409 JJohannes
1542 1324 1589 1361 de
1627 1323 1922 1361 Rubesworth'.

645 1383 790 1421 Hunt'.
1292 1387 1523 1436 Stephanus
1566 1388 1613 1426 de
1653 1387 1866 1425 Ailinton’.

1253 1410 1491 1488 iMartinus
1532 1449 1580 1488 de
1618 1448 1836 1488 Cokerint'.

1257 1526 1437 1614 {Simon
1477 1527 1524 1565 de
1562 1526 1841 1577 Erlingburg’.

645 1585 769 1625 Leic’.
1250 1616 1259 1620 -
1293 1588 1492 1627 Robertus
1530 1589 1663 1628 Lawe.

1257 1622 1527 1700 iStephanus
1565 1651 1613 1689 de
1651 1651 1846 1691 Breiton'.

1297 1729 1491 1767 Ricardus
1529 1730 1576 1767 de
1615 1730 1846 1780 Tynewell’.

648 1789 793 1828 Rotel’.
1254 1754 1496 1901 {Robertus
1533 1794 1581 1831 de
1618 1794 1878 1835 Luffenham.

1296 1855 1516 1894 Nicholaus
1553 1856 1600 1894 de
1639 1857 1872 1907 Tynewell'.

975 1931 1118 1969 Petrus
1157 1933 1205 1971 de
1243 1933 1533 1972 Dudemeston’
1818 1936 1861 1974 in
1884 1934 2144 1974 comitatibus

975 1996 1156 2046 Waleng'
1196 1998 1243 2035 (16
1286 1997 1491 2036 Sidenhal'
1771 1942 1799 2099 }
1876 2000 1997 2039 Staff’
2036 2004 2075 2038 et

975 2059 1104 2097 Adam
1144 2060 1192 2098 de
1230 2061 1374 2107 Acton,
1416 2061 1582 2101 clericus
1876 2062 2050 2112 Salopie.

1820 2185 1861 2224 in
1883 2186 2078 2225 comitatu

975 2213 1131 2250 Alanus
1169 2214 1216 2251 de
1256 2214 1483 2262 Lungevill’
1875 2250 2079 2300 Wigomie

653 2102 854 2142 Wenelac.

975 2150 1184 2189 Johannes
1225 2153 1318 2189 Tete

920 2123 1177 2341 iWalterus
1218 2275 1265 2313 de
1304 2275 1556 2321 Pristenden,
1598 2165 1796 2320 clericus}

546 2361 631 2399 Rex
669 2361 968 2411 archiepiscopo
1006 2360 1266 2407 Eboracensi‚
1307 2362 1493 2400 salutem.
1564 2362 1799 2400 Tractatum
1837 2362 2016 2402 habituri
2054 2376 2146 2403 cum

440 2423 486 2461 A.
527 2436 617 2472 rege
657 2423 823 2469 Scottie,
866 2437 984 2473 super
1022 2436 1117 2473 pace
1156 2423 1260 2461 inter
1298 2436 1370 2462 nos
1409 2428 1447 2462 et
1490 2424 1623 2473 ipsum
1661 2424 1860 2464 firmanda
1898 2426 2147 2475 providimus

438 2486 543 2536 quod
582 2486 687 2535 apud
725 2485 952 2525 Eboracum
992 2485 1153 2524 venturi
1193 2486 1321 2524 simus
1359 2490 1398 2525 et
1437 2487 1649 2525 tractaturi
1697 2500 1789 2526 cum
1838 2488 1924 2537 ipso
1962 2488 2004 2526 in
2044 2489 2147 2528 festo

441 2547 714 2586 Exaltationis
772 2549 916 2586 Sancte
974 2548 1113 2587 Crucis
1179 2547 1228 2586 ob
1293 2561 1434 2587 causas
1500 2549 1678 2588 diversas
1734 2563 1861 2599 usque
1920 2550 2144 2589 Dunholm’

439 2610 649 2659 procedere
687 2623 768 2648 non
807 2610 1001 2657 valentes,
1043 2614 1131 2648 tum
1171 2614 1333 2659 propter
1371 2611 1592 2649 adventum
1631 2611 1753 2661 legati
1791 2624 1909 2661 quem
1949 2613 2147 2662 colloquio

439 2672 499 2710 illi
555 2672 742 2710 volumus
798 2672 990 2711 interesse
1058 2685 1131 2711 nec
1196 2673 1330 2722 ipsum
1388 2673 1436 2711 ad
1493 2676 1628 2722 partes
1685 2673 1895 2712 ulteriores
1949 2675 2148 2714 credimus

438 2747 706 2780 accessurum,
774 2737 861 2773 tum
926 2735 1020 2784 quia
1087 2735 1228 2773 civitas
1303 2735 1526 2773 Dunholm'
1601 2748 1683 2774 non
1758 2739 1915 2785 caperet
1989 2740 2146 2776 tantam

437 2796 744 2835 multitudinem
796 2796 1072 2843 servientium,
1127 2810 1200 2836 nec
1253 2797 1534 2835 invenirentur
1587 2797 1831 2836 sufficienter
1876 2798 2066 2837 victualia
2104 2799 2146 2837 in

437 2858 620 2908 partibus
658 2858 739 2896 illis
778 2858 880 2897 sicut
919 2859 1135 2908 expediret.
1195 2859 1250 2897 Et
1290 2859 1378 2897 ideo
1418 2859 1706 2909 paternitatem
1746 2863 1921 2898 vestram
1960 2874 2147 2910 rogamus

440 2920 630 2971 quatinus
668 2920 879 2958 certificati
917 2934 996 2970 quo
1035 2924 1073 2959 et
1113 2923 1273 2970 quando
1312 2924 1493 2970 oporteat
1522 2935 1592 2960 vos
1631 2935 1834 2960 occurrere
1873 2922 2027 2972 prefato
2066 2923 2148 2972 regi

441 2984 491 3021 ad
529 2983 662 3032 ipsum
719 2983 1024 3021 conducendum
1075 2984 1123 3021 ad
1176 2996 1248 3021 nos
1306 2997 1387 3021 una
1443 2997 1535 3022 611111
1585 2984 1792 3023 Willelmo
1843 2985 1891 3022 de
1943 2984 2070 3035 Vescy
2107 2988 2147 3024 et

441 3043 595 3089 ceteris,
649 3046 694 3081 ut
740 3043 923 3089 inferius,
963 3043 1108 3093 quibus
1146 3045 1429 3083 mandavimus
1459 3046 1564 3095 quod
1603 3046 1652 3083 ad
1691 3046 1931 3084 mandatum
1969 3050 2146 3084 vestrum

442 3106 548 3143 idem
586 3105 751 3151 faciant,
792 3106 1010 3143 occurratis
1048 3106 1178 3143 eidem
1218 3107 1300 3155 regi
1352 3107 1485 3156 ipsum
1525 3107 1574 3145 ad
1628 3119 1702 3145 nos
1754 3120 1879 3156 usque
1917 3107 2146 3146 Eboracum

442 3166 660 3205 honorifice
689 3166 940 3213 conducturi,
971 3167 1028 3205 ita
1056 3168 1161 3217 quod
1191 3168 1284 3206 inde
1313 3167 1425 3206 vobis
1454 3169 1503 3206 ad
1533 3172 1664 3218 grates
1703 3172 1914 3207 teneamur
1942 3170 2148 3219 speciales.

444 3228 499 3267 Ut
555 3232 687 3266 autem
742 3229 789 3266 de
845 3229 1021 3267 adventu
1077 3229 1204 3279 ipsius
1243 3230 1347 3279 regis
1385 3233 1424 3269 et
1470 3231 1632 3280 quando
1679 3234 1718 3269 et
1765 3244 1843 3280 quo
1889 3231 1925 3269 ei
1972 3231 2149 3270 debeatis

442 3303 647 3329 occurrere
699 3290 885 3328 certiores
942 3290 1187 3338 efficiamini,
1239 3305 1366 3330 unum
1419 3293 1465 3330 de
1522 3292 1665 3330 vestris
1723 3293 1773 3330 ad
1829 3293 1961 3342 ipsum
2015 3307 2147 3342 regem

444 3351 690 3401 premittatis
729 3352 797 3401 qui
835 3366 904 3391 vos
944 3352 1034 3390 inde
1073 3353 1263 3392 certificet
1302 3358 1341 3392 61
1380 3367 1427 3391 ex
1467 3358 1561 3392 tunc
1602 3354 1776 3403 prefatos
1816 3354 1952 3393 fideles
1991 3359 2149 3394 nostros

443 3414 536 3454 inde
574 3415 852 3464 premuniatis.
911 3415 1027 3453 Teste
1065 3419 1110 3455 ut
1149 3416 1331 3454 inferius.
