2375 3587
237 185 319 225 436

300 308 443 355 1237.

301 375 446 413 1111111

1175 178 1362 222 CLOSE
1403 176 1608 219 ROLLS.

648 377 721 413 l'ro
763 376 967 412 vicecomite
998 374 1212 416 Ilereford',
1243 373 1285 407 de
1316 378 1476 417 respectu
1514 367 1836 416 compote—Rex
1870 368 1980 406 dedit
2019 371 2242 419 respectum

535 438 759 476 vicecomiti
799 435 1002 474 Hereford'
1044 436 1091 472 de
1129 435 1316 481 compoto
1355 444 1429 469 5110
1464 430 1667 468 10(1(1011(10
1706 433 1744 468 01
1778 431 1868 468 visu
1897 431 2081 469 faciendo
2119 445 2243 482 usque

536 501 577 538 in
618 513 745 537 unum
785 511 966 536 mensem
1005 511 1027 535 a
1065 497 1127 533 die
1157 494 1311 532 Pasche
1341 506 1449 531 anno
1480 493 1593 541 regni
1624 492 1729 541 regis
1768 493 1850 542 xxj.
1908 493 1964 531 Et
2002 494 2242 532 mandatum

535 566 595 601 est
634 561 849 600 baronibus
884 561 931 597 de
972 557 1180 597 Scaccario
1218 555 1324 605 quod
1382 555 1440 592 ita
1487 554 1575 592 fieri
1625 556 1664 591 et
1722 554 1937 592 inrotulari
1994 555 2160 604 faciant,
2199 556 2243 595 in

536 625 649 663 nullo
687 624 987 663 occasionantes
1021 633 1113 658 eum
1152 619 1199 656 de
1234 617 1421 655 absentia
1459 629 1532 654 sua
1580 629 1713 655 coram
1755 616 1907 655 eisdem
1946 616 2163 656 baronibus
2201 618 2243 656 in

535 687 711 725 crastino
751 686 885 724 Clausi
924 683 1089 721 Pasche.
1151 681 1268 718 Teste
1308 682 1352 716 ut
1400 691 1534 727 supra.

642 776 699 811 De
742 775 953 823 episcopatu
1007 767 1526 807 Dunlzolm'.—Mandatum
1575 767 1635 803 est
1684 764 1867 803 Johanni
1922 765 2006 803 filio
2049 766 2242 816 Philippi,

534 837 689 875 custodi
772 835 1023 884 episcopatus
1107 829 1348 874 Dunholm',
1435 828 1541 877 quod
1626 827 1713 865 sine
1804 827 1997 866 dilatione
2081 829 2243 877 plenam

535 900 723 937 seisinam
789 896 933 935 habere
1000 894 1120 932 faciat
1184 891 1382 940 Magistro
1440 890 1542 940 Elye
1602 890 1651 928 de
1708 889 1902 935 Derham,
1961 890 2141 928 Johanni
2198 891 2246 929 de

536 962 770 1011 Rumeseye,
829 958 1036 1006 Stephano
1092 955 1139 992 de
1191 954 1362 992 Burton’
1421 956 1460 991 et
1513 952 1604 990 aliis
1662 951 1944 991 executoribus
2010 954 2243 991 testamenti

536 1024 636 1062 bone
693 1021 884 1060 memorie
942 1020 989 1056 R.
1048 1017 1254 1067 quondam
1314 1014 1639 1053 Dunhohnensis
1701 1014 1892 1063 episcopi,
1950 1015 1997 1052 de
2054 1015 2244 1054 omnibus

536 1086 651 1124 bonis
733 1097 808 1134 que
902 1082 1067 1119 fuerunt
1152 1079 1329 1129 ejusdem
1418 1076 1593 1127 episcopi
1685 1089 1754 1126 per
1842 1077 1980 1115 onmia
2065 1078 2246 1116 maneria

535 1149 788 1197 episcopatus
848 1143 1085 1187 Dunholm’,
1150 1146 1234 1180 tam
1301 1140 1342 1178 in
1402 1140 1587 1178 libertate
1649 1151 1773 1188 quam
1831 1142 1945 1177 extra
2002 1138 2245 1187 libertatem,

538 1210 687 1248 scilicet
726 1209 772 1246 de
819 1207 960 1247 bladis,
1003 1204 1197 1243 instauris
1228 1206 1266 1241 et
1296 1202 1486 1241 omnibus
1521 1201 1611 1239 aliis
1647 1200 1764 1239 rebus
1803 1214 1879 1251 que
1919 1201 2084 1240 fuerunt
2117 1202 2246 1252 ipsius

536 1272 722 1322 episcopi,
757 1271 804 1309 ad
843 1269 1069 1308 faciendam
1120 1266 1399 1305 executionem
1449 1264 1684 1303 testamenti
1738 1264 1815 1310 sui,
1865 1264 1914 1302 ad
1967 1264 2073 1315 quod
2122 1264 2246 1303 etiam

535 1335 568 1373 01
609 1335 660 1373 sit
694 1333 905 1371 consulens
939 1334 977 1369 et
1017 1330 1218 1368 auxilians
1258 1327 1387 1365 modis
1426 1326 1572 1376 quibus
1610 1325 1771 1375 poterit,
1814 1326 1965 1364 faciens
2004 1325 2060 1364 eis
2100 1325 2246 1365 habere

535 1397 864 1436 commoditatem
904 1394 1116 1431 domorum
1156 1395 1194 1429 et
1234 1390 1406 1428 aliorum
1446 1402 1522 1438 que
1559 1388 1786 1426 necessaria
1826 1388 1978 1426 fuerint
2017 1388 2068 1426 ad
2106 1401 2244 1427 execu—

536 1461 687 1498 tionem
745 1457 964 1506 predictam
1021 1454 1262 1492 faciendam.
1351 1450 1552 1500 Distringi
1619 1450 1741 1488 etiam
1809 1450 1930 1489 faciat
1996 1463 2136 1489 omnes
2199 1451 2247 1489 de

536 1523 767 1572 episcopatu
807 1519 876 1557 illo
914 1518 980 1567 qui
1022 1515 1223 1564 arreragia
1262 1513 1409 1552 debent
1448 1513 1495 1550 de
1535 1515 1715 1561 tempore
1753 1512 1900 1561 prefati
1937 1512 2127 1562 episcopi,
2162 1515 2246 1551 tam

538 1586 576 1623 in
608 1585 790 1623 libertate
828 1594 948 1631 quam
988 1582 1101 1618 extra
1135 1577 1378 1622 libertatem,
1413 1576 1462 1613 ad
1492 1575 1694 1623 arreragia
1723 1574 1794 1612 illa
1823 1575 1942 1614 dictis
1969 1574 2249 1614 executoribus

538 1647 748 1686 reddenda.
809 1645 924 1682 Teste
965 1654 1055 1692 rege
1093 1640 1199 1690 apud
1239 1639 1415 1689 Kenynt'
1458 1637 1598 1687 xxviij.
1650 1637 1712 1675 die
1768 1637 1932 1687 Aprilis.

647 1726 701 1764 Et
732 1724 971 1763 mandatum
1002 1725 1062 1760 est
1094 1720 1270 1758 Waltero
1301 1718 1348 1755 (10
1380 1718 1517 1766 Burgo
1547 1717 1653 1766 quod
1684 1717 1822 1754 onmia
1852 1716 1958 1755 bona
1987 1730 2063 1767 que
2093 1717 2250 1756 invenit

540 1792 580 1828 in
621 1788 806 1827 domibus
846 1787 947 1824 bone
986 1783 1179 1822 memorie
1217 1782 1264 1820 R.
1299 1781 1506 1831 quondam
1546 1779 1870 1818 Dunholmensis
1909 1780 2102 1830 episcopi,
2143 1781 2250 1830 apud

542 1853 669 1891 Lond'
702 1850 861 1900 quando
890 1862 956 1886 eas
986 1848 1027 1885 in
1058 1858 1227 1884 manum
1259 1844 1363 1893 regis
1393 1842 1498 1892 cepit
1533 1842 1619 1880 sine
1653 1842 1848 1880 dilatione
1886 1844 1924 1880 et
1962 1842 2173 1880 occasione
2211 1846 2251 1881 et

543 1916 627 1954 sine
651 1912 920 1951 diminutione
951 1910 1085 1960 aliqua
1111 1907 1292 1946 dimittat
1316 1904 1595 1944 executoribus
1620 1904 1854 1942 testamenti
1878 1904 2053 1953 episcopi
2083 1904 2250 1953 predicti

543 1978 591 2015 ad
631 1976 907 2015 executionem
948 1970 1181 2011 testamenti
1221 1969 1281 2007 sui
1322 1967 1562 2006 faciendam.
1623 1967 1740 2004 Teste
1779 1980 1868 2016 rege
1908 1970 1952 2005 ut
1990 1979 2124 2016 supra.

649 2055 886 2093 Mandatum
927 2056 985 2091 est
1034 2050 1178 2101 majori
1226 2051 1265 2086 et
1314 2046 1619 2086 vicecomitibus
1668 2045 1798 2083 Lond’
1846 2045 1954 2095 quod
2000 2045 2249 2094 distringant

540 2132 679 2158 01111105
718 2118 807 2155 11105
846 2116 886 2153 111
928 2114 1049 2153 ballia
1089 2126 1160 2151 sua
1206 2124 1305 2161 quos
1352 2112 1583 2148 executores
1623 2108 1857 2146 testamenti
1908 2107 2009 2146 bone
2057 2108 2250 2146 memorie

542 2183 588 2219 R.
630 2178 948 2218 Dunholmensis
988 2175 1179 2226 episcopi,
1221 2173 1430 2211 ostendere
1478 2175 1669 2220 poterunt
1717 2170 1864 2208 habere
1912 2170 1959 2208 de
2008 2170 2122 2209 bonis
2171 2183 2247 2219 que

541 2245 703 2282 fuerunt
752 2242 878 2291 ipsius
927 2239 1104 2289 episcopi
1155 2237 1204 2275 ad
1253 2235 1358 2274 bona
1411 2235 1481 2272 illa
1528 2233 1648 2272 dictis
1698 2232 1982 2271 executoribus
2032 2233 2248 2271 reddenda.

542 2307 658 2344 Teste
698 2308 741 2342 ut
781 2317 913 2353 supra.

648 2394 726 2429 Pro
774 2393 949 2427 ,lohanm
997 2391 1038 2425 (le
1089 2388 1250 2428 strenia,
1302 2382 1788 2423 conserat—Mandatum
1837 2385 1896 2420 est
1944 2382 2138 2430 Magistro
2186 2381 2249 2420 W.

541 2455 695 2494 custodi
746 2464 1030 2492 conversorum
1079 2449 1223 2495 Lond‘,
1265 2450 1304 2486 et
1348 2447 1490 2484 -Josceo
1537 2445 1622 2483 filio
1660 2444 1783 2490 Petri,
1824 2444 1929 2494 quod
1977 2443 2157 2482 Johanni
2204 2443 2251 2481 de

543 2518 712 2560 Oxonia,
753 2528 954 2557 converso,
995 2525 1114 2562 quem
1155 2511 1203 2549 011
1242 2523 1308 2548 005
1347 2522 1414 2546 rex
1453 2507 1596 2553 mittit,
1637 2507 1672 2544 ei
1712 2506 1816 2545 sicut
1855 2506 1926 2543 uni
1965 2518 2250 2544 conversorum

543 2580 646 2629 regis
677 2578 744 2628 qui
777 2580 871 2615 511111
904 2576 945 2613 111
978 2574 1160 2613 custodia
1189 2585 1261 2611 sua
1292 2569 1516 2610 necessaria
1547 2568 1771 2607 inveniant.
1829 2569 1947 2606 Teste
1977 2570 2022 2606 ut
2054 2580 2186 2617 supra.

650 2668 727 2704 Pro
784 2665 1001 2712 Engn‘lamlo
1059 2664 1100 2698 de
1162 2657 1654 2710 C'yqoyny.——Mandatum
1712 2658 1772 2693 est
1823 2654 2050 2693 vicecomiti
2109 2654 2250 2693 Glouc’

542 2728 647 2778 quod
711 2729 910 2776 quantum
974 2725 1021 2762 de
1083 2724 1170 2774 jure
1234 2721 1381 2771 poterit
1444 2720 1495 2757 sit
1558 2718 1600 2755 in
1664 2716 1862 2755 auxilium
1918 2716 2148 2766 Engelardo
2204 2717 2252 2754 de

544 2790 749 2840 Cygoigny
799 2789 847 2826 ad
899 2788 988 2838 jura
1047 2785 1250 2824 ‘Iohannis
1307 2784 1354 2821 de
1412 2780 1582 2826 Berkel’,
1632 2780 1790 2829 nepotis
1846 2779 1922 2824 sui,
1973 2778 2041 2829 qui
2097 2782 2158 2817 est
2209 2778 2251 2815 in

543 2852 723 2891 custodia
769 2864 839 2888 sua
888 2850 935 2887 (10
981 2848 1237 2887 concessione
1287 2845 1404 2895 regis,
1445 2842 1746 2882 manutenenda
1794 2841 1837 2879 in
1883 2840 2006 2880 ballia
2044 2853 2129 2887 sua,
2169 2853 2251 2878 non

544 2915 781 2965 permittens
820 2912 924 2962 quod
981 2923 1199 2960 gravamen
1256 2908 1318 2946 vel
1375 2906 1526 2957 injuria
1582 2905 1617 2943 ei
1673 2904 1897 2949 inferatur;
1964 2906 2004 2941 et
2060 2903 2093 2941 si
2150 2903 2252 2941 forte

545 2977 754 3024 contingat
803 2975 838 3012 ei
889 2973 1029 3011 inferri
1079 2973 1301 3021 dampnum
1352 2973 1421 3007 aut
1471 2966 1712 3012 molestiam,
1752 2966 1792 3004 id
1838 2965 1874 3004 ei
1925 2965 2011 3003 sine
2060 2964 2252 3003 dilatione

546 3040 667 3078 faciat
707 3036 926 3075 emendari.
1011 3035 1128 3072 Teste
1169 3037 1213 3071 ut
1252 3044 1386 3081 supra.

654 3116 891 3155 Mandatum
931 3117 990 3151 est
1029 3112 1207 3151 Johanni
1245 3112 1292 3149 de
1330 3111 1531 3159 Rumesye
1577 3107 1682 3157 quod
1727 3119 1867 3145 omnes
1904 3107 2131 3144 armaturas
2169 3107 2253 3143 tam

544 3180 832 3229 haubergones,
862 3177 1019 3221 loricas,
1049 3175 1196 3224 galeas,
1230 3173 1403 3223 capellos
1433 3172 1594 3216 ferreos,
1623 3182 1745 3219 quam
1775 3168 1941 3207 balistas
1970 3170 2009 3206 et
2038 3167 2250 3217 quarellos,

546 3244 613 3294 qui
652 3242 817 3280 fuerunt
852 3238 1012 3277 Ricardi
1048 3237 1225 3282 secundi,
1258 3235 1464 3286 quondam
1497 3231 1820 3271 Dunholmensis
1853 3230 2045 3280 episcopi,
2076 3232 2115 3268 et
2153 3242 2252 3279 quos

547 3307 653 3344 idem
694 3301 897 3341 Johannis
935 3300 982 3338 de
1020 3300 1234 3349 Rumesya,
1273 3298 1477 3348 quondam
1525 3294 1768 3333 senescallus
1815 3293 1942 3343 ipsius
1990 3291 2180 3343 episcopi,
2217 3291 2252 3331 ei

545 3365 733 3406 liberabit
770 3377 841 3415 per
879 3364 1113 3413 preceptum
1152 3361 1255 3410 regis
1293 3373 1375 3409 per.
1437 3358 1683 3408 [C'ancelledq
