2375 3587
199 217 281 262 572

264 341 405 388 1237.

251 409 299 447 [m
338 407 409 446 Ιώ]

1130 219 1314 262 GLOSE
1360 220 1562 262 ROLLs.

497 414 546 451 ad
584 414 884 452 concedendum
925 414 1040 453 nobis
1078 414 1276 452 auxilium
1315 416 1431 464 quale
1470 418 1676 465 magnates
1715 418 1753 454 et
1801 416 1938 454 fideles
1983 415 2111 454 nostri
2158 416 2199 454 in

498 475 646 524 Anglia
697 475 812 514 nobis
861 480 1145 515 concesserunt
1197 477 1246 514 ad
1304 490 1376 516 nos
1432 478 1480 515 de
1532 481 1648 516 tanta
1697 477 1865 526 pecunia
1917 477 2201 527 acquietandos

497 542 692 587 quantam
731 538 898 576 domino
936 539 1167 588 imperatori
1207 551 1298 577 cum
1338 539 1424 588 ipsa
1463 553 1595 577 sorore
1644 542 1781 577 nostra
1828 539 2114 585 concessimus,
2153 539 2200 577 de

495 614 574 650 qua
612 601 743 638 adhuc
782 613 862 639 non
902 601 1156 639 mediocriter
1194 613 1266 639 nos
1306 601 1506 639 sentimus
1544 605 1748 650 gravatos,
1789 604 1847 639 set
1886 614 1955 650 per
2001 601 2110 651 ipsos
2158 601 2199 638 in

497 662 695 701 Hibernia
733 662 774 699 in
814 662 926 700 nullo
964 662 1171 711 hucusque
1209 662 1257 700 de
1295 663 1474 711 predicto
1513 663 1680 710 auxilio,
1719 663 1903 701 videlicet
1951 662 1999 700 de
2044 661 2200 700 duabus

496 725 641 763 marcis
689 724 737 762 ad
785 727 962 769 scutum,
1009 723 1125 762 nobis
1172 736 1253 762 non
1304 724 1381 762 fuit
1431 723 1690 763 subventum.
1768 724 1871 771 Quia
1909 737 2002 762 vero
2041 736 2200 762 necesse

496 786 713 825 habuimus
748 786 853 835 quod
902 785 1068 834 predicti
1117 789 1330 834 magnates
1379 786 1505 824 nostri
1555 786 1713 835 Anglie.
1762 789 1844 824 tam
1895 785 2198 835 archiepiscopi,

495 848 682 898 episcopi,
741 861 862 898 quam
920 848 1024 891 laici,
1084 847 1231 886 sorcius
1291 860 1364 885 nos
1420 848 1607 898 juvarent
1664 848 1712 885 ad
1770 861 1842 886 nos
1899 847 2202 886 exhonerandos

496 911 543 949 de
617 910 763 949 debitis
838 910 1049 948 immensis
1122 909 1268 959 quibus
1340 909 1390 948 ob
1464 922 1628 948 causam
1704 910 1926 959 predictam
1998 912 2038 947 et
2102 908 2202 947 alias

495 973 671 1011 diversas
737 985 963 1021 gravamur,
1031 971 1174 1009 iterato
1240 972 1365 1020 gratis
1422 975 1461 1009 et
1518 970 1737 1010 liberaliter
1806 985 1879 1010 nos
1942 973 2203 1020 respexerunt

496 1039 535 1074 et
574 1035 688 1073 nobis
726 1036 1010 1073 concesserunt
1048 1033 1295 1072 tricesimam
1330 1033 1514 1071 omnium
1551 1033 1765 1072 mobilium
1804 1046 1967 1072 suorum
2006 1033 2048 1070 in
2096 1034 2203 1071 certa

496 1097 627 1136 forma
666 1096 839 1146 provisa,
880 1109 1001 1145 quam
1041 1096 1140 1133 alias
1179 1096 1277 1134 satis
1317 1095 1454 1133 audire
1493 1096 1689 1144 poteritis.
1752 1095 1854 1134 Cum
1902 1095 2027 1145 igitur
2072 1107 2199 1144 spere-

498 1173 588 1197 mus
627 1163 666 1196 et
704 1158 915 1196 credamus
953 1158 1059 1207 quod
1097 1171 1166 1195 vos
1204 1162 1243 1196 et
1282 1157 1349 1195 alii
1390 1157 1528 1195 fideles
1567 1158 1694 1196 nostri
1735 1158 1775 1195 in
1816 1157 2025 1208 Hybernia
2062 1157 2201 1195 eadem

498 1221 706 1260 facillitate
755 1224 793 1258 et
841 1219 1091 1268 benignitate
1130 1232 1208 1268 qua
1247 1219 1414 1268 predicti
1453 1219 1500 1257 de
1539 1232 1662 1268 regno
1701 1222 1837 1257 nostro
1877 1219 2020 1269 Anglie
2069 1230 2200 1257 neces-

497 1283 606 1321 sitati
647 1285 783 1320 nostre
821 1281 995 1331 compati
1036 1285 1075 1319 et
1114 1281 1243 1319 eidem
1279 1284 1462 1330 potenter
1502 1280 1715 1319 subvenire
1753 1281 1900 1327 velitis,
1937 1280 2049 1319 vobis
2087 1293 2200 1318 man-

497 1345 640 1383 damus
680 1348 867 1394 rogantes
905 1343 1098 1393 quatinus
1137 1344 1267 1382 adhuc
1306 1343 1521 1392 diligenter
1559 1347 1598 1381 et
1636 1343 1852 1387 instanter,
1883 1343 1986 1382 sicut
2015 1343 2062 1381 de
2091 1342 2203 1381 vobis

497 1407 754 1451 confidimus,
795 1419 934 1443 omnes
983 1409 1192 1455 magnates
1242 1404 1435 1443 Hibernie
1484 1404 1696 1454 predictos,
1739 1409 1821 1442 tam
1871 1404 2201 1454 archiepiscopos,

497 1470 716 1519 episcopos,
766 1481 883 1518 quam
933 1467 1068 1512 laicos,
1119 1467 1305 1505 inducere
1371 1467 1504 1505 velitis
1551 1467 1599 1505 ad
1657 1467 1880 1516 predictum
1919 1466 2116 1505 auxilium
2155 1466 2203 1505 de

498 1531 653 1569 duabus
710 1529 855 1568 marcis
912 1529 961 1567 ad
1019 1533 1192 1574 scutum,
1249 1529 1354 1578 quod
1417 1529 1526 1578 prius
1584 1542 1880 1578 rogaveramus,
1938 1531 1977 1567 et
2040 1528 2205 1577 insuper

502 1593 732 1643 [aux]ilium
786 1591 986 1630 tricesime
1039 1604 1120 1632 sue,
1161 1592 1264 1629 sicut
1303 1604 1391 1629 eam
1430 1590 1627 1629 habemus
1666 1591 1705 1628 in
1747 1591 1906 1641 Anglia,
1947 1590 2063 1629 nobis
2109 1603 2201 1629 con-

497 1655 719 1694 cedendum
757 1654 817 1691 vel
852 1653 1009 1697 saltem,
1046 1653 1078 1691 si
1114 1653 1154 1690 in
1190 1656 1359 1702 utroque
1395 1653 1628 1691 nullatenus
1663 1653 1852 1702 proficere
1886 1653 2068 1702 possetis,
2098 1652 2203 1702 quod

498 1718 544 1755 de
584 1716 786 1755 tricesima
825 1729 897 1753 sua
936 1714 1050 1753 nobis
1089 1715 1138 1752 ad
1177 1728 1340 1764 presens
1379 1715 1552 1764 gratiam
1592 1715 1856 1765 impendant;
1897 1718 1936 1753 et
1969 1728 2060 1753 cum
2095 1714 2202 1752 idem

498 1779 672 1818 feceritis
725 1791 845 1828 penes
898 1777 1096 1826 predictos
1149 1777 1285 1815 fideles
1338 1781 1496 1816 nostros
1548 1780 1747 1827 quantum
1801 1777 1946 1826 poterit
1989 1776 2204 1826 diligencia

498 1847 629 1879 vestra
680 1841 776 1891 quid
831 1841 922 1878 inde
970 1839 1085 1878 nobis
1133 1840 1261 1878 facere
1309 1840 1510 1878 voluerint
1558 1839 1673 1878 nobis
1721 1841 1818 1878 scire
1867 1840 2036 1884 faciatis,
2085 1851 2203 1888 super

498 1904 577 1941 hiis
616 1906 655 1941 et
693 1903 783 1941 aliis
823 1902 1000 1951 negociis
1039 1902 1188 1940 nostris
1240 1902 1479 1940 fidelitatem
1533 1906 1709 1940 vestram
1763 1902 2048 1940 continuantes
2097 1901 2203 1951 quod

500 1966 629 2014 magis
687 1978 730 2003 ac
785 1964 915 2013 magis
968 1977 1037 2002 vos
1088 1963 1307 2002 debeamus
1360 1963 1506 2002 habere
1559 1965 1875 2004 commendatos,
1952 1964 2054 2003 Cum
2112 1976 2204 2002 vero

500 2042 556 2065 s.
591 2059 598 2066 .
632 2058 638 2065 .
674 2057 680 2064 .
723 2028 810 2064 visu
849 2026 1025 2075 compoti
1066 2026 1187 2064 vestri
1237 2030 1276 2064 et
1324 2026 1414 2064 aliis
1462 2026 1630 2075 agendis
1677 2027 1827 2064 nostris
1873 2039 1949 2076 que
2001 2039 2070 2075 per
2117 2039 2201 2075 pre-

500 2091 655 2128 dictum
706 2089 865 2127 fidelem
921 2093 1104 2126 nostrum
1158 2093 1196 2126 et
1248 2102 1317 2126 vos
1368 2089 1651 2138 proposuimus
1704 2089 1879 2138 expediri
1933 2089 1974 2126 in
2026 2089 2201 2126 adventu

500 2157 636 2190 nostro
671 2152 711 2189 in
752 2151 1016 2202 Hyberniam,
1058 2151 1119 2189 vel
1159 2164 1227 2200 per
1266 2151 1399 2200 ipsum
1439 2151 1599 2189 fidelem
1636 2154 1834 2197 nostrum,
1881 2151 1913 2189 si
1953 2151 2049 2189 illuc
2102 2150 2203 2188 forte

500 2228 580 2252 non
639 2214 880 2254 venerimus,
938 2213 1138 2250 certiorati
1194 2213 1400 2259 fuerimus,
1456 2217 1616 2251 tantum
1670 2213 1782 2251 vobis
1835 2213 2029 2252 faciemus
2086 2226 2204 2262 super

500 2277 736 2326 petitionem
776 2280 950 2313 vestram
990 2275 1037 2313 de
1076 2279 1183 2313 terra
1212 2276 1259 2313 de
1290 2275 1526 2313 Twomund'
1557 2275 1662 2325 quod
1701 2275 1873 2314 fidelitas
1908 2279 2051 2321 vestra,
2082 2288 2203 2325 quam

500 2352 569 2388 per
615 2337 907 2387 experienciam
957 2335 1055 2374 bene
1104 2336 1305 2382 novimus,
1365 2337 1456 2375 inde
1513 2336 1672 2375 debebit
1728 2351 1812 2376 esse
1865 2340 2068 2376 contenta.
2145 2337 2203 2374 Ad

502 2401 697 2450 majorem
752 2404 888 2437 autem
945 2399 1143 2437 cautelam
1202 2399 1313 2437 vobis
1361 2399 1563 2438 mittimus
1616 2400 1771 2438 litteras
1823 2403 1981 2438 nostras
2032 2399 2203 2438 directas

501 2461 761 2511 magnatibus
813 2461 961 2499 nostris
1014 2460 1208 2498 Hibernie
1261 2461 1307 2499 de
1359 2461 1521 2499 auxiliis
1577 2462 1766 2510 predictis
1823 2461 1938 2500 nobis
1995 2460 2202 2507 faciendis,

501 2538 600 2574 quas
652 2524 707 2561 eis
756 2523 865 2561 mitti
924 2523 1081 2561 faciatis
1138 2527 1316 2572 tempore
1363 2527 1604 2573 opportuno,
1655 2523 1711 2561 sic
1757 2524 1805 2561 de
1853 2524 1990 2562 eodem
2040 2522 2205 2572 negocio

501 2600 569 2624 vos
610 2586 929 2624 intromittentes
967 2585 1071 2635 quod
1123 2585 1338 2634 diligencia
1376 2590 1508 2624 vestra
1546 2588 1736 2635 appareat
1775 2586 1816 2623 in
1855 2586 1999 2625 effectu
2036 2590 2074 2624 et
2111 2585 2204 2624 inde

502 2653 633 2698 grates
667 2649 884 2697 promereri
924 2646 1100 2685 debeatis
1139 2647 1342 2696 speciales.
1416 2647 1533 2685 Teste
1571 2660 1661 2696 rege
1699 2648 1804 2696 apud
1845 2648 2024 2697 Noting’,
2063 2661 2099 2686 v.
2140 2648 2204 2686 die

501 2710 696 2749 Octobris.

612 2807 695 2844 Rex
726 2808 771 2843 L.
809 2805 1051 2843 Dublinensi
1082 2806 1394 2855 archiepiscopo,
1430 2806 1616 2844 salutem.
1676 2808 1722 2844 In
1764 2806 1876 2844 nullo
1913 2806 2107 2845 esitantes
2146 2809 2205 2845 set

503 2882 573 2918 pro
609 2867 811 2906 constanti
852 2866 1044 2905 habentes
1074 2868 1178 2917 quod
1217 2867 1355 2905 audita
1388 2868 1651 2917 prosperitate
1684 2871 1822 2906 nostra
1852 2868 1944 2906 inde
1982 2867 2202 2917 plurimum

504 2929 729 2979 gaudebitis
767 2928 1004 2978 paternitati
1043 2933 1171 2967 vestre
1209 2929 1400 2967 duximus
1438 2929 1751 2979 significandum
1789 2930 1894 2980 quod
1926 2929 2013 2968 sani
2048 2943 2201 2976 sumus,

499 2991 733 3029 benedictus
780 2990 902 3035 Deus,
951 2993 989 3027 et
1037 2990 1260 3028 incolumes
1304 2990 1510 3039 cupientes
1550 2992 1656 3041 quod
1694 2990 1900 3029 vobiscum
1939 2994 2085 3029 cuncta
2122 2991 2205 3030 sint

500 3065 712 3102 prospera;
762 3064 903 3089 verum
944 3051 1047 3089 sicut
1086 3064 1167 3090 non
1208 3052 1404 3102 ignoratis
1443 3065 1570 3101 nuper
1606 3052 1719 3091 vobis
1757 3056 1796 3090 et
1834 3052 1981 3090 dilecto
2018 3055 2058 3090 et
2094 3052 2203 3090 fideli

498 3117 636 3153 nostro
667 3113 722 3150 M.
756 3112 840 3150 filio
880 3112 1057 3159 Geroldi‚
1089 3113 1313 3163 justiciario
1350 3117 1488 3152 nostro
1527 3113 1745 3164 Hybernie,
1779 3113 2063 3152 mandavimus
2096 3114 2202 3163 quod

497 3176 546 3214 ad
576 3189 649 3214 nos
678 3174 869 3213 veniretis
903 3174 944 3211 in
977 3175 1166 3224 Angliam
1201 3178 1245 3212 ut
1277 3188 1345 3224 per
1373 3189 1443 3213 vos
1477 3178 1516 3213 et
1549 3176 1683 3224 ipsum
1715 3176 1762 3213 (10
1792 3179 1900 3214 statu
1932 3178 2033 3214 terre
2067 3178 2201 3214 nostre

497 3236 694 3276 Hibernie
734 3238 773 3274 et
812 3235 994 3285 pluribus
1033 3236 1122 3274 aliis
1161 3237 1329 3286 agendis
1368 3237 1516 3275 nostris
1555 3237 1869 3275 certificaremur
1907 3243 1959 3282 et,
1999 3237 2202 3275 mediante

497 3299 665 3338 consilio
714 3302 860 3343 vestro,
910 3299 958 3336 de
1009 3297 1251 3347 quibusdam
1301 3298 1417 3337 terris
1465 3299 1613 3337 nostris
1651 3299 1875 3337 assidendis
1913 3302 1952 3337 et
1991 3298 2202 3337 feoffandis

496 3374 573 3410 que
610 3360 791 3399 nondum
831 3359 955 3398 assise
994 3362 1089 3398 sunt
1128 3360 1190 3398 vel
1240 3360 1401 3398 feoffate
1439 3360 1729 3398 ordinaremus.
1803 3359 1872 3399 Set
1910 3373 2001 3399 cum
2041 3361 2091 3398 ad
2129 3373 2202 3398 nos
