2375 3587
188 313 331 360 1236.

200 381 259 419 [m.
277 380 322 417 3.]

1067 177 1122 217 20
1163 170 1368 215 HENRY
1410 163 1494 214 ΙΠ.
2052 166 2133 206 311

432 380 599 425 Bacun’,
640 375 818 417 custodis
856 373 1019 413 honoris
1056 370 1339 416 Richemund’,
1370 371 1410 406 et
1443 366 1631 405 omnibus
1669 363 1878 413 arreragiis
1917 360 2136 400 earundem

431 447 627 482 terrarum
656 441 703 478 de
733 438 879 489 quibus
908 436 1090 475 nondum
1120 431 1325 481 respondit
1359 430 1406 468 ad
1440 428 1695 468 Scaccarium
1728 426 1844 475 regis,
1875 427 1914 462 et
1948 421 2136 461 omnibus

431 503 625 543 instauris
655 501 757 551 regis
787 513 863 550 que
893 497 1014 536 habet
1044 497 1085 534 in
1115 492 1305 545 predictis
1335 491 1451 530 terris
1481 490 1529 528 ad
1564 502 1603 527 se
1633 487 1946 526 sustentandum
1986 484 2027 521 in
2058 496 2135 520 ser-

431 566 529 605 vitio
560 564 676 614 regis,
699 561 892 612 quamdiu
922 559 1005 608 regi
1035 555 1243 608 placuerit.
1304 554 1359 591 Et
1390 552 1630 590 mandatum
1665 553 1723 587 est
1756 549 1884 586 eidem
1910 545 2138 584 Alexandro

432 629 537 678 quod
581 627 627 664 de
676 623 865 675 predictis
913 621 1043 665 terris,
1103 616 1360 661 tenementis,
1410 614 1554 659 bladis,
1603 611 1790 655 denariis,
1841 607 2052 657 arreragiis
2099 609 2139 644 et

433 689 640 733 instauris,
673 700 748 736 que
778 689 873 724 sunt
903 685 944 721 in
984 681 1167 721 custodia
1201 693 1286 724 sua,
1320 678 1355 715 ei
1395 676 1479 714 sine
1517 674 1711 712 dilatione
1749 672 1913 721 plenam
1947 669 2138 707 seisinam

432 751 577 790 habere
609 750 745 794 faciat,
786 747 890 785 sicut
942 744 1167 794 predictum
1218 744 1290 779 est.
1368 739 1486 776 Teste
1538 749 1627 785 rege
1671 734 1777 783 apud
1817 731 2024 777 Cauwud’,
2066 730 2139 779 iiij.

431 814 493 852 die
534 810 795 861 Septembris.

544 897 903 949 Hyberm'a.-Rex
955 892 1111 932 dilectis
1163 894 1202 929 et
1254 888 1440 927 fidelibus
1490 886 1572 925 suis
1623 884 1679 922 M.
1721 883 1804 921 filio
1845 879 2021 925 Geroldi,
2059 879 2139 929 jus-

436 963 590 1002 ticiario
638 974 710 1000 suo
757 957 966 1001 Hibernie‚
1006 958 1045 993 et
1095 954 1144 992 G.
1185 953 1233 990 de
1281 949 1511 994 Turrevssl',
1553 945 1837 985 archidiacono
1886 940 2142 985 Dublfflensi,

436 1018 693 1064 thesaurario*
725 1034 797 1059 suo
836 1017 1046 1062 Hiber-nie,
1088 1016 1274 1053 salutem.
1336 1011 1483 1051 Sciatis
1522 1009 1627 1059 quod
1669 1007 1716 1045 de
1756 1006 1834 1043 fine
1874 1005 2143 1041 ducentarum

437 1099 663 1126 marcarum
704 1097 772 1134 per
809 1095 907 1132 quas
946 1080 1155 1118 -Johannes
1206 1077 1242 1114 le
1287 1075 1431 1113 Chanu
1485 1073 1608 1110 finem
1662 1069 1757 1107 fecit
1809 1066 2019 1105 nobiscum
2074 1076 2143 1112 pro

439 1147 715 1196 redemptione
746 1158 817 1183 sua-
846 1141 1025 1192 eoquod
1056 1139 1134 1177 fuit
1173 1141 1314 1176 contra
1353 1149 1424 1173 nos
1464 1134 1505 1171 in
1545 1131 1743 1170 Hibernia
1783 1130 1823 1166 in
1865 1139 2008 1177 guerra
2038 1128 2147 1163 mota

438 1212 543 1249 inter
580 1221 653 1247 nos
687 1210 726 1245 et
761 1205 994 1248 Ricardum,
1030 1201 1220 1240 comitem
1254 1197 1553 1240 Marescallum,
1588 1191 1901 1243 perdonavimus
1942 1187 2147 1226 Willelmo

439 1273 589 1322 Magno
646 1271 782 1308 decem
840 1278 995 1304 marcas
1043 1264 1090 1301 de
1137 1261 1282 1312 quibus
1338 1260 1443 1297 idem
1501 1256 1728 1295 Willelmus
1786 1252 1964 1302 plegium
2023 1249 2148 1298 ipsius

441 1333 642 1374 Johannis
673 1332 764 1369 fuit.
824 1330 879 1367 Et
909 1328 996 1365 ideo
1025 1325 1137 1364 vobis
1167 1323 1407 1362 mandamus
1428 1320 1532 1370 quod
1554 1319 1600 1356 de
1622 1315 1810 1367 predictis
1841 1315 1977 1352 decem
2008 1311 2150 1349 marcis

440 1398 573 1447 ipsum
605 1393 858 1433 Willelmum
886 1390 1068 1440 quietum
1099 1399 1184 1425 esse
1214 1383 1383 1423 faciatis.
1441 1383 1556 1419 Teste
1586 1392 1677 1428 rege
1706 1377 1812 1427 apud
1844 1375 2087 1418 Eboracum,
2111 1386 2147 1410 v.

439 1459 501 1497 die
543 1454 803 1506 Septembris.
889 1452 965 1490 Per
1004 1451 1041 1489 J.
1080 1448 1270 1488 comitem
1309 1445 1422 1483 Linc'
1465 1446 1504 1481 et
1542 1438 1887 1480 constabularium
1928 1436 2068 1474 Cestr’.

548 1546 603 1581 De
662 1543 756 1579 riuis
816 1534 1349 1587 recipient!fs.—ix1an<1at11111
1398 1534 1457 1569 est
1505 1526 1731 1567 vicecomiti
1798 1528 1837 1563 et
1904 1521 2047 1572 majori
2113 1524 2151 1558 et

441 1606 616 1645 baillivis
684 1601 857 1642 Eboraci
907 1600 1012 1650 quod
1063 1611 1153 1635 xxv.
1209 1595 1315 1633 dolia
1367 1592 1450 1631 vini
1503 1590 1608 1640 regis
1662 1602 1737 1638 que
1791 1590 1887 1625 sunt
1926 1585 1966 1622 in
2007 1583 2151 1621 celario

441 1670 504 1708 W.
552 1665 821 1706 Eboracensis
869 1659 1172 1710 archiepiscopi,
1209 1657 1314 1707 apud
1363 1655 1608 1698 Eboracum,
1661 1650 1859 1699 recipiant
1906 1652 1944 1685 et
1992 1659 2037 1683 ea
2084 1658 2152 1694 per

442 1734 586 1784 probos
643 1735 683 1770 et
734 1729 882 1779 legales
936 1726 1121 1764 homines
1171 1721 1400 1772 appreciata
1453 1718 1616 1757 tradant
1670 1712 1911 1754 tabernariis
1950 1711 2043 1749 ville
2084 1722 2152 1747 sue

443 1795 616 1835 Eboraci
669 1793 736 1844 qui
793 1792 834 1829 in
892 1789 1051 1828 redditu
1108 1786 1210 1835 regis
1256 1785 1304 1822 de
1349 1783 1460 1820 Novo
1508 1780 1649 1819 Castro
1697 1789 1815 1826 super
1864 1775 2021 1825 Tyriam
2071 1771 2152 1820 regi

444 1860 560 1909 plene
607 1853 906 1905 respondebunt
953 1851 1000 1889 de
1046 1848 1175 1899 pretio
1222 1845 1454 1885 eorundem.
1531 1842 1648 1880 Teste
1695 1852 1785 1888 rege
1824 1839 1869 1875 ut
1910 1848 2043 1884 supra.

558 1946 610 1982 De
658 1943 856 1992 quercubus
907 1934 1322 1976 datia—Mandatum
1373 1934 1433 1969 est
1487 1929 1640 1967 Thome
1692 1927 1741 1965 de
1793 1923 1991 1962 Muleton'
2048 1920 2153 1970 quod

446 2008 591 2046 habere
648 2004 769 2043 faciat
833 2001 1030 2050 magistro
1096 1995 1323 2046 Hospitalis
1390 1992 1530 2032 Sancti
1596 1987 1796 2028 Leonardi
1857 1986 1904 2023 de
1970 1982 2153 2022 Eboraco

445 2069 654 2109 duodecim
694 2078 862 2116 quercus
900 2064 942 2100 in
982 2063 1130 2099 foresta
1168 2059 1215 2096 de
1253 2055 1487 2105 Engelwod’
1526 2054 1573 2091 de
1624 2052 1729 2090 dono
1774 2049 1890 2098 regis,
1927 2047 1976 2085 ad
2013 2046 2153 2083 domos

447 2145 538 2171 suas
578 2131 624 2168 de
663 2129 794 2166 Boues
831 2139 906 2175 que
944 2122 1151 2162 combuste
1204 2120 1369 2157 fuerunt
1422 2114 1677 2165 reparandas.
1766 2111 1882 2148 Teste
1922 2120 2011 2155 rege
2048 2106 2154 2155 apud

448 2194 576 2240 Crek',
616 2192 668 2242 vj.
709 2190 772 2227 die
813 2185 1074 2236 Septembris.

562 2282 612 2318 l>e
642 2279 808 2316 denariis
841 2269 1360 2313 libarandis—Mandatum
1392 2268 1452 2303 est
1486 2261 1711 2302 vicecomiti
1745 2257 2015 2298 Norhumbrie
2049 2255 2154 2306 quod

446 2356 587 2383 onmes
637 2339 822 2379 denarios
875 2348 974 2387 quos
1030 2333 1181 2382 recepit
1217 2331 1263 2368 de
1303 2328 1467 2367 bailliva
1516 2339 1588 2363 sua
1632 2324 1679 2362 de
1717 2321 1864 2373 quibus
1915 2318 2155 2368 respondere

449 2405 565 2444 debet
609 2403 658 2441 ad
708 2398 962 2441 Scaccarium
1012 2396 1115 2445 regis
1166 2392 1307 2434 Sancti
1356 2388 1568 2428 Michaelis
1607 2399 1714 2425 anno
1748 2398 1827 2428 xx„
1868 2381 2038 2420 domino
2072 2379 2154 2428 regi

450 2467 595 2506 habere
634 2463 755 2502 faciat
790 2462 839 2499 ad
878 2460 1038 2498 Novum
1078 2457 1266 2495 Castrum
1307 2464 1425 2501 super
1460 2450 1616 2500 Tynam
1660 2444 1887 2485 liberandos
1926 2442 2074 2480 ibidem
2113 2441 2154 2478 in

451 2527 668 2580 garderoba
701 2523 857 2563 domini
896 2521 999 2570 regis
1039 2520 1085 2558 ad
1126 2529 1320 2567 expensas
1360 2513 1477 2563 regis.
1555 2512 1610 2549 Et
1660 2522 1751 2548 cuni
1804 2504 2030 2545 constiterit
2075 2503 2156 2552 regi

452 2594 499 2631 de
538 2602 696 2629 summa
734 2598 855 2637 quam
904 2582 1068 2621 domino
1108 2580 1190 2630 regi
1225 2577 1379 2616 miserit
1423 2574 1612 2613 dominus
1666 2584 1734 2609 rex
1781 2570 1937 2607 litteras
1984 2578 2075 2604 suas
2122 2564 2157 2602 ei

452 2654 538 2693 fieri
585 2651 704 2690 faciet
760 2649 809 2687 de
865 2644 1119 2684 allocatione.
1207 2640 1324 2678 Teste
1381 2650 1470 2686 rege
1526 2634 1632 2684 apud
1690 2631 1908 2675 Alverton',
1961 2627 2044 2677 viij.
2095 2627 2158 2664 die

456 2712 713 2765 Septembris,
755 2722 862 2749 anno
900 2721 965 2746 xx.

563 2783 802 2822 Mandatum
830 2782 888 2817 est
915 2774 1140 2815 vicecomiti
1167 2771 1340 2812 Eboraci
1368 2769 1474 2820 quod
1500 2768 1547 2806 de
1573 2765 1749 2804 denariis
1776 2763 1859 2801 suis
1887 2774 1985 2810 quos
2012 2758 2160 2807 recepit

456 2850 504 2888 de
536 2845 699 2886 bailliva
728 2856 800 2881 sua
829 2844 867 2879 et
896 2840 943 2878 de
973 2837 1117 2888 quibus
1149 2834 1386 2884 respondere
1415 2830 1530 2869 debet
1561 2829 1609 2867 ad
1642 2825 1895 2867 Scaccarium
1935 2821 2158 2872 predictum

458 2910 596 2950 mittat
634 2910 723 2956 post
761 2903 973 2942 dominum
1012 2912 1144 2949 regem
1184 2909 1320 2935 versus
1359 2893 1584 2944 predictum
1624 2890 1783 2927 Novum
1822 2886 2024 2924 Castrum.

565 2977 804 3016 Mandatum
842 2976 901 3011 est
940 2969 1114 3010 baillivis
1150 2969 1196 3006 de
1237 2964 1497 3012 Scardeburg'
1532 2961 1637 3010 quod
1671 2972 1810 2998 omnes
1845 2954 2028 2994 denarios
2062 2964 2160 3002 quos

458 3041 610 3081 habent
665 3037 732 3076 ve}
783 3033 1008 3085 perquirere
1064 3032 1253 3080 poterunt
1310 3027 1357 3065 de
1413 3025 1530 3063 firma
1582 3021 1675 3060 ville
1721 3033 1790 3058 sue
1841 3022 1879 3055 et
1923 3016 1970 3053 de
2016 3012 2161 3063 quibus

459 3102 697 3154 respondere
747 3097 893 3135 debent
939 3094 988 3132 ad
1031 3093 1180 3130 festum
1223 3088 1365 3129 Sancti
1413 3085 1636 3129 Michaelis,
1687 3094 1793 3120 anno
1837 3093 1916 3123 xx„
1957 3078 2162 3125 promptos

460 3166 638 3206 habeant
693 3162 735 3198 in
792 3157 923 3196 reditu
984 3155 1088 3204 regis
1153 3154 1200 3190 de
1266 3152 1379 3189 Novo
1445 3148 1587 3187 Castro
1652 3156 1770 3193 super
1836 3142 1991 3191 Tynam
2059 3135 2164 3185 apud

462 3229 707 3269 Eboracum.
796 3221 852 3259 Et
891 3231 984 3258 cum
1033 3215 1261 3255 constiterit
1311 3212 1475 3251 domino
1526 3209 1607 3258 regi
1654 3208 1702 3245 de
1750 3215 1909 3243 summa
1947 3212 2068 3250 quam
2116 3198 2166 3235 ad

463 3291 674 3331 dominum
712 3296 846 3334 regem
885 3279 1070 3319 miserint
1107 3278 1262 3316 litteras
1292 3284 1392 3314 'suas
1431 3274 1477 3312 de
1508 3269 1747 3310 allocatione
1780 3264 1970 3304 dominus
2015 3274 2082 3299 rex
2111 3259 2167 3299 eis

464 3353 550 3395 fieri
584 3349 717 3390 faciet.
789 3346 906 3383 Teste
944 3346 990 3381 ut
1024 3352 1156 3390 supra.
