2375 3587
183 328 331 374 1235.

191 395 250 435 [m.
270 394 339 433 13.]

1065 208 1117 246 19
1160 206 1367 248 HENRY
1409 208 1492 248 ΙΠ.
2075 211 2128 251 79

539 402 615 437 Pro
645 403 837 439 canonicis>
865 404 908 438 <Ie
936 403 1309 450 Tluffllmlm'.—Rex
1339 404 1535 442 concessit
1571 417 1640 453 per
1670 408 1821 442 cartam
1852 418 1966 443 suam
1998 405 2131 443 abbati

430 464 468 499 et
510 463 714 501 canonicis
756 463 803 501 (10
848 464 1063 513 Tupholm'
1094 466 1289 514 quasdam
1330 465 1534 504 libertates
1577 472 1615 504 et
1646 467 1893 516 quietancias
1923 471 2132 505 contentus

430 524 471 561 in
503 525 681 573 predicta
710 528 832 564 carta.
910 527 965 564 Et
995 527 1235 565 mandatum
1265 531 1324 566 est
1354 528 1579 566 vicecomiti
1620 529 1734 566 Linc'
1767 530 1871 578 quod
1912 530 2131 578 predictam

430 591 582 625 cartam
624 587 665 625 in
709 589 905 627 comitatu
949 602 1020 627 suo
1060 590 1137 639 legi
1177 594 1216 628 et
1258 591 1458 640 predictas
1498 590 1704 629 libertates
1733 595 1771 629 et
1801 591 2048 641 quietancias
2078 592 2133 629 eis

430 663 452 687 a
492 649 655 688 domino
698 663 787 699 rege
827 664 1033 690 concessas
1074 653 1295 690 secundum
1338 656 1517 691 tenorem
1561 654 1736 702 predicte
1779 658 1885 691 carte
1929 655 1968 690 in
2013 653 2134 691 ballia

431 724 502 749 sua
533 712 704 750 firmiter
737 713 861 751 teneri
895 713 1029 752 faciat.
1107 715 1224 753 Teste
1259 718 1303 753 ut
1338 728 1470 764 supra.

539 818 615 854 Pro
675 819 756 855 [δῖα
813 820 999 856 eomitissa
1061 820 1571 858 Sarrisburia—Dominus
1630 833 1697 858 rex
1766 821 2002 870 perdonavit
2061 822 2135 859 Ele

430 878 633 917 comitisse
690 879 932 919 Sarrisburie
989 881 1135 930 viginti
1191 885 1229 919 et
1285 885 1457 931 quatuor
1513 895 1682 928 marcas,
1729 896 1827 932 quas
1874 883 2041 921 barones
2088 884 2135 921 de

433 940 640 980 Scaccario
670 941 719 979 ab
748 955 793 980 ea
823 943 990 992 exigunt
1020 956 1088 992 per
1118 944 1481 982 summonitionem
1515 945 1713 983 Scaccarii
1744 945 1790 983 de
1820 946 2000 991 scutagio
2035 946 2136 991 regis

430 1002 620 1042 Pictavie.
726 1004 780 1042 Et
836 1005 1075 1043 mandatum
1133 1009 1192 1043 est
1251 1006 1469 1044 baronibus
1527 1007 1716 1055 predictis
1764 1008 1867 1056 quod
1916 1007 2134 1056 predictam

430 1066 680 1104 comitissam
723 1067 770 1105 de
814 1068 1004 1117 predictis
1035 1068 1162 1118 xxiiij.
1197 1069 1340 1107 marcis
1374 1070 1552 1119 quietam
1585 1082 1668 1107 esse
1699 1069 1862 1109 faciant.
1937 1069 2052 1107 Teste
2093 1073 2138 1107 ut

431 1141 563 1179 supra.

539 1236 595 1272 De
642 1237 822 1284 capreolis
869 1237 1282 1275 ‹latim—Mandatum
1330 1240 1390 1275 est
1438 1237 1615 1275 Jolianni
1665 1237 1711 1274 de
1756 1236 1946 1285 Ruper'‚²⁵3³²
1984 1236 2140 1274 custodi

432 1297 577 1335 foreste
615 1297 662 1335 de
702 1298 805 1344 Ber',
846 1299 951 1348 quod
995 1299 1140 1337 habere
1179 1299 1300 1337 faciat
1340 1299 1506 1349 Hugoni
1546 1299 1698 1349 Paynel
1737 1303 1816 1337 tres
1856 1299 2059 1347 capreolos
2098 1299 2137 1335 in

432 1358 588 1397 brulliis
623 1360 767 1398 foreste
801 1361 848 1399 de
883 1361 987 1406 Ber’,
1022 1361 1069 1399 de
1103 1361 1208 1400 dono
1243 1362 1359 1411 regis.
1438 1362 1553 1400 Teste
1587 1365 1632 1399 ut
1671 1374 1803 1410 supra.

540 1486 617 1522 Pro
674 1486 837 1533 Humane
894 1486 1316 1534 Dispensat«)›va—Rex
1378 1486 1594 1524 baronibus
1675 1486 1757 1523 suis
1821 1486 1868 1523 de
1932 1485 2139 1524 Scaccario

433 1547 619 1585 salutem.
680 1548 826 1586 Sciatis
864 1549 967 1599 quod
1019 1549 1330 1597 perdonavimus
1378 1549 1522 1587 dilecto
1561 1553 1599 1587 et
1651 1549 1759 1586 fideli
1798 1552 1936 1587 nostro
1975 1548 2139 1598 Hugoni

433 1609 711 1659 Dispensatori
750 1610 895 1660 viginti
944 1611 1104 1657 solidos,
1144 1623 1244 1660 quos
1291 1610 1340 1648 ab
1380 1624 1424 1649 eo
1472 1611 1633 1660 exigitis
1681 1624 1749 1660 per
1779 1611 2138 1648 summonitionem

436 1671 633 1710 Scaccarii
662 1673 790 1710 nostri
810 1686 881 1722 pro
911 1674 1092 1723 scutagio
1130 1673 1376 1719 Brittannie,
1416 1676 1454 1711 et
1492 1673 1628 1711 decem
1670 1673 1830 1719 solidos,
1870 1686 1969 1722 quos
2008 1672 2057 1710 ab
2095 1686 2139 1711 eo

433 1734 593 1783 exigitis
631 1748 700 1784 per
744 1735 1104 1773 summonitionem
1134 1736 1315 1785 ejusdem
1362 1735 1559 1774 Scaccarii
1599 1748 1670 1784 pro
1700 1735 1879 1784 scutagio
1918 1737 2056 1772 nostro
2095 1735 2141 1772 de

433 1797 594 1835 Elvein.
653 1797 709 1835 Et
746 1798 833 1836 ideo
872 1797 983 1836 vobis
1022 1798 1264 1836 mandamus
1295 1799 1400 1847 quod
1439 1799 1573 1847 ipsum
1609 1798 1826 1847 Hugonem
1867 1798 1913 1835 de
1952 1797 2140 1846 predictis

432 1859 577 1909 viginti
616 1860 754 1898 solidis
801 1863 840 1898 et
878 1860 1013 1899 decem
1063 1860 1248 1898 similiter
1285 1861 1469 1910 quietum
1517 1873 1602 1898 esse
1649 1860 1821 1898 faciatis.
1893 1860 2010 1898 Teste
2051 1872 2141 1908 rege

433 1922 538 1971 apud
578 1922 998 1969 Westmonasterium‚
1041 1923 1122 1973 xxj.
1163 1922 1225 1960 die
1260 1922 1422 1971 Aprilis.

542 2046 597 2082 De
628 2046 795 2082 denariis
828 2046 1018 2082 mittendis
1053 2046 1101 2081 ad
1140 2046 1329 2081 ‹lonm'mcm
1364 2043 1793 2092 recem.—Mandatum
1828 2046 1888 2081 est
1928 2041 2139 2085 Cantebr’i

433 2107 539 2157 quod
586 2107 675 2144 illas
713 2106 1008 2156 quinquaginta
1047 2119 1216 2152 marcas,
1259 2119 1357 2155 quas
1397 2105 1585 2144 liberasse
1624 2105 1762 2144 debuit
1799 2118 1869 2155 per
1908 2108 2140 2155 preceptum

434 2169 538 2218 regis
577 2169 748 2207 Ricardo
795 2169 1030 2206 marescallo
1077 2169 1231 2207 domini
1280 2168 1385 2218 regis
1433 2172 1472 2206 et
1513 2168 1693 2206 ‚Iohanni
1742 2168 1777 2205 le
1817 2168 2055 2216 Flemmeng
2093 2167 2142 2205 ad

435 2244 556 2281 equos
594 2232 784 2269 emendos
816 2231 857 2268 in
892 2231 1088 2269 nundinis
1125 2231 1265 2269 Sancti
1305 2231 1456 2277 honis,
1488 2233 1526 2269 et
1566 2243 1645 2268 non
1683 2229 1868 2268 liberavit
1908 2234 1952 2268 ut
1986 2230 2140 2271 dicunt,

436 2295 522 2332 sine
560 2294 753 2332 dilatione
792 2294 841 2331 ad
880 2293 1092 2331 dominum
1131 2306 1264 2342 regem
1305 2294 1443 2331 mittat
1491 2296 1529 2331 et
1576 2306 1642 2331 eas
1690 2293 1731 2330 in
1779 2292 1996 2341 garderoba
2040 2292 2142 2341 regis

436 2357 596 2395 liberari
630 2356 764 2395 faciat.
848 2356 964 2394 Teste
1003 2360 1048 2394 ut
1083 2369 1216 2405 supra.

551 2480 629 2516 Pro
695 2479 906 2516 hominibus
962 2480 1004 2514 <Ie
1059 2491 1142 2514 soc-a
1198 2479 1239 2513 de
1314 2476 1663 2514 Waltlzam.——Rex
1737 2475 1962 2514 vicecomiti
2029 2475 2142 2512 Linc'

439 2543 625 2581 salutem.
705 2540 808 2588 Quia
863 2553 931 2589 per
983 2540 1291 2589 inquisitionem
1346 2539 1495 2578 factam
1552 2551 1621 2588 per
1668 2541 1900 2588 preceptum
1959 2540 2143 2575 nostrum

439 2605 664 2655 accepimus
738 2603 844 2653 quod
920 2614 1061 2640 omnes
1137 2602 1319 2640 homines
1396 2601 1443 2639 de
1522 2599 1618 2639 soka
1697 2601 1744 2638 de
1823 2599 2030 2638 Waltham
2106 2602 2144 2636 et

439 2672 708 2707 antecessores
743 2678 880 2704 eorum
911 2667 1089 2714 tempore
1128 2663 1247 2701 Alani
1287 2663 1361 2701 filii
1401 2662 1560 2701 comitis
1598 2665 1637 2701 et
1675 2662 1847 2700 aliorum
1887 2661 2143 2699 dominorum

440 2743 604 2769 suorum
671 2733 763 2768 ante
829 2740 1014 2776 guerram
1058 2729 1213 2764 motam
1270 2726 1375 2763 inter
1430 2724 1641 2763 dominum
1714 2724 1944 2762 Johannem
1998 2735 2144 2771 regem,

439 2796 594 2842 patrem
644 2795 842 2839 nostrum,
894 2794 933 2830 et
987 2791 1154 2830 barones
1211 2804 1302 2829 suos
1353 2790 1510 2839 Anglie,
1565 2789 1689 2839 quieti
1748 2789 1911 2826 fuerunt
1968 2792 2006 2826 et
2062 2799 2146 2825 esse

439 2854 662 2893 debuerunt
692 2855 739 2893 de
770 2855 887 2893 sectis
917 2854 1201 2899 comitatuum,
1225 2852 1466 2902 wapentak’‚
1498 2852 1546 2890 de
1575 2852 1664 2889 visu
1695 2851 1823 2889 franci
1862 2850 1982 2900 plegii
2022 2852 2060 2887 et
2099 2849 2145 2886 de

440 2918 615 2963 murdro,
656 2917 926 2956 concessimus
970 2916 1025 2954 eis
1064 2929 1135 2965 pro
1174 2915 1288 2954 nobis
1336 2919 1374 2953 et
1414 2913 1626 2952 heredibus
1666 2913 1815 2952 nostris
1853 2912 1957 2962 quod
2005 2923 2145 2948 omnes

439 2979 607 3028 predicti
655 2979 840 3018 homines
892 2979 939 3016 de
990 2977 1085 3017 soka
1131 2978 1179 3016 de
1219 2977 1426 3016 Waltham
1465 2977 1513 3014 de
1560 2975 1748 3025 predictis
1787 2972 2145 3013 consuetudinibus

440 3043 738 3092 imperpetuum
778 3042 859 3081 sint
905 3041 1042 3091 quieti,
1093 3041 1197 3079 sicut
1245 3040 1405 3089 plenius
1452 3039 1683 3077 continetur
1728 3038 1770 3075 in
1805 3035 1950 3074 litteris
1998 3033 2145 3071 nostris

440 3104 685 3154 patentibus,
724 3117 824 3153 quas
870 3104 926 3142 eis
973 3103 1066 3141 inde
1104 3102 1189 3140 fieri
1249 3102 1431 3140 fecimus.
1518 3102 1573 3139 Et
1622 3100 1695 3139 tibi
1746 3098 1987 3148 precipimus
2039 3095 2144 3145 quod

440 3167 594 3205 litteras
659 3166 857 3215 predictas
925 3167 967 3204 in
1023 3166 1143 3215 pleno
1192 3165 1389 3204 comitatu
1457 3168 1527 3202 tuo
1588 3163 1678 3213 legi,
1738 3166 1776 3199 et
1837 3160 2041 3198 libertates
2107 3161 2145 3196 et

439 3229 689 3279 quietancias
746 3228 787 3266 in
844 3229 899 3266 eis
956 3230 1167 3267 contentas
1224 3227 1280 3266 eis
1337 3226 1463 3266 teneri
1521 3226 1690 3271 faciatis,
1748 3224 1849 3261 sicut
1904 3221 2142 3270 predictum,

445 3291 561 3329 Teste
604 3304 693 3340 rege
732 3293 776 3328 ut
814 3303 948 3340 supra.

708 3363 1031 3421 *substitutae-for
1064 3386 1252 3422 ί1110110110
1276 3387 1315 3418 de
1344 3385 1525 3418 valoines⁷
1649 3382 1732 3421 †sio
1755 3382 1790 3411 in
1814 3380 1885 3411 ms.
