2375 3587
172 334 317 381 1237.

167 402 226 440 [m.
250 400 287 429 14
305 400 315 437 1

1054 203 1105 241 21
1150 200 1356 240 HENRY
1398 200 1479 240 ΠΙ.
2033 198 2114 236 435

415 399 673 449 pertinentiis
714 399 811 443 suis,
845 397 1077 435 habendum
1118 399 1201 433 toto
1242 400 1419 443 tempore
1455 395 1534 432 vite
1575 407 1642 431 sue
1682 394 1882 431 reddendo
1925 392 2016 429 inde
2051 404 2119 440 per

415 475 568 499 annum
600 475 637 498 x.
670 460 793 498 libras
823 460 948 497 donec
988 459 1020 496 ei
1062 456 1357 507 providerimus
1397 457 1437 493 in
1478 456 1643 493 escaetis
1682 456 1729 492 ad
1769 454 1987 492 valentiam
2027 466 2118 489 xxx.

418 523 657 561 libratarum
710 527 826 567 terre,
879 521 982 559 sicut
1035 520 1194 569 plenius
1251 518 1484 557 continetur
1541 517 1581 554 in
1640 517 1817 565 predicta
1869 519 1989 554 carta.
2065 514 2121 552 Et

416 585 503 623 ideo
554 585 665 623 vobis
715 584 960 622 mandamus
1011 582 1116 631 quod
1170 581 1243 618 hoc
1296 580 1352 617 ita
1405 579 1617 617 inrotulari
1672 584 1709 615 et
1767 578 1890 615 teneri
1950 576 2119 614 faciatis.

417 648 531 685 Teste
570 660 633 684 me
672 647 758 696 ipso
793 646 898 695 apud
935 644 1126 688 Keniton‚
1159 642 1271 692 xxiij.
1304 642 1366 679 die
1397 641 1559 690 Aprilis,
1592 653 1699 678 anno
1733 640 1843 687 regni
1879 639 2004 677 nostri
2037 638 2117 687 xxj.

523 770 580 806 De
623 770 766 817 pannis
814 769 973 804 ememus
1021 768 1069 802 ad
1119 766 1351 801 elemosinam
1404 761 1810 811 reqis.—Mandatuni
1850 764 1909 797 est
1954 759 2118 805 Hugoni

415 831 461 867 de
483 830 720 873 Pateshull’,
744 827 995 866 thesaurario
1026 826 1143 874 regis,
1172 825 1277 875 quod
1309 824 1389 862 emi
1420 823 1543 862 faciat
1571 835 1650 861 ccc.
1676 822 1833 860 tunicas
1864 821 2042 869 singulas
2074 821 2120 857 de

415 892 544 930 tribus
576 892 684 929 ulnis
716 891 765 928 ad
797 903 896 939 opus
929 901 1165 938 pauperum,
1199 892 1238 924 et
1270 886 1458 923 similiter
1489 888 1688 923 trescenta
1723 884 1835 932 paria
1867 882 2118 926 sotularium,

416 961 454 992 et
494 961 577 992 tam
618 954 775 991 tunicas
814 952 904 989 illas
943 964 1065 1000 quam
1105 949 1301 987 sotulares
1340 948 1493 996 erogari
1542 947 1663 984 faciat
1702 945 1944 995 pauperibus
1983 947 2121 982 contra

416 1017 572 1054 instans
604 1017 753 1053 festum
785 1015 1043 1052 Pentecostes
1075 1011 1143 1049 ubi
1175 1011 1304 1059 magis
1337 1010 1480 1047 viderit
1513 1021 1597 1046 esse
1629 1020 1801 1045 necesse.
1863 1006 1965 1043 Fieri
1999 1005 2119 1043 etiam

416 1079 537 1117 faciat
584 1079 683 1116 duos
737 1076 878 1115 calices
931 1088 1085 1119 aureos,
1136 1077 1353 1122 utrumque
1402 1071 1518 1121 pretii
1566 1084 1603 1108 x.
1654 1069 1862 1113 librarum,
1914 1068 1970 1106 ita
2017 1068 2121 1116 quod

417 1142 594 1190 prompti
645 1140 726 1178 sint
776 1142 814 1176 et
865 1138 993 1188 parati
1046 1140 1140 1174 ante
1190 1135 1415 1184 predictum
1466 1134 1628 1177 festum,
1673 1138 1711 1170 et
1761 1131 1949 1169 similiter
1998 1143 2120 1167 unam

417 1203 598 1241 tunicam
632 1208 671 1240 et
707 1215 829 1240 unam
865 1199 1125 1238 dalmaticam
1156 1199 1203 1236 de
1232 1197 1354 1235 rubeo
1389 1196 1557 1234 samicto
1587 1195 1634 1232 ad
1666 1194 1860 1243 capellam
1895 1193 1997 1242 regis
2029 1205 2120 1230 cum

417 1265 646 1314 aurifragiis
681 1262 1019 1314 competentibus,
1055 1274 1131 1310 que
1166 1261 1287 1298 etiam
1323 1264 1462 1297 ornate
1497 1258 1579 1295 sint
1620 1257 1712 1294 latis
1751 1255 1980 1303 aurifragiis
2019 1254 2123 1292 circa

418 1329 598 1366 manicas
637 1328 684 1365 ad
719 1340 891 1367 manus:
924 1328 962 1363 et
997 1329 1081 1362 tani
1114 1323 1257 1361 calices
1293 1322 1383 1359 illos
1414 1334 1535 1370 quam
1573 1320 1753 1358 tunicam
1788 1325 1827 1356 et
1861 1317 2121 1355 dalmaticam

418 1392 465 1428 ad
506 1404 638 1439 regem
678 1390 847 1427 mittant
886 1391 979 1426 ante
1020 1388 1169 1424 festum
1209 1385 1433 1434 predictum
1475 1397 1599 1433 usque
1641 1382 1780 1420 Glouc'
1823 1381 1883 1418 vel
1921 1379 2015 1418 alibi
2056 1379 2123 1417 ubi

418 1458 515 1492 tunc
542 1453 662 1490 fuerit
694 1466 774 1490 rex.
834 1452 892 1489 De
921 1449 1067 1500 quibus
1099 1448 1302 1491 omnibus,
1335 1460 1426 1484 cuin
1458 1450 1619 1483 custum
1651 1444 1797 1488 scierit,
1831 1443 1986 1480 litteras
2022 1442 2124 1491 regis

417 1517 463 1554 de
502 1515 667 1553 liberate
706 1515 739 1552 ei
780 1513 924 1551 habere
964 1513 1081 1550 faciet
1121 1524 1201 1548 rex.
1263 1510 1379 1546 Teste
1420 1522 1508 1557 rege
1547 1508 1652 1556 apud
1694 1507 1883 1557 Kenynt',
1920 1506 2026 1555 xxvj.
2062 1505 2124 1543 die

418 1579 580 1627 Aprilis.

533 1704 605 1738 l'ro
652 1703 860 1737 huminibus
902 1700 1046 1747 prioris
1097 1699 1229 1733 Sancti
1268 1697 1459 1732 'Iohannis
1498 1693 2026 1731 Jarumlem.—Mandatum
2066 1696 2125 1730 est

419 1763 635 1802 baronibus
673 1763 720 1800 de
760 1762 968 1800 Scaccario
1006 1760 1112 1810 quod
1151 1758 1290 1796 omnia
1329 1757 1643 1794 amerciamenta
1686 1768 1760 1804 que
1804 1755 2021 1803 exiguntur
2058 1767 2126 1803 per

419 1826 780 1864 summonitionem
831 1823 1027 1862 Scaccarii
1068 1821 1171 1870 regis
1219 1821 1265 1858 de
1313 1818 1484 1868 propriis
1528 1817 1762 1855 hominibus
1802 1817 1946 1866 prioris
1987 1817 2124 1856 Sancti

420 1889 622 1927 Johannis
642 1888 868 1926 Jerusalem
892 1900 968 1936 que
992 1885 1153 1935 quidem
1177 1882 1331 1932 liquida
1356 1886 1451 1919 sunt
1476 1889 1513 1918 et
1540 1881 1587 1918 ‹le
1611 1880 1756 1929 quibus
1781 1880 1894 1917 nulla
1920 1879 2126 1918 contentio

420 1958 480 1990 est
519 1952 567 1989 ad
609 1951 876 1995 Scaccarium,
917 1948 1063 1986 habere
1101 1946 1253 1985 faciant
1291 1945 1420 1983 eidem
1460 1944 1595 1993 priori.
1657 1943 1772 1981 Teste
1812 1950 1855 1980 ut
1895 1955 2026 1991 supra.

532 2074 742 2121 Hybernia.
805 2071 878 2107 Pro
918 2070 1087 2106 Henrz'eo
1136 2070 1178 2104 (Ie
1231 2064 1764 2103 'l'rublevill’.—Mandatum
1804 2066 1864 2100 est
1905 2062 2127 2112 justiciario

422 2135 626 2186 Hybernie
664 2133 769 2182 quod
808 2132 977 2170 assisam
1016 2130 1159 2168 mortis
1198 2127 1460 2166 antecessoris
1499 2139 1573 2176 que
1615 2125 1865 2163 summonita
1899 2129 1958 2162 est
1992 2138 2124 2163 coram

420 2197 652 2249 justiciariis
719 2195 822 2244 regis
879 2194 984 2243 apud
1033 2192 1200 2230 Dublin'
1252 2191 1355 2228 inter
1415 2189 1666 2227 Willelmum
1723 2187 1854 2224 filium
1914 2187 2032 2225 Alani
2088 2191 2128 2226 et

422 2263 617 2309 Agnetem
646 2270 810 2295 uxorem
841 2256 940 2305 ejus,
963 2257 1158 2304 petentes,
1182 2256 1220 2291 et
1253 2252 1475 2290 Henricum
1509 2251 1556 2287 ‹le
1589 2249 1836 2291 Trublevill’.
1861 2249 2125 2287 senescallum

421 2322 524 2371 regis
563 2319 788 2363 Wasconie,
829 2318 895 2367 qui
936 2321 995 2355 est
1047 2317 1088 2353 in
1139 2315 1305 2353 servicio
1353 2313 1456 2362 regis
1510 2313 1548 2349 in
1600 2311 1782 2361 partibus
1830 2311 2126 2356 transmarinis,

421 2388 640 2428 tenentem,
692 2383 739 2420 de
788 2380 969 2418 manerio
1017 2379 1064 2416 de
1115 2377 1395 2416 Balimasdun'
1446 2388 1536 2413 cum
1590 2373 1858 2423 pertinentiis,
1909 2378 2033 2422 ponat
2085 2374 2125 2410 in

420 2450 646 2496 respectum
695 2457 820 2494 usque
872 2443 919 2480 ad
969 2440 1132 2480 octabas
1187 2439 1324 2478 Sancti
1371 2437 1572 2476 Johannis
1623 2437 1807 2485 Baptiste
1857 2449 1963 2473 anno
2016 2436 2127 2485 regni

422 2509 526 2558 regis
564 2508 645 2557 xxj.
723 2506 839 2544 Teste
878 2517 968 2553 rege
1006 2503 1112 2553 apud
1152 2502 1344 2552 Kenynt’,
1385 2499 1508 2549 xxvij.
1549 2499 1611 2536 die
1651 2498 1812 2547 Aprilis.

534 2631 607 2666 Pr«,
668 2629 828 2664 Waltero
870 2627 987 2674 Kiny,
1031 2625 1168 2662 nuncio
1224 2620 1475 2669 restis—Rex
1543 2618 1740 2657 concessit
1790 2618 1966 2656 Waltero
2006 2618 2125 2667 King,

422 2692 571 2730 nuncio
606 2690 722 2740 regis,
755 2688 1036 2726 liberationem
1071 2686 1191 2723 unius
1225 2684 1378 2721 denarii
1414 2683 1453 2719 in
1482 2682 1543 2719 die
1578 2694 1695 2730 quem
1731 2681 1931 2718 Walterus
1963 2680 2127 2728 Longus

422 2756 468 2793 de
522 2754 651 2798 Cern',
703 2751 908 2801 quondam
965 2749 1138 2786 nuncius
1196 2746 1350 2784 domini
1408 2744 1610 2782 Johannis
1660 2743 1777 2791 regis,
1829 2742 1954 2791 patris
2008 2742 2124 2791 regis,

422 2817 621 2866 percipere
661 2813 815 2853 solebat
855 2825 924 2862 per
963 2823 1111 2849 manus
1149 2809 1389 2848 ballivorum
1425 2807 1526 2856 regis
1560 2806 1765 2843 Wintonie
1803 2805 1850 2843 de
1889 2805 1991 2843 dono
2029 2805 2125 2842 dicti

422 2879 547 2929 patris
577 2877 681 2926 regis
711 2877 758 2914 de
793 2874 1014 2913 elemosina
1046 2886 1119 2911 sua
1153 2871 1388 2910 constituta.
1461 2870 1516 2907 Et
1548 2868 1786 2905 mandatum
1819 2871 1878 2905 est
1912 2866 2125 2905 baronibus

423 2943 470 2980 de
500 2939 707 2980 Scaccario
738 2937 842 2987 quod
873 2937 908 2974 ei
940 2935 1221 2974 liberationem
1252 2933 1364 2970 illam
1396 2931 1541 2969 habere
1573 2930 1735 2975 faciant,
1768 2930 1871 2967 sicut
1902 2928 2124 2978 predictum

424 3007 497 3042 est.
574 3002 691 3040 Teste
730 3013 820 3049 rege
858 3002 903 3037 ut
946 3010 1079 3047 supra.

539 3126 613 3161 I²ro
656 3123 837 3159 willelmo
877 3117 1388 3157 ba[ista›·13‹›.——Mandatu1n
1428 3117 1489 3153 est
1527 3111 1822 3152 constabulario
1862 3110 1973 3148 Roffe
2020 3111 2125 3160 quod

427 3187 513 3224 loco
553 3183 743 3222 Willehni
785 3181 981 3220 balistarii
1030 3180 1099 3229 qui
1147 3179 1362 3228 languidus
1410 3180 1469 3214 est
1518 3175 1694 3224 assignet
1743 3173 1916 3221 aliquem
1965 3172 2122 3209 fidelem

427 3255 466 3287 et
522 3248 712 3285 idoneum
765 3245 832 3295 qui
883 3243 1096 3291 diligenter
1146 3241 1272 3290 possit
1324 3246 1362 3278 et
1411 3239 1511 3277 sciat
1564 3237 1768 3274 intendere
1822 3234 2124 3282 operationibus

427 3310 546 3349 castri
605 3308 707 3357 regis
765 3306 889 3345 noste.
952 3305 1054 3342 sicut
1101 3303 1302 3352 predictus
1351 3301 1579 3339 XVillelmus
1637 3298 1684 3335 ad
1743 3297 1817 3333 hoc
1875 3295 2122 3335 intendebat.

429 3374 546 3411 Teste
586 3374 630 3408 ut
671 3382 803 3419 supra.
