2375 3587
275 209 357 249 538

339 338 481 386 1237.

320 407 378 446 [m.
402 406 492 444 1111]

319 1407 379 1447 [m.
401 1406 492 1446 10‹l.]

1216 210 1402 253 CLOSE
1448 210 1652 252 ROLLS.

576 403 739 443 habebit
771 406 994 444 custodiam
1027 406 1211 444 omnium
1246 409 1443 444 terrarum
1480 410 1563 444 tam
1595 407 1642 444 de
1674 406 1930 444 feoffamento
1961 407 2132 445 aliorum
2164 420 2285 457 quam

576 466 624 504 de
672 467 929 506 feoffamento
986 469 1159 518 proprio.
1247 468 1565 518 Verumptainen
1614 468 1707 518 quia
1755 481 1895 506 omnes
1943 469 2107 507 heredes
2158 468 2286 518 ipsius

577 529 738 567 comitis
775 530 858 580 jam
898 531 1013 579 plene
1060 530 1179 568 etatis
1219 534 1314 568 sunt
1359 531 1548 568 dominus
1588 543 1655 568 rex
1690 531 1820 568 reddit
1859 531 1988 568 eidem
2028 531 2110 580 regi
2153 531 2286 569 Scotie

577 590 724 629 seisina
782 593 865 643 (xic)
924 592 970 630 de
1029 592 1144 630 feodo
1201 605 1286 638 suo,
1347 592 1405 630 ita
1472 596 1607 630 tamen
1663 592 1769 641 quod
1827 591 2018 630 omnibus
2074 592 2166 630 inde
2221 593 2286 642 jus

575 653 817 692 habentibus
851 655 1014 704 justicia
1054 658 1250 692 teneatur.
1327 655 1382 693 Et
1422 655 1496 693 lioc
1532 655 1629 692 facit
1666 656 1701 692 ei
1736 655 1962 704 specialiter
1996 655 2090 704 quia
2123 656 2287 694 heredes

577 720 673 754 sunt
711 716 826 765 plene
865 717 985 754 etatis
1023 721 1061 754 et
1101 730 1180 754 non
1223 717 1378 754 ratione
1417 717 1592 765 predicte
1632 716 1777 754 seisine
1814 730 1935 766 quam
1986 718 2175 755 dominus
2218 731 2285 755 rex

576 777 698 816 habet
759 792 830 828 pro
880 779 1017 817 nulla:
1076 779 1197 816 salvis
1243 784 1379 816 tamen
1432 779 1507 828 ipsi
1556 779 1722 817 domino
1780 779 1863 828 regi
1914 779 2060 828 Anglie
2116 783 2288 829 quatuor

577 840 768 879 maneriis
815 854 889 890 que
938 841 1102 878 fuerunt
1150 841 1191 878 in
1241 854 1365 878 11111110
1416 842 1540 890 ipsius
1589 841 1750 879 comitis
1797 846 1835 879 et
1881 854 1958 891 que
2006 841 2114 879 idem
2153 854 2286 880 comes

577 902 709 941 tenuit
747 903 793 940 de
832 903 998 941 domino
1037 915 1125 951 rege
1165 903 1205 939 in
1246 903 1391 952 capite.

689 1028 1061 1066 DeroniaffeLucas
1091 1028 1138 1065 de
1168 1028 1294 1078 Bari-y
1333 1029 1559 1066 attornavit
1597 1041 1732 1066 coram
1773 1042 1863 1078 rege
1901 1028 2125 1066 Radulfum
2162 1028 2285 1066 Barn'

577 1090 617 1127 in
666 1089 824 1138 loquela
872 1103 947 1139 que
994 1094 1054 1127 est
1104 1090 1144 1127 in
1193 1090 1389 1128 comitatu
1440 1091 1619 1128 Devonie
1667 1103 1736 1139 per
1784 1090 1900 1128 111010
1949 1091 1996 1128 (10
2036 1093 2144 1129 recto
2181 1091 2288 1129 inter

575 1152 709 1201 ipsum
741 1152 909 1195 Lucam,
942 1156 1162 1201 petentem,
1195 1157 1233 1190 et
1272 1151 1494 1190 Robertum
1534 1152 1581 1190 (10
1623 1152 1813 1190 Sechvill'
1849 1156 1887 1190 01
1927 1153 2088 1191 Michel'
2120 1166 2285 1191 uxorem

575 1214 674 1263 ejus,
716 1216 912 1258 tenentes,
954 1214 1001 1252 de
1041 1214 1155 1252 feodo
1195 1214 1352 1251 dimidii
1393 1214 1535 1251 militis
1574 1227 1666 1252 011111
1706 1214 1964 1263 pertinentiis
2002 1214 2044 1251 in
2085 1214 2285 1254 Columb⁷.

577 1276 694 1314 Teste
728 1289 817 1325 rege
856 1276 962 1325 apud
1002 1276 1189 1323 Rading',
1233 1290 1297 1314 xx.
1339 1277 1401 1314 die
1443 1277 1572 1314 Junii.

687 1403 738 1438 Ι)11
780 1401 1086 1439 ‹missas-*Rex
1126 1402 1305 1440 Hem-ico
1343 1402 1391 1439 (1(-
1432 1402 1666 1450 Aldithleg’,
1704 1401 1913 1450 Stephano
1947 1402 1993 1439 de
2029 1404 2212 1451 Segrave,
2248 1405 2287 1441 et

575 1464 741 1510 Hugoni
774 1464 1051 1513 131011011011110,
1076 1465 1265 1502 salutem.
1333 1464 1482 1502 Sciatis
1517 1464 1622 1514 quod
1657 1464 1713 1501 ita
1745 1464 1950 1513 provisum
1972 1467 2031 1502 est
2052 1465 2099 1502 de
2120 1464 2288 1503 consilio

574 1530 712 1564 nostro
740 1527 845 1575 quod
878 1540 958 1570 vos,
994 1527 1181 1571 llenrice‚
1214 1527 1453 1564 custodiatis
1482 1530 1614 1564 castra
1644 1526 1691 1564 de
1723 1526 1877 1564 Cestria
1911 1530 1950 1564 et
1984 1527 2031 1564 de
2066 1527 2181 1577 Rupe
2212 1540 2288 1577 que

574 1589 738 1627 fuerunt
785 1589 823 1626 J.
872 1589 1076 1638 quondam
1129 1589 1290 1627 comitis
1338 1589 1503 1632 Cesti-ie,
1545 1592 1584 1626 et
1631 1602 1707 1638 (1110
1748 1588 2000 1626 Walkelinus
2048 1589 2095 1627 de
2140 1590 2287 1628 Arden'

575 1650 690 1689 nobis
744 1651 928 1697 reddidit,
978 1652 1039 1689 cui
1097 1652 1349 1700 precepimus
1398 1665 1466 1700 per
1513 1651 1669 1689 litteras
1718 1654 1877 1689 nostras
1939 1654 2124 1700 patentes
2182 1652 2287 1702 quod

574 1716 705 1752 castra
743 1714 921 1762 predicta
960 1713 1072 1751 vobis
1112 1713 1254 1752 liberet
1293 1713 1439 1763 quibus
1479 1713 1756 1752 custodiendis
1796 1713 2042 1761 intendatis;
2092 1717 2131 1752 et
2182 1715 2288 1763 quod

574 1789 656 1823 vos,
689 1776 908 1825 Stephane,
939 1777 1026 1814 sitis
1056 1776 1305 1826 justiciarius
1340 1780 1476 1814 noster
1512 1776 1638 1815 Cestr’
1679 1776 1727 1814 ad
1761 1776 1967 1826 justiciam
2018 1775 2288 1816 exhibendam

575 1839 746 1887 singulis
793 1839 1133 1889 conquerentibus
1185 1841 1225 1877 in
1290 1839 1472 1889 partibus
1531 1839 1612 1876 illis
1668 1839 1891 1877 secundum
1951 1839 2287 1877 consuetudinem

575 1902 752 1950 partium
802 1902 978 1947 illarum,
1022 1902 1077 1940 ita
1127 1903 1234 1951 quod
1285 1902 1424 1940 01011111
1472 1902 1620 1951 placita
1672 1905 1710 1939 et
1761 1902 1898 1947 assise‚
1946 1904 2031 1939 tam
2088 1902 2136 1940 de
2185 1915 2290 1941 nova

574 1964 786 2002 disseisina
833 1978 955 2015 quam
1008 1965 1099 2010 alia,
1141 1968 1253 2002 mota
1306 1968 1485 2014 tempore
1537 1964 1633 2003 dicti
1682 1964 1842 2002 comitis
1900 1977 1969 2014 per
2026 1963 2160 2003 brevia
2216 1977 2289 2003 sua

572 2027 812 2076 procedant:
861 2027 941 2065 alia
989 2040 1081 2065 vero
1127 2028 1174 2065 de
1228 2026 1375 2077 quibus
1426 2026 1561 2064 brevia
1615 2027 1834 2076 impetrata
1892 2027 2057 2064 fuerunt
2108 2030 2288 2077 tempore

570 2089 739 2138 predicti
773 2089 933 2128 comitis
972 2092 1011 2127 et
1050 2102 1131 2127 non
1171 2088 1352 2127 exhibita
1384 2089 1609 2127 vicecomiti
1650 2102 1730 2126 non
1770 2089 2017 2138 procedant;
2063 2092 2102 2127 01
2133 2103 2209 2139 (100
2240 2090 2287 2127 (10

570 2154 700 2190 001010
739 2152 938 2189 movenda
977 2156 1073 2189 sunt
1112 2156 1151 2189 et
1186 2155 1272 2189 orta
1305 2155 1396 2200 post
1432 2156 1605 2189 mortem
1641 2151 1811 2200 predicti
1847 2151 2009 2189 comitis
2041 2151 2287 2200 placitentur

569 2227 638 2263 per
686 2213 803 2252 breve
853 2218 1031 2251 vestrum
1082 2215 1187 2264 quod
1242 2214 1316 2252 sub
1370 2213 1503 2262 sigillo
1560 2216 1700 2251 nostro
1752 2213 1837 2251 fieri
1896 2213 2022 2251 facias
2079 2214 2286 2264 justiciam

570 2276 814 2326 petentibus,
892 2277 931 2313 in
1016 2276 1096 2314 hiis
1171 2280 1211 2314 et
1285 2276 1374 2314 aliis
1463 2276 1678 2326 justiciarii
1755 2276 1885 2314 officio
1955 2276 2287 2325 contingentibus

571 2339 786 2388 diligenter
847 2351 916 2376 vos
987 2338 1323 2377 intromittentes.
1413 2339 1700 2377 Mandavimus
1771 2338 1880 2376 enim
1952 2337 2171 2377 baronibus
2249 2342 2288 2378 et

571 2401 760 2439 omnibus
817 2401 907 2438 aliis
963 2401 1010 2438 de
1068 2401 1265 2439 comitatu
1324 2401 1479 2440 Cestrie
1535 2401 1641 2450 quod
1699 2399 1812 2439 vobis
1875 2400 2135 2439 intendentes
2205 2401 2288 2439 sint

571 2467 611 2502 et
649 2463 936 2512 respondentes
976 2466 1184 2512 tamquam
1224 2463 1450 2513 justiciario
1500 2466 1653 2508 nostro,
1703 2466 1742 2501 et
1785 2462 1942 2500 litteras
1977 2466 2137 2501 nostras
2174 2462 2288 2502 vobis

571 2526 665 2564 inde
722 2525 926 2563 mittimus
984 2529 1170 2575 patentes
1227 2527 1399 2565 directas
1457 2525 1651 2575 predictis
1709 2524 1930 2563 baronibus
1997 2528 2036 2564 et
2098 2525 2287 2565 omnibus

572 2588 675 2633 aliis,
716 2601 815 2637 quos
853 2588 910 2626 ita
958 2588 1228 2626 amicabiliter
1277 2589 1461 2627 tractetis
1508 2587 1715 2626 libertates
1764 2600 1857 2625 suas
1908 2587 1964 2626 eis
2011 2589 2287 2627 conservando

571 2651 677 2700 quod
715 2650 965 2689 occasionem
1005 2663 1086 2688 non
1127 2650 1304 2689 habeant
1343 2650 1617 2700 conquerendi
1658 2650 1705 2687 de
1743 2649 1869 2687 vobis.
1942 2649 2001 2687 De
2040 2650 2287 2690 molendinis

571 2713 733 2763 quidem
786 2726 861 2762 que
910 2716 1001 2761 post
1054 2716 1229 2751 mortem
1283 2713 1452 2762 predicti
1507 2712 1668 2750 comitis
1722 2711 1954 2750 audivimus
2008 2713 2208 2761 prosterni
2264 2727 2287 2752 a

571 2774 812 2825 quibusdam
865 2775 911 2812 de
962 2775 1143 2823 partibus
1197 2775 1278 2813 illis
1331 2774 1446 2813 vobis
1499 2774 1743 2812 mandamus
1795 2774 1902 2824 quod
1942 2774 2179 2813 molendina
2216 2775 2287 2814 illa

570 2837 746 2886 reparari
776 2836 934 2874 faciatis
973 2839 1011 2874 et
1050 2837 1175 2886 redigi
1215 2837 1257 2875 in
1289 2840 1442 2876 statum
1474 2850 1553 2886 quo
1583 2837 1695 2885 prius
1730 2836 1898 2874 fuerunt
1937 2835 1987 2874 ab
2026 2836 2178 2875 eisdem
2217 2838 2285 2888 qui

573 2913 618 2938 ea
666 2901 982 2948 prostraverunt,
1033 2899 1080 2937 de
1129 2900 1450 2949 transgressione
1504 2899 1575 2937 illa
1628 2899 1738 2948 ipsos
1777 2898 2025 2948 castigantes
2063 2900 2284 2938 secundum

572 2961 717 3000 merita
755 2960 1022 3010 singulorum.
1101 2962 1157 3000 Et
1197 2962 1230 3000 si
1270 2962 1403 3011 alique
1443 2964 1546 2999 terre
1586 2974 1663 3011 que
1704 2962 1869 3000 fuerunt
1907 2961 2077 3011 predicti
2124 2962 2285 3001 comitis

573 3024 622 3063 ab
660 3022 861 3072 aliquibus
900 3027 1090 3072 occupate
1129 3024 1282 3062 fuerint
1322 3024 1384 3062 vel
1425 3024 1599 3061 alienate
1630 3026 1721 3073 post
1750 3026 1924 3061 mortem
1954 3022 2081 3072 ipsius
2110 3023 2283 3071 comitis,

571 3087 680 3136 ipsas
732 3086 773 3123 in
826 3098 996 3123 manum
1054 3089 1238 3124 nostram
1292 3086 1476 3136 capiatis,
1537 3090 1666 3125 terras
1723 3085 1949 3124 dominicas
2007 3085 2054 3123 de
2110 3085 2285 3125 exitibus

574 3147 779 3188 Cestresir’
817 3147 943 3186 excoli
982 3147 1188 3194 facientes,
1230 3162 1305 3199 que
1344 3149 1507 3198 quidem
1546 3149 1713 3186 fuerunt
1752 3148 1912 3186 comitis
1960 3147 2186 3194 memorati,
2234 3148 2284 3187 ad

573 3211 719 3250 melius
755 3210 860 3259 quod
898 3210 1094 3258 poteritis.
1172 3211 1228 3248 Et
1267 3210 1386 3248 blada
1425 3224 1500 3260 que
1541 3224 1614 3248 sua
1653 3211 1818 3248 fuerunt
1858 3211 1900 3247 in
1939 3210 2055 3248 terris
2085 3210 2285 3249 seminata

573 3275 623 3312 ad
660 3285 760 3322 opus
795 3274 980 3310 nostrum
1020 3272 1228 3310 retineatis
1267 3272 1317 3311 ab
1356 3272 1637 3311 executoribus
1677 3272 1804 3322 ipsius
1842 3271 2002 3310 comitis
2040 3284 2111 3321 pro
2151 3272 2284 3321 precio

572 3334 806 3376 rationabili
843 3347 913 3384 per
949 3334 1081 3374 visum
1120 3334 1336 3384 proborum
1366 3339 1405 3373 et
1436 3335 1629 3385 legalium
1662 3334 1876 3373 hominum
1906 3334 2055 3372 eisdem
2085 3335 2282 3383 apposito.

575 3399 772 3438 Similiter
810 3401 849 3435 et
884 3397 1049 3435 balistas
1088 3401 1127 3435 et
1167 3397 1265 3436 alias
1304 3403 1531 3437 armaturas
1580 3398 1765 3436 inventas
1812 3397 1854 3435 in
1901 3396 2044 3436 castris
2092 3397 2282 3446 predictis
