2375 3587
191 303 332 351 1235.

184 370 242 410 [m.
270 370 342 410 11.]

1068 176 1120 217 19
1162 173 1369 217 HENRY
1410 176 1492 218 ΠΙ.
2081 183 2135 223 89

541 372 620 407 Pro
667 373 931 409 mercatoribus
979 373 1021 408 (Ie
1069 372 1349 410 Leim'.—Rex
1401 372 1560 411 ballivis
1612 373 1659 411 de
1711 373 1841 412 Lenn'
1892 377 1931 413 et
1979 374 2137 415 ballivis

428 434 567 480 portus
601 432 779 481 ejusdem
815 432 908 471 ville
942 433 1129 472 salutem.
1188 434 1517 473 Monstraverunt
1547 434 1663 473 nobis
1699 436 1876 475 Thomas
1907 437 2135 476 Hereward'

427 494 475 531 de
523 494 667 540 Lenn’,
717 494 914 533 Robertus
962 495 1167 534 Bureman
1214 496 1262 534 de
1309 496 1487 534 Jernem’
1538 499 1577 535 et
1624 497 1841 536 &Varnerus
1888 498 1935 536 de
1980 499 2134 547 Rising'

426 557 465 592 et
503 555 668 604 quidam
706 555 774 593 alii
806 559 1047 595 mercatores
1085 558 1133 595 de
1172 560 1277 595 terra
1315 560 1453 596 nostra
1493 558 1612 607 quod,
1649 571 1741 596 cum
1772 571 1900 608 nuper
1933 560 2137 599 venissent

427 630 496 666 per
552 620 685 666 partes
754 618 1004 656 Normannie
1053 632 1146 657 cum
1204 619 1321 658 rebus
1396 623 1435 658 et
1491 621 1753 658 mercandisis
1817 621 1912 667 suis,
1972 623 2135 672 quidam

426 692 563 717 eorum
604 679 767 717 arestati
821 680 986 718 fuerunt
1036 681 1142 730 apud
1194 681 1511 731 Rothomagum,
1552 682 1715 731 quidam
1767 683 1872 732 apud
1913 684 2135 723 Cadamum

427 743 466 779 et
503 741 668 791 quidam
699 742 805 791 apud
841 743 1115 781 Puntademer
1144 756 1214 793 per
1246 743 1416 782 ballivos
1450 744 1554 793 regis
1593 744 1762 783 Francie
1792 745 1833 782 111
1873 745 2134 794 Normannia,

426 803 494 852 qui
557 816 618 842 res
675 806 713 842 et
770 805 1042 843 mercandisas
1107 818 1245 844 eorum
1314 806 1445 844 adhuc
1513 806 1696 845 detinent
1761 820 1853 845 cum
1905 809 2135 857 corporibus

426 865 651 915 aliquorum
690 879 789 916 quos
828 867 958 905 adhuc
997 867 1184 905 similiter
1222 871 1361 906 tenent
1400 868 1441 906 in
1481 869 1655 918 prisona.
1715 869 1783 916 Et,
1824 870 1918 919 quia
1960 871 2135 921 dampna

425 927 694 976 predictorum
777 932 1047 967 mercatorum
1113 936 1344 968 nostrorum
1414 931 1528 969 valde
1613 944 1686 969 nos
1779 936 1956 979 movent,
2024 933 2135 972 vobis

425 990 668 1039 precipimus
706 991 812 1040 quod
864 1004 1004 1030 omnes
1042 1005 1104 1030 res
1142 994 1180 1030 et
1227 993 1499 1031 mercandisas
1539 993 1725 1032 inventas
1760 994 1800 1031 in
1848 998 1965 1043 portu
2003 1000 2135 1035 vestro

425 1052 472 1089 de
520 1052 782 1091 mercandisis
829 1056 868 1091 et
915 1053 1032 1091 rebus
1081 1057 1349 1092 mercatorum
1400 1055 1446 1093 de
1495 1055 1746 1094 Normannia
1791 1057 1957 1094 arestari
2004 1061 2042 1095 et
2092 1072 2136 1096 ea

425 1114 534 1153 salvo
572 1115 763 1153 custodiri
802 1115 974 1161 faciatis,
1015 1116 1072 1153 ita
1109 1117 1216 1165 quod
1254 1117 1381 1156 nichil
1425 1117 1518 1155 inde
1563 1121 1797 1156 amoveatur
1844 1119 1929 1157 sine
1973 1120 2135 1168 speciali

426 1180 611 1226 precepto
643 1180 802 1223 nostro;
843 1182 881 1216 et
920 1179 1019 1217 scire
1058 1178 1173 1217 nobis
1203 1179 1361 1218 faciatis
1390 1193 1488 1230 quas
1520 1181 1791 1219 mercandisas
1820 1184 1858 1219 et
1886 1195 1962 1231 (1116
1991 1183 2136 1221 catalla

426 1240 696 1278 arestaveritis
733 1244 772 1278 et
809 1244 1008 1291 quantum
1048 1241 1221 1279 valeant.
1281 1242 1398 1280 Teste
1436 1245 1481 1280 ut
1519 1256 1653 1292 supra.

536 1327 689 1366 Eodem
725 1328 843 1367 modo
882 1329 1122 1368 mandatum
1156 1331 1216 1367 est
1255 1328 1413 1368 ballivis
1461 1330 1509 1368 de
1545 1331 1794 1369 Gernemuta
1831 1334 1869 1369 et
1907 1332 1954 1370 de
1988 1332 2136 1371 Sancto

429 1389 606 1428 Botulfo.

538 1517 615 1553 Pro
654 1517 815 1554 Aleredo
851 1518 893 1553 de
929 1517 1041 1563 Den’,
1081 1519 1257 1555 serviente
1296 1519 1523 1555 Ermziensis·
1565 1519 2036 1568 episcop12—-Mandatum
2076 1525 2136 1560 est

430 1578 633 1617 Willelmo
698 1578 745 1616 de
811 1578 1051 1628 Orlingham
1104 1579 1209 1629 quod
1285 1579 1407 1618 faciat
1468 1579 1613 1618 habere
1684 1581 1857 1620 Alvredo
1914 1583 1961 1620 de
2017 1583 2133 1629 Den',

428 1640 617 1679 servienti
667 1640 911 1679 Exoniensis
973 1640 1162 1690 episcopi,
1204 1644 1377 1690 quatuor
1438 1655 1609 1691 quercus
1663 1642 1704 1680 111
1755 1642 1874 1682 bosco
1934 1645 2037 1694 regis
2088 1646 2135 1683 de

428 1703 630 1741 Mereden’
681 1703 730 1740 ad
779 1702 1038 1741 maeremium
1085 1703 1179 1741 inde
1227 1703 1458 1742 faciendum
1505 1705 1555 1742 ad
1603 1718 1643 1743 se
1691 1705 1982 1754 hospitandum
2029 1707 2135 1756 apud

428 1764 636 1810 Drechest‚
674 1764 722 1802 de
759 1765 863 1803 dono
902 1765 1019 1814 regis.
1079 1765 1196 1804 Teste
1235 1778 1325 1815 rege
1363 1766 1469 1816 apud
1509 1766 1681 1813 Roffam,
1718 1768 1773 1817 xj.
1814 1768 1876 1806 die
1915 1768 2027 1806 Maii.

538 1899 616 1935 Pru
658 1898 825 1946 Ifadulfo
852 1899 944 1946 filio
987 1897 1495 1936 Berua1·«l1'.—B[ai]‹lat11111
1531 1901 1591 1937 est
1630 1899 1801 1938 Ricardo
1841 1900 1887 1938 de
1923 1900 2134 1939 Wrotham

428 1960 533 2009 quod
579 1959 790 2009 permittat
839 1959 1061 1997 Radulfum
1110 1960 1242 1997 filium
1292 1960 1487 1998 Bernardi
1531 1973 1670 2010 capere
1709 1962 1846 2000 decem
1885 1976 2054 2012 quercus
2093 1963 2134 2001 in

429 2021 547 2061 bosco
578 2035 650 2060 suo
683 2021 730 2059 de
761 2022 912 2067 From',
948 2034 1024 2071 que
1062 2024 1122 2059 est
1161 2021 1268 2059 infra
1301 2021 1494 2060 forestam
1528 2023 1644 2071 regis,
1681 2023 1730 2060 ad
1770 2036 1810 2061 se
1846 2023 2135 2073 hospitandum

429 2084 535 2134 apud
573 2084 721 2128 From’,
762 2086 801 2121 et
850 2082 940 2122 illas
988 2083 1073 2122 sine
1113 2083 1406 2133 impedimento
1445 2084 1681 2134 chiminagii
1721 2085 1944 2124 extrahere.
2022 2086 2137 2126 Teste

429 2159 519 2196 rege
557 2149 602 2185 ut
641 2159 773 2196 supra.

538 2281 617 2317 Pro
658 2281 744 2317 Eva
781 2281 823 2317 de
863 2279 1157 2317 Braos’.—Rex
1202 2277 1418 2317 baronibus
1467 2279 1549 2317 suis
1598 2279 1646 2318 de
1695 2279 1903 2320 Scaccario
1946 2281 2134 2320 salutem.

431 2342 576 2382 Sciatis
622 2342 728 2392 quod
775 2341 986 2380 duodecim
1036 2353 1204 2387 marcas,
1259 2354 1357 2390 quas
1406 2354 1474 2391 per
1523 2342 1887 2381 summonitionem
1939 2344 2136 2383 Scaccarii

429 2404 556 2443 nostri
594 2404 754 2454 exigitis
802 2403 851 2442 ab
890 2404 979 2442 Eva
1016 2403 1063 2441 de
1102 2404 1241 2442 Braos'
1283 2404 1330 2441 de
1368 2404 1543 2453 quodam
1584 2405 1911 2452 amerciamentQ
1951 2406 2135 2444 dedimus

428 2468 558 2507 eidem
588 2467 673 2505 Eve
707 2467 749 2504 in
783 2466 980 2504 auxilium
1016 2466 1066 2504 ad
1095 2466 1234 2504 villam
1265 2479 1381 2505 suam
1415 2467 1462 2504 de
1495 2467 1613 2517 Haya
1646 2467 1904 2506 firmandam.
1964 2469 2019 2507 Et
2048 2469 2136 2508 ideo

429 2530 542 2570 vobis
579 2529 821 2568 mandamus
858 2529 964 2578 quod
1003 2529 1078 2566 hoc
1117 2528 1175 2567 ita
1214 2529 1300 2567 fieri
1348 2531 1387 2567 et
1435 2529 1648 2568 inrotulari
1696 2530 1865 2569 faciatis.
1938 2531 2054 2570 Teste
2092 2535 2136 2570 ut

431 2606 564 2643 supra.

536 2683 589 2719 Et
641 2681 857 2719 mandatur
906 2679 1132 2718 vicecomiti
1186 2679 1329 2718 Heref’
1383 2679 1489 2729 quod
1540 2680 1575 2718 ei
1647 2680 1741 2718 inde
1794 2692 1932 2730 pacem
1987 2680 2133 2720 habere

429 2743 652 2794 permittat.

540 2877 617 2914 Pro
666 2877 794 2913 Alicia
843 2889 909 2925 que
947 2877 1031 2922 fuit
1081 2889 1174 2912 umor
1219 2877 1369 2913 [roberti
1416 2876 1448 2913 le
1498 2877 1709 2924 Cliapman.
1743 2875 1855 2913 —Rex
1902 2875 2137 2925 perdonavit

431 2939 570 2985 Alicie,
621 2951 697 2988 que
746 2937 824 2976 fuit
874 2950 974 2976 uxor
1024 2936 1188 2976 Roberti
1237 2937 1273 2975 le
1324 2937 1551 2987 Chapman,
1603 2937 1807 2987 escapium
1858 2938 2052 2976 Willelmi
2102 2938 2138 2976 le

430 3002 577 3051 Naper,
615 3000 684 3050 qui
722 2999 800 3038 fuit
848 2999 890 3037 in
938 2999 1104 3048 prisona
1143 2999 1249 3049 regis
1288 3000 1395 3048 apud
1434 2999 1593 3038 Roffam
1633 3002 1672 3037 et
1711 3000 1752 3037 in
1791 2999 1972 3038 custodia
2011 3000 2137 3049 ipsius

431 3063 571 3101 Alicie,
629 3062 685 3100 Et
724 3061 964 3099 mandatum
998 3063 1059 3099 est
1095 3061 1331 3111 justiciariis
1366 3060 1548 3110 proximo
1582 3060 1831 3099 itineraturis
1866 3061 1907 3098 in
1942 3061 2136 3099 comitatu

432 3125 582 3164 Kancie
619 3124 725 3174 quod
763 3123 893 3172 ipsam
933 3122 1105 3161 Aliciam
1144 3123 1190 3160 de
1229 3123 1408 3172 predicto
1446 3122 1604 3172 escapio
1635 3123 1813 3173 quietam
1848 3136 1931 3161 esse
1970 3122 2135 3161 faciant.

434 3188 551 3226 Teste
589 3190 633 3224 ut
672 3199 805 3235 supra.

541 3274 597 3313 Et
627 3273 865 3311 mandatum
899 3274 959 3310 est
994 3271 1152 3310 ballivis
1182 3272 1230 3310 de
1260 3272 1376 3310 Roffa
1409 3271 1515 3321 quod
1549 3271 1755 3310 occasione
1789 3271 1955 3320 predicti
1990 3271 2135 3320 escapii

432 3336 564 3386 ipsam
601 3335 772 3374 Aliciam
811 3334 853 3373 in
892 3334 1006 3373 nullo
1045 3337 1213 3384 gravent
1251 3334 1313 3373 vel
1352 3333 1621 3378 occasionent.
1678 3333 1796 3371 Teste
1834 3335 1878 3372 ut
1917 3346 2051 3382 supra.

452 3408 469 3437 '7
