2375 3587
249 178 333 217 490

315 301 451 348 1237.

312 367 373 408 [m.
390 366 438 406 4.]

1182 183 1368 226 cnosn
1413 164 1617 225 RoLLs.

546 378 754 416 comitissa
791 379 988 417 concessit
1025 380 1131 429 quod
1171 379 1288 417 blada
1337 380 1409 416 illa
1447 379 1688 425 colligantur
1738 391 1807 427 per
1845 377 2100 427 operaciones
2144 377 2247 424 illas,

546 445 585 478 et
624 440 702 478 nisi
742 440 861 478 blada
899 441 968 478 illa
1006 442 1228 479 secundum
1268 441 1397 490 legem
1433 447 1471 479 et
1520 440 1855 478 consuetudinem
1906 444 2008 478 terre
2043 440 2077 477 ei
2116 440 2250 489 quieta

546 515 752 539 remanere
790 501 961 540 debeant
1000 503 1046 540 de
1086 502 1217 551 precio
1256 503 1474 539 eorundem
1523 501 1735 539 bladorum
1788 501 2011 539 satisfaciet
2061 500 2250 550 predictis

546 564 824 602 executoribus
871 570 909 601 et
958 565 1048 601 inde
1086 564 1239 613 plegios
1280 564 1469 602 inveniet.
1551 564 1631 601 Rex
1672 563 1795 601 etiam
1835 563 1933 612 ipsis
1972 562 2250 601 executoribus

549 627 659 664 dedit
710 627 749 663 in
803 627 1007 664 mandatis
1052 627 1155 675 quod
1197 626 1251 664 510
1292 627 1375 663 fieri
1427 626 1615 675 piwcepit,
1657 629 1695 663 et
1750 626 1855 674 quod
1895 625 2084 674 predictis
2122 624 2250 662 bladis

548 689 826 738 appreciandis
893 688 1092 729 intersint,
1160 692 1199 725 et
1252 689 1357 737 quod
1410 688 1527 726 blada
1584 688 1653 725 illa
1703 687 1838 736 colligi
1891 687 2132 736 permittant
2182 699 2250 735 per

547 751 803 799 operaciones
852 749 1049 797 predictas
1098 762 1173 798 que
1231 749 1428 787 debentur
1473 750 1602 787 eidem
1650 748 1869 793 comitisse,
1929 752 2039 786 secut
2093 749 2250 798 justum

546 816 605 850 est
644 812 685 849 in
724 812 856 861 precio
902 811 1083 860 ejusdem
1124 811 1231 848 bladi
1271 812 1434 849 allocari
1475 811 1505 849 si
1560 811 1677 849 blada
1727 811 1796 848 illa
1835 811 1869 848 ei
1910 814 2145 848 remaneant
2184 823 2253 859 per

546 873 723 923 precium
761 873 865 923 quod
902 873 1069 921 predicti
1108 873 1294 910 homines
1334 873 1375 910 in
1414 886 1460 911 eo
1498 872 1772 922 apposuerint.
1833 872 1949 909 Teste
1988 875 2032 909 ut
2071 885 2205 921 supra.

654 952 809 990 Eodem
840 951 960 988 modo
993 951 1180 989 scribitur
1208 951 1433 989 vicecomiti
1467 952 1563 989 Bed'
1595 952 1643 989 de
1675 950 1856 989 manerio
1894 951 1942 988 de
1976 950 2251 989 Kenibestun'.

654 1032 709 1069 Et
749 1030 936 1079 predictis
975 1030 1253 1068 executoribus
1292 1032 1410 1068 modo
1445 1031 1635 1079 predicto.

658 1139 708 1173 lh*
761 1138 881 1172 «lamis
921 1137 1337 1174 ‘lame—Mandatum
1377 1139 1435 1174 est
1495 1136 1650 1173 Thome
1708 1136 1755 1173 de
1811 1135 2013 1174 Saniford’
2053 1135 2159 1184 quod
2208 1135 2250 1172 in

546 1200 693 1237 foresta
731 1198 776 1235 de
826 1198 997 1234 Braden'
1050 1197 1170 1236 faciat
1222 1197 1368 1236 habere
1417 1198 1622 1236 Gileberto
1669 1198 1813 1235 Basset
1863 1198 1963 1235 duos
2010 1198 2163 1243 damos,
2203 1197 2251 1234 de

544 1262 648 1298 dono
689 1260 804 1307 regis,
880 1259 996 1296 Teste
1053 1273 1141 1308 rege
1195 1260 1300 1308 apud
1358 1260 1598 1305 Selveston’,
1641 1260 1752 1310 xxiij.
1813 1259 1875 1297 die
1914 1259 2100 1308 Augusti.
2176 1259 2253 1297 Per

546 1323 805 1360 Amauricum
845 1322 892 1359 de
933 1322 1084 1360 Sancto
1132 1322 1331 1360 Amundo.

658 1429 731 1464 l'ro
776 1428 873 1474 ln'ljsa
919 1428 1077 1469 l1('l'('‹5'l1‘t'‚
1119 1428 1241 1462 ›lmlw
1285 1426 1583 1472 luitulfi—Quia
1622 1426 1747 1476 Elyas
1787 1426 1844 1464 Le
1889 1425 2059 1471 Eveslze,
2099 1425 2252 1463 Judeus

544 1489 686 1531 Lond’,
710 1487 880 1526 reddidit
911 1488 1005 1536 regi,
1029 1494 1073 1525 111
1102 1488 1262 1533 (11011111,
1288 1488 1482 1526 ducentas
1512 1501 1668 1525 marcas
1697 1488 1744 1526 de
1775 1487 1909 1525 debito
1935 1487 2251 1537 quingentarum

542 1563 770 1588 marcarum
808 1550 911 1599 quod
949 1549 1028 1595 regi
1068 1549 1183 1587 debet
1221 1554 1259 1586 et
1305 1562 1383 1587 non
1434 1549 1580 1587 sufficit
1621 1550 1669 1586 ad
1712 1550 1954 1587 solutionem
2003 1549 2251 1587 residuarum

541 1617 830 1652 trescentarum
898 1625 1138 1657 marcarum,
1187 1612 1427 1649 mandatum
1485 1615 1545 1649 est
1592 1611 1891 1650 constalnilario
1938 1612 2077 1649 Turris
2122 1612 2250 1649 Lond'

538 1676 643 1726 quod
690 1675 906 1724 distringat
960 1675 1072 1712 Isaac
1125 1674 1255 1711 filium
1306 1675 1423 1712 Josce
1472 1675 1521 1711 ad
1574 1674 1820 1712 reddendum
1873 1674 2000 1711 eidem
2054 1674 2155 1724 Elye
2203 1674 2252 1711 ad

540 1751 640 1788 opus
688 1738 833 1775 Henne
884 1737 965 1773 filie
1012 1749 1092 1781 sue,
1143 1749 1218 1785 que
1269 1737 1345 1774 fuit
1395 1749 1494 1774 uxor
1545 1736 1662 1774 ν10500
1711 1736 1746 1774 10
1803 1737 1974 1782 Prestre,
2033 1739 2253 1775 trescentas
2298 1774 2302 1779 ,

542 1814 710 1845 iii-arcas,
750 1804 789 1837 et
828 1799 875 1836 ad
915 1812 1015 1847 opus
1056 1798 1172 1837 Sari-e
1207 1798 1287 1835 filie
1326 1798 1452 1847 ipsius
1494 1799 1652 1844 Henne,
1692 1799 1901 1847 sexaginta
1946 1812 2114 1844 marcas,
2154 1799 2251 1836 dum

542 1868 678 1901 tamen
728 1861 874 1899 50111110
931 1860 1053 1899 debiti
1110 1861 1277 1909 predicti
1335 1862 1439 1909 quod
1496 1861 1600 1898 idem
1654 1861 1767 1899 Isaac
1823 1860 1938 1898 nobis
1991 1860 2105 1899 debet
2170 1874 2252 1899 non

541 1925 797 1974 impediatur.
856 1924 973 1961 Teste
1010 1936 1099 1971 rege
1138 1923 1243 1972 apud
1284 1922 1481 1968 Wudest’,
1522 1923 1617 1972 xxij.
1658 1922 1721 1960 die
1768 1922 1955 1972 Augusti.

653 2031 707 2066 De
761 2029 961 2077 quem-nlius
1019 2026 1432 2064 (ἰαίί.ε-.--1111111(111111111
1490 2030 1549 2064 051
1607 2026 1786 2064 Johanni
1844 2027 1891 2064 de
1944 2026 2089 2065 Nevill'
2146 2028 2251 2077 quod

541 2091 686 2130 habere
735 2091 855 2129 faciat
903 2090 1127 2138 Regin-aldo
1174 2090 1221 2127 de
1278 2090 1406 2127 Bosco
1454 2103 1490 2128 x.
1536 2102 1706 2138 quercus
1746 2089 1813 2127 ubi
1863 2089 2007 2127 melius
2056 2092 2096 2128 et
2144 2102 2250 2128 00111-

540 2154 742 2204 petentius
780 2153 866 2201 capi
908 2155 1075 2200 possunt
1115 2152 1153 2188 in
1208 2151 1330 2189 ballia
1378 2165 1449 2188 sua
1499 2151 1548 2188 ad
1598 2152 1801 2200 quoddam
1841 2152 2111 2201 appentitium
2160 2152 2252 2191 inde

541 2216 768 2255 faciendum
808 2215 856 2252 ad
895 2214 1023 2263 capud
1054 2214 1142 2251 aule
1181 2214 1227 2251 de
1259 2214 1456 2251 Brehull'.
1518 2214 1635 2251 Teste
1675 2227 1764 2262 rege
1803 2214 1907 2262 apud
1948 2214 2105 2259 Norht’,
2128 2215 2251 2265 xxvij.

542 2280 604 2318 die
643 2278 828 2324 Augusti.
901 2277 976 2314 Per
1014 2276 1177 2314 fratrem
1220 2276 1464 2313 Galli-idum.
2085 2279 2088 2282 ’

655 2384 728 2419 Ιί·(ι
772 2382 908 2417 'l'lmma
946 2382 986 2415 du
1037 2380 1419 2426 ¹8'1’t'1-e.n·a.s·t'.—Quin,
1476 2392 1541 2416 rex
1602 2379 1755 2428 accepit
1812 2392 1881 2428 per
1947 2380 2251 2430 inquisitionem

542 2446 691 2483 factam
730 2457 798 2492 per
836 2449 1069 2491 preceptum
1110 2442 1215 2491 regis
1253 2443 1358 2491 quod
1389 2442 1600 2479 Johannes
1641 2442 1688 2479 de
1719 2442 1882 2491 Ispania
1916 2442 1983 2491 qui
2034 2456 2252 2492 suspensus

542 2507 619 2545 fuit
671 2519 741 2556 pro
779 2504 991 2543 latrocinio
1030 2505 1162 2542 tenuit
1209 2505 1255 2542 de
1309 2505 1466 2542 Thoma
1503 2504 1549 2541 de
1592 2504 1809 2542 Sisrewast'
1860 2505 1940 2554 xvj.
1990 2518 2101 2543 acras
2150 2509 2252 2544 terre

542 2582 634 2608 cuni
673 2567 927 2617 pertinentiis
966 2567 1006 2603 in
1047 2567 1316 2611 Cestresham,
1368 2570 1407 2604 et
1447 2566 1493 2603 de
1543 2566 1732 2604 Johanne
1776 2566 1959 2604 Osmund
2002 2566 2101 2616 xiiij.
2141 2581 2252 2606 acras

544 2638 645 2670 terre
683 2631 723 2667 in
764 2630 901 2667 eadem
940 2629 1050 2671 villa,
1091 2633 1129 2666 et
1168 2629 1273 2678 quod
1313 2632 1414 2666 terre
1454 2629 1519 2665 ille
1559 2629 1780 2666 extiterunt
1811 2628 1851 2665 in
1887 2641 2012 2666 manu
2046 2629 2148 2678 regis
2182 2644 2252 2679 per

543 2707 671 2732 unum
719 2705 873 2730 annum
921 2694 960 2729 et
1008 2704 1136 2728 unuin
1185 2691 1306 2736 diem,
1347 2691 1588 2728 mandatum
1629 2694 1688 2728 est
1728 2690 1954 2728 vicecomiti
2003 2691 2106 2728 Buk’
2145 2693 2250 2742 quod

544 2756 673 2794 eidem
713 2754 867 2791 Thome
904 2753 951 2790 de
990 2752 1179 2801 predictis
1218 2753 1298 2791 xvi.
1339 2752 1440 2790 acris
1488 2755 1526 2790 et
1570 2752 1699 2790 eidem
1739 2752 1919 2790 Johanni
1967 2753 2014 2790 de
2063 2754 2252 2802 predictis

544 2817 645 2868 xiiij.
683 2816 784 2854 acris
822 2815 983 2864 plenam
1022 2814 1212 2852 seisinani
1252 2813 1396 2852 habere
1437 2814 1570 2852 faciat.
1636 2814 1752 2851 Teste
1800 2827 1889 2863 rege
1937 2815 2042 2864 apud
2090 2806 2250 2863 Norht',

545 2879 673 2929 xxiiij.
712 2878 774 2915 die
813 2877 999 2926 Augusti.

654 2984 712 3021 De
761 2984 932 3029 murayio
986 2981 1334 3029 iif's510›·m·e.—Rex
1383 2980 1471 3018 loco
1520 2980 1681 3017 Radulfi
1725 2979 1890 3029 Felagh’
1938 2980 2006 3029 qui
2066 2984 2250 3021 mortuus

544 3050 605 3085 est
643 3048 682 3083 et
722 3044 791 3093 qui
828 3043 1035 3081 consuevit
1065 3057 1146 3080 una
1186 3045 1308 3092 [cum]
1352 3042 1580 3080 Alexandro
1613 3042 1649 3079 le
1683 3041 1838 3090 Draper
1865 3042 2048 3080 denarios
2077 3045 2250 3094 inuragii

545 3107 721 3148 civitatis
765 3106 970 3154 Wigornie
1017 3105 1238 3154 expendere
1298 3104 1511 3142 substituit
1558 3103 1779 3142 Robertuni
1827 3103 1958 3141 filium
2007 3104 2154 3154 Nigelli
2200 3107 2249 3145 ad

545 3170 745 3221 predictos
792 3167 976 3205 denarios
1023 3167 1318 3215 expendendos.
1404 3167 1460 3204 Et
1508 3166 1747 3204 mandatum
1795 3168 1855 3204 est
1901 3166 2026 3204 eidem
2076 3167 2250 3207 Roberto

547 3233 652 3284 quod
709 3244 790 3269 una
846 3242 937 3268 cum
995 3229 1172 3278 predicto
1224 3229 1452 3267 Alexandro
1510 3229 1645 3268 taliter
1701 3229 1886 3267 intendat
1940 3229 2114 3268 denariis
2169 3231 2249 3270 illis

548 3293 817 3345 expendendis
855 3291 960 3341 quod
997 3291 1171 3329 fidelitas
1220 3304 1292 3329 sua
1340 3291 1466 3340 possit
1512 3294 1550 3329 et
1597 3289 1738 3329 debeat
1781 3291 1924 3329 merito
1961 3293 2248 3332 commendari.

550 3359 665 3397 Teste
706 3370 794 3405 rege
832 3355 937 3404 apud
976 3354 1134 3399 Norht’‚
1174 3353 1298 3404 xxvij.
1339 3353 1401 3391 die
1441 3353 1629 3402 Augusti.
