2375 3587
161 313 303 360 1235.

160 379 219 420 [m.
232 379 306 420 5d.]

1053 190 1104 228 19
1146 187 1352 228 HENRY
1393 188 1475 229 ΙΠ.
2032 195 2110 234 198

402 380 605 419 Lewensis
652 382 821 419 fundata
866 386 938 428 est,
988 386 1028 420 et
1077 386 1160 421 tam
1209 383 1279 421 illa
1325 397 1447 433 quani
1497 385 1696 424 Willelmo
1742 387 1826 425 filio
1874 393 1912 425 et
1964 388 2108 426 herede

401 455 473 480 suo
537 443 825 488 consentiente,
884 444 1017 492 sopita
1072 448 1131 481 est
1187 445 1394 483 contentio
1454 446 1593 483 eadem
1650 446 1692 484 in
1759 448 1867 486 hunc
1925 449 2104 496 modum,

400 506 611 552 postquam
664 504 733 541 diu
785 505 1012 543 duraverat.
1098 507 1275 543 Vacante
1322 506 1501 555 prioratu
1552 507 1749 553 Lewensi,
1799 521 1891 546 cum
1944 511 2106 549 nunciis

399 565 558 603 comitis
598 566 811 604 Warennie
850 567 927 604 duo
966 567 1155 605 monachi
1204 569 1414 606 Lewenses
1455 568 1695 606 Cluniacum
1736 570 1952 608 mittentur
2000 572 2106 610 infra

398 627 451 664 xl.
504 627 588 665 dies
638 631 852 677 postquam
904 628 1118 677 contigerit
1170 630 1393 678 predictum
1444 631 1670 679 prioratum
1722 645 1877 672 vacare.
1974 632 2107 672 Abbas

397 692 533 727 autem
573 689 848 728 Cluniacensis
883 703 974 728 cum
1003 691 1170 729 consilio
1209 692 1270 729 sui
1304 696 1526 730 conventus
1558 691 1662 730 bona
1700 693 1777 730 fide
1811 697 1849 731 et
1884 695 2105 733 secundum

395 751 685 790 conscientiam
725 764 838 790 suam
878 751 1107 791 nominabit
1137 753 1236 791 duos
1274 754 1321 791 de
1359 754 1498 792 ordine
1537 753 1795 792 Cluniacensi
1837 768 1936 805 quos
1974 757 2103 806 magiS

395 812 558 851 idoneos
617 813 826 851 crediderit
882 814 930 852 ad
992 814 1387 853 administrationem
1445 816 1589 853 domus
1642 816 1860 863 Lewensis‚
1919 822 2003 856 tam
2062 819 2102 857 in

395 874 684 924 temporalibus
722 888 842 924 quani
882 876 923 912 in
962 875 1252 925 spiritualibus,
1297 876 1473 926 exceptis
1512 876 1680 923 duobus,
1721 878 1906 917 videlicet
1951 881 2102 930 majore

394 937 523 986 priore
553 937 808 976 Cluniacensi
838 941 876 976 et
905 938 1035 987 priore
1062 938 1265 978 Caritatis.
1324 939 1374 977 In
1413 939 1575 989 optione
1606 943 1741 978 autem
1781 941 1833 979 sit
1863 942 2100 980 nuntiorum

394 999 553 1037 comitis
590 999 637 1037 de
675 998 829 1037 duobus
864 999 1087 1038 nominatis
1119 999 1167 1038 ab
1199 1000 1340 1039 abbate
1374 1000 1430 1039 ibi
1469 1014 1673 1039 assumere
1712 1014 1831 1051 quem
1867 1003 2100 1050 maluerint,

392 1060 460 1110 qui
499 1061 555 1099 eis
594 1061 679 1099 sine
717 1061 912 1099 dilatione
951 1062 1132 1100 tradetur
1170 1062 1209 1100 in
1258 1063 1432 1112 priorem
1472 1064 1718 1109 Lewensem,
1758 1064 2012 1104 deducendus
2052 1067 2100 1104 ad

393 1123 583 1161 comitem
617 1127 656 1161 et
693 1124 741 1161 ad
773 1124 980 1162 ecclesiam
1010 1125 1244 1163 Lewensem
1283 1128 1322 1163 et
1360 1124 1409 1163 ab
1448 1125 1529 1163 illis
1564 1125 1844 1175 suscipiendus
1882 1127 2101 1167 honorifice

392 1187 431 1223 et
470 1185 556 1223 sine
593 1185 838 1224 difficultate.
915 1185 1029 1225 Prior
1076 1190 1226 1232 autem,
1268 1187 1323 1225 sic
1370 1187 1583 1225 institutus
1630 1200 1699 1237 per
1737 1201 1904 1226 inanum
1943 1189 2099 1228 abbatis

392 1249 443 1292 et,
501 1250 546 1285 ut
599 1247 752 1285 dictum
805 1252 877 1293 est,
929 1262 951 1286 a
1000 1248 1156 1286 nuntiis
1212 1249 1372 1287 comitis
1422 1253 1669 1299 assumptus,
1719 1249 1886 1288 liberam
1934 1251 2098 1290 habebit

391 1309 783 1348 administrationem
823 1310 863 1347 in
903 1309 1180 1359 spiritualibus
1219 1314 1258 1349 et
1292 1311 1582 1360 temporalibus
1621 1312 1791 1350 interius
1830 1316 1868 1351 et
1908 1314 2095 1359 exterius,

391 1374 475 1409 tam
514 1372 556 1408 in
590 1372 852 1409 instituendis
903 1385 1024 1421 quam
1075 1372 1117 1410 in
1167 1373 1401 1411 amovendis
1450 1373 1657 1422 subpriore
1709 1374 1853 1412 domus
1903 1375 2012 1413 illius
2058 1380 2097 1415 et

390 1433 601 1482 prioribus,
641 1433 857 1472 cellarariis
913 1437 952 1472 et
1000 1434 1089 1472 aliis
1145 1434 1443 1473 obedientiariis
1495 1439 1534 1473 et
1581 1435 1780 1474 ministris
1829 1437 1878 1474 ad
1928 1438 2095 1476 eandem

389 1496 556 1534 domum
591 1495 900 1545 pertinentibus,
941 1495 998 1534 ita
1034 1497 1139 1546 quod
1178 1510 1260 1534 non
1308 1497 1485 1535 amoveri
1533 1497 1660 1546 possit
1698 1497 1776 1536 nisi
1816 1499 2008 1537 meruerit
2048 1513 2095 1538 ex

389 1558 604 1596 manifesta
655 1561 694 1596 et
745 1557 975 1596 rationabili
1023 1571 1142 1602 cansa
1200 1559 1422 1597 secundum
1481 1560 1661 1608 regulam
1719 1559 1824 1598 beati
1871 1561 2093 1600 Benedicti.

388 1620 573 1658 Preterea
619 1619 741 1658 abbas
790 1620 1067 1658 Cluniacensis
1124 1633 1204 1658 non
1262 1621 1392 1669 exiget
1448 1621 1495 1659 de
1536 1621 1716 1670 predicta
1763 1622 1883 1660 domo
1933 1623 2011 1661 nisi
2059 1637 2092 1662 c.

387 1682 534 1721 solidos
586 1681 751 1720 nomine
807 1695 949 1720 census
1006 1682 1145 1728 annui,
1197 1696 1268 1721 nec
1318 1683 1496 1733 aliquam
1546 1683 1600 1721 ibi
1654 1683 1772 1722 faciet
1817 1684 2093 1732 exactione1n3

388 1745 498 1783 salva
553 1748 689 1783 autem
746 1744 820 1782 erit
877 1744 953 1793 ipsi
1011 1744 1145 1783 abbati
1212 1745 1467 1784 Cluniacensi
1520 1745 1637 1794 plene
1693 1745 1870 1795 dignitas
1927 1760 1999 1784 sua
2055 1750 2093 1786 et

387 1807 605 1846 auctoritas
663 1807 703 1844 in
768 1806 1006 1855 disciplinis,
1075 1806 1393 1856 correptionibus
1458 1810 1497 1845 et
1562 1807 1652 1845 aliis
1709 1808 1987 1857 spiritualibus
2044 1810 2092 1847 ad

387 1870 567 1909 ordinem
621 1870 927 1908 Cluniacensem
984 1869 1294 1919 pertinentibus.
1371 1870 1456 1908 Hec
1506 1873 1675 1920 utraque
1726 1884 1817 1920 pars
1866 1871 1972 1909 bona
2016 1872 2093 1911 fide

386 1936 425 1971 et
473 1933 558 1970 sine
601 1932 708 1970 malo
754 1931 917 1981 ingenio
965 1931 1135 1970 firmiter
1181 1931 1408 1970 observabit
1456 1932 1756 1982 inperpetuum.
1818 1933 1943 1972 ‘Acta
1995 1938 2091 1973 sunt

385 1996 458 2033 hec
495 1995 601 2043 apud
641 1994 785 2032 Lamh'
825 2007 932 2032 anno
972 1994 1263 2032 incarnationis
1310 1994 1476 2032 Domini
1524 1995 1640 2044 mccj.
1682 1995 1755 2045 iiij.
1796 1995 1928 2033 idibus
1977 1996 2090 2034 Junii

385 2070 519 2096 coram
540 2056 729 2106 predictis
750 2055 1039 2095 mediatoribus
1063 2059 1102 2094 et
1132 2069 1201 2105 per
1230 2056 1332 2102 illos,
1362 2056 1616 2106 presentibus
1645 2060 1684 2095 et
1714 2057 1884 2096 testibus
1914 2058 2090 2096 dominis

386 2120 447 2157 W.
478 2118 753 2157 Londoniensi
787 2121 824 2156 et
858 2118 906 2156 Gr.
935 2118 1113 2156 Roffensi
1148 2122 1187 2157 et
1222 2118 1276 2156 H.
1312 2118 1624 2157 Sarrisburiensi
1657 2123 1694 2157 et
1730 2120 1785 2157 M.
1818 2120 2089 2169 Wigorniensi

384 2185 422 2220 et
475 2182 513 2220 J.
560 2180 805 2219 Norwicensi
858 2180 1055 2230 episcopis
1103 2183 1141 2219 et
1192 2181 1333 2218 multis
1382 2180 1485 2218 aliis.
1570 2180 1725 2219 Nobilis
1764 2181 1888 2230 igitur
1926 2181 1986 2219 vir
2026 2182 2087 2220 W.

383 2257 514 2283 comes
554 2243 768 2281 Warennie
805 2256 875 2292 pro
913 2243 1013 2292 jure,
1047 2243 1153 2292 quod
1192 2243 1231 2280 in
1268 2243 1510 2292 preficiendo
1544 2243 1672 2292 priore
1713 2244 1891 2282 Lewensi
1931 2244 2014 2293 ipse
2049 2248 2087 2283 et

384 2307 679 2356 predecessores
719 2305 780 2343 sui
815 2304 960 2342 habere
999 2305 1268 2343 dinoscuntur
1306 2308 1344 2343 et
1384 2318 1462 2355 quo
1501 2305 1643 2343 multis
1685 2309 1789 2344 retro
1838 2305 2087 2355 temporibus

383 2368 604 2407 secundum
657 2374 837 2405 tenorem
886 2366 1062 2415 predicte
1110 2367 1417 2416 compositionis
1466 2367 1526 2405 usi
1577 2371 1684 2413 sunt,
1737 2371 1776 2406 et
1834 2380 1882 2406 ne
1939 2367 2087 2418 absque

382 2443 500 2470 cause
533 2429 762 2479 cognitione
795 2429 882 2478 jure
915 2428 1092 2478 predicto
1126 2429 1317 2478 privetur,
1352 2429 1485 2467 sedem
1515 2429 1822 2479 appostollicam
1854 2430 2085 2479 appellavit.

382 2493 431 2531 In
470 2493 586 2543 cujus
624 2491 679 2529 rei
719 2490 1000 2529 testimonium
1040 2491 1089 2528 ad
1129 2491 1369 2529 instantiam
1410 2491 1554 2541 prefati
1577 2492 1658 2530 ‘W.
1698 2491 1858 2530 comitis
1896 2491 2086 2530 dominus

381 2569 448 2594 rex
522 2557 561 2593 et
634 2553 958 2603 archiepiscopus
1028 2553 1330 2592 Cantuariensis
1406 2558 1444 2592 et
1519 2554 1616 2592 dicti
1692 2554 1981 2592 Londiniensis
2047 2558 2085 2593 et

381 2616 625 2655 Exoniensis
663 2615 838 2665 episcopi
877 2615 1052 2665 presenti
1093 2615 1242 2665 scripto
1282 2615 1398 2664 signa
1435 2629 1507 2654 sua
1545 2620 1831 2666 apposuerunt.

489 2687 573 2725 Rex
620 2686 762 2725 dilecte
812 2685 1111 2734 consanguinee
1162 2699 1231 2724 sue
1276 2686 1474 2737 Alyenore
1522 2687 1709 2725 salntem.
1788 2686 1935 2725 Sciatis
1980 2686 2084 2735 quod

381 2749 498 2788 blada
548 2748 719 2786 manerii
769 2748 815 2785 de
863 2747 1083 2793 Swafham,
1135 2748 1182 2786 de
1225 2761 1302 2797 quo
1351 2762 1478 2798 nuper
1527 2748 1644 2787 nobis
1694 2747 1968 2797 significastis,
2018 2761 2086 2797 per

378 2812 546 2850 ballivos
577 2813 734 2849 nostros
769 2809 879 2847 salvo
913 2809 1047 2859 colligi
1082 2812 1122 2848 et
1156 2810 1348 2848 custodiri
1381 2810 1563 2856 fecimus,
1598 2810 1704 2848 unde
1743 2809 1855 2848 vobis
1893 2809 2083 2846 duximus

378 2872 691 2923 significandum
739 2871 843 2921 quod
890 2871 1065 2920 aliquem
1113 2871 1160 2909 de
1207 2872 1350 2910 vestris
1397 2872 1443 2910 de
1491 2885 1568 2921 quo
1616 2872 1732 2921 plene
1779 2870 1992 2909 confidatis
2031 2870 2081 2908 ad

376 2949 450 2975 nos
492 2933 667 2972 mittatis
714 2933 818 2971 circa
866 2933 1014 2970 festum
1066 2933 1204 2972 Sancti
1253 2934 1476 2980 Michaelis,
1517 2947 1624 2972 anno
1671 2933 1784 2983 regni
1827 2933 1953 2971 nostri
2001 2932 2080 2969 xix.

376 3002 415 3037 et
462 3010 536 3035 nos
583 2996 711 3034 eidem
759 2995 807 3033 de
850 2995 1032 3034 manerio
1080 2996 1258 3045 predicto
1305 3009 1396 3034 cum
1444 2996 1702 3045 pertinentiis
1741 2999 1838 3034 tunc
1887 3007 1933 3032 ex
1971 2997 2082 3043 parte

376 3064 514 3100 nostra
548 3059 710 3108 plenam
751 3057 942 3096 seisinam
981 3057 1127 3096 habere
1167 3058 1374 3096 faciemus.
1448 3059 1565 3097 Teste
1595 3071 1686 3108 rege
1720 3057 1826 3107 apud
1857 3056 2077 3102 Waltham,

375 3125 456 3161 xix.
495 3121 558 3160 die
596 3119 782 3169 Augusti.

483 3191 724 3230 Mandatum
762 3192 822 3227 est
862 3189 924 3227 W.
966 3189 1133 3229 Talebot
1172 3191 1276 3240 quod
1316 3190 1459 3229 fratres
1506 3191 1773 3240 predicatores
1819 3191 1857 3226 et
1905 3188 2081 3226 minores

373 3256 442 3306 qui
498 3252 695 3292 accessuri
752 3254 847 3289 sunt
917 3265 1043 3302 usque
1111 3253 1252 3291 Glouc’
1311 3253 1361 3291 ad
1427 3253 1675 3302 loquendum
1741 3263 1833 3289 cum
1900 3250 2078 3299 predicta

373 3318 584 3367 Alyenora,
623 3313 744 3352 libere
786 3316 823 3351 et
872 3313 957 3351 sine
1004 3314 1294 3363 impedimento
1340 3327 1433 3353 cum
1489 3314 1576 3364 ipsa
1631 3313 1875 3361 colloquium
1932 3311 2077 3351 habere

372 3377 581 3430 permittat
620 3375 841 3414 secundum
880 3375 987 3426 quod
1023 3375 1168 3414 viderit
1206 3376 1402 3425 expedire.
1480 3376 1596 3415 Teste
1634 3377 1679 3414 ut
1719 3386 1850 3422 supra.

419 3464 525 3500 18690
1957 3459 1986 3494 N
