2375 3587
224 222 306 264 426

293 346 432 391 1237.

283 413 343 452 [m.
364 411 431 449 15.]

1157 223 1341 269 GLosE
1381 220 1584 267 ROLLS.

638 423 690 458 De
733 430 840 459 carta
876 425 1039 465 confecta
1078 424 1120 459 fle
1157 423 1389 458 libertatibus
1428 420 1602 456 concessis
1637 432 1659 454 α
1701 431 1777 464 reqe
1811 419 1896 453 dum
1939 417 2046 459 infra
2084 421 2215 451 etatem

523 485 599 526 fm't
636 485 787 532 legsemla
829 487 865 521 in
906 486 1084 521 comitatu
1123 481 1620 521 00rnabia—Mandatum
1654 482 1714 517 est
1750 478 1974 517 vicecomiti
2014 474 2215 515 Cornubie

523 545 629 594 quod
673 548 825 583 cartam
873 545 975 594 regis
1022 557 1143 594 quam
1191 544 1274 581 fieri
1322 542 1415 581 fecit
1461 540 1785 590 archiepiscopis,
1831 539 2027 589 episcopis
2074 540 2136 576 etc
2176 539 2214 574 et

521 605 710 644 omnibus
747 607 837 644 aliis
875 607 922 644 de
962 619 1083 655 regno
1120 618 1191 643 suo
1230 604 1375 653 Anglie
1413 603 1461 641 de
1500 602 1756 641 libertatibus
1804 604 1842 640 et
1880 599 2120 651 quietanciis
2158 598 2214 636 eis

520 667 717 706 concessis
755 681 824 717 per
858 667 979 705 aliam
1020 670 1172 704 cartam
1212 666 1315 714 regis
1354 666 1410 703 eis
1459 665 1609 703 factam
1654 664 1751 702 dum
1794 663 1900 701 infra
1946 665 2095 700 etatem
2136 659 2213 697 fuit

520 728 561 766 in
601 729 719 778 pleno
770 729 965 767 comitatu
1018 741 1089 766 suo
1134 727 1212 776 legi
1265 727 1387 765 faciat
1437 730 1477 764 et
1529 725 1699 764 firmiter
1748 724 1888 764 teneri.
1965 724 2082 762 Teste
2125 734 2214 771 rege

521 790 625 839 apud
665 789 1083 835 Westmonasterium,
1124 789 1231 838 xxvj.
1271 788 1335 826 die
1371 787 1526 827 Marcii.

625 877 779 914 Eodem
837 876 955 913 inodo
1011 875 1196 912 scribitur
1253 874 1478 912 vicecomiti
1539 874 1648 912 Suri-⁹
1698 878 1737 912 et
1797 872 1958 912 Sussex'
2007 884 2078 921 pro
2134 882 2214 908 uno

521 938 715 976 comitatu
755 938 801 975 de
840 950 920 975 una
959 940 1080 982 carta,
1121 938 1160 974 et
1197 936 1325 974 altero
1360 936 1407 973 (16
1446 935 1538 973 alia.

630 1017 783 1054 Eodem
845 1016 964 1053 modo
1019 1014 1207 1053 scribitur
1265 1015 1490 1054 vicecomiti
1552 1014 1671 1052 Buk’.
1780 1014 1897 1052 Teste
1963 1025 2053 1063 rege
2109 1011 2214 1061 apud

522 1079 729 1123 Keneton’‚
770 1078 866 1127 xxij.
907 1077 969 1114 die
1012 1077 1174 1126 Aprilis.

627 1157 778 1195 Eodem
835 1156 954 1194 modo
1003 1155 1191 1194 scribitur
1246 1155 1471 1194 vicecomiti
1532 1155 1705 1194 sserkes'.
1789 1155 1906 1193 Teste
1963 1167 2053 1203 rege
2108 1152 2214 1202 apud

522 1218 703 1267 Rading'‚
742 1218 871 1267 primo
910 1217 973 1255 die
1012 1217 1124 1254 Maii.

628 1297 781 1335 Eodem
829 1296 946 1334 modo
994 1296 1234 1334 mandatum
1282 1299 1342 1335 est
1388 1296 1616 1335 vicecomiti
1675 1295 1865 1334 Devonie.
1961 1295 2077 1333 Teste
2127 1307 2217 1343 rege

521 1360 625 1408 apud
665 1359 854 1403 Windes',
895 1359 947 1407 vj.
988 1358 1050 1395 die
1089 1357 1201 1395 Maii.

629 1438 780 1475 Eodem
820 1438 938 1474 modo
977 1438 1218 1474 mandatum
1253 1442 1312 1475 est
1350 1437 1573 1476 vicecomiti
1615 1437 1772 1475 Norht’.
1846 1438 1961 1474 Teste
1992 1450 2081 1484 rege
2112 1436 2216 1484 apud

524 1500 942 1538 Westmonasterium.
984 1501 1063 1548 xxj.
1104 1499 1166 1537 die
1209 1499 1319 1537 Maii.

627 1578 780 1616 Eodem
821 1578 939 1616 modo
978 1578 1218 1616 mandatum
1267 1581 1327 1616 est
1375 1578 1599 1617 vicecomiti
1641 1579 1781 1616 Essex'
1822 1582 1862 1616 et
1901 1577 2105 1615 Hertford'
2147 1589 2218 1625 pro

523 1653 602 1678 uno
640 1639 835 1678 comitatu
873 1640 920 1677 (16
959 1653 1039 1677 11116
1076 1642 1199 1686 carta,
1238 1642 1278 1678 et
1315 1640 1441 1678 altero
1479 1640 1674 1679 comitatu
1722 1640 1768 1678 de
1807 1640 1897 1677 alia.

629 1718 781 1756 Eodem
840 1718 958 1755 inodo
1015 1719 1254 1756 mandatum
1311 1722 1371 1757 est
1427 1718 1650 1757 vicecomiti
1710 1718 1871 1768 Salopie
1926 1721 1965 1756 et
2015 1717 2217 1756 Stafford’.

524 1781 639 1819 Teste
677 1794 767 1829 rege
805 1781 910 1829 apud
952 1780 1369 1827 Westmonasterium,
1410 1781 1494 1830 xiij.
1535 1781 1599 1819 die
1643 1780 1752 1818 Maii.

630 1860 784 1899 Eodem
824 1860 938 1897 niodo
977 1860 1217 1898 mandatum
1264 1864 1324 1898 est
1370 1860 1595 1898 vicecomiti
1644 1858 1862 1897 Huntind'.
1934 1858 2079 1908 [Teste]
2130 1871 2220 1907 rege

524 1922 625 1971 apud
667 1921 1071 1960 Westmonasterium
1111 1936 1175 1959 xx.
1216 1921 1278 1959 die
1318 1921 1429 1960 Maii.

631 2001 784 2038 Eodem
823 2001 941 2038 modo
980 2001 1219 2039 mandatum
1257 2004 1317 2039 est
1347 2000 1573 2039 vicecomiti
1613 2000 1770 2038 Glouc'.
1848 1999 1964 2038 Teste
1994 2012 2085 2049 rege
2114 1999 2221 2048 apud

526 2062 944 2109 Westmonasterium,
986 2063 1066 2113 xxj.
1107 2063 1170 2101 die
1208 2063 1319 2101 Maii.

632 2142 785 2180 Eodem
824 2142 943 2180 modo
981 2142 1219 2180 mandatum
1254 2145 1314 2181 est
1344 2141 1568 2181 vicecomiti
1608 2141 1717 2179 Bed’.
1795 2140 1912 2179 Teste
1950 2143 1995 2179 ut
2033 2153 2166 2190 supra.

631 2222 785 2261 Eodem
824 2222 943 2260 niodo
982 2223 1221 2261 mandatum
1261 2226 1320 2261 est
1349 2222 1576 2261 vicecomiti
1609 2222 1786 2262 Sumers’
1826 2224 1864 2259 et
1905 2221 2033 2259 Dors’.
2104 2221 2220 2259 Teste

524 2297 613 2333 rege
651 2284 755 2334 apud
796 2284 1216 2331 Westinonasterium,
1258 2285 1355 2335 xxij.
1395 2285 1459 2323 die
1498 2283 1610 2322 Maii.

633 2434 708 2470 Pro
758 2435 923 2471 Hem-im
973 2436 1014 2470 de
1061 2433 1594 2483 Rodrigsan’.—-Mandatum
1642 2436 1702 2471 est
1749 2432 1974 2471 vicecomiti
2023 2431 2221 2470 Cornubie

525 2495 629 2544 quod
678 2508 743 2533 rex
793 2496 990 2533 concessit
1040 2499 1079 2534 et
1129 2499 1243 2536 carta
1294 2509 1366 2534 sua
1413 2495 1667 2534 confirmavit
1714 2508 1784 2545 pro
1833 2508 1873 2533 se
1920 2497 1958 2532 et
2010 2493 2222 2532 heredibus

526 2557 607 2594 suis
639 2556 812 2595 Henrico
841 2557 888 2595 de
916 2557 1130 2607 Bodrigan'
1159 2561 1197 2596 et
1225 2556 1438 2596 heredibus
1468 2557 1550 2595 suis
1577 2557 1681 2606 quod
1712 2555 1887 2594 habeant
1916 2556 1957 2593 in
1985 2559 2221 2606 perpetuum

526 2631 647 2656 unum
704 2622 926 2656 mercatum
980 2620 1085 2668 apud
1138 2620 1198 2657 Lo
1250 2620 1290 2657 111
1341 2619 1522 2657 1116116110
1578 2632 1650 2657 suo
1707 2619 1753 2657 de
1812 2618 2002 2656 Pendrun
2052 2618 2223 2667 singulis

526 2680 762 2728 septimanis
810 2694 877 2729 per
924 2681 1029 2719 diem
1070 2682 1250 2725 Veneris,
1291 2685 1329 2719 et
1367 2682 1471 2731 quod
1515 2680 1689 2718 habeant
1727 2680 1873 2719 ibidem
1918 2693 2041 2717 unani
2081 2680 2221 2717 feriam

526 2742 758 2779 duraturam
798 2756 865 2791 per
904 2748 981 2780 tres
1020 2744 1116 2788 dies,
1156 2744 1307 2782 scilicet
1354 2744 1395 2781 in
1443 2743 1581 2792 vigilia
1628 2747 1667 2781 et
1710 2743 1751 2780 in
1791 2743 1853 2780 die
1891 2746 1930 2780 et
1968 2742 2009 2782 in
2048 2742 2224 2780 crastino

530 2804 667 2843 Sancti
705 2804 939 2848 Michaelis;
988 2810 1025 2843 et
1063 2806 1168 2855 quod
1208 2807 1429 2854 predictum
1479 2810 1701 2844 mercatum
1745 2809 1783 2844 et
1822 2805 2042 2854 predictam
2081 2804 2223 2842 feriam

527 2865 691 2903 clamari
739 2869 777 2903 et
824 2866 994 2904 firmiter
1042 2868 1168 2905 teneri
1217 2868 1350 2913 faciat,
1391 2867 1495 2905 sicut
1541 2867 1765 2916 predictum
1813 2870 1884 2905 est.
1970 2867 2087 2904 Teste
2134 2879 2223 2915 rege

529 2927 634 2976 apud
672 2929 1088 2975 westmonasterium,
1130 2943 1192 2968 xv.
1232 2930 1294 2968 die
1334 2929 1489 2968 Marcii.

642 3077 715 3113 Pro
771 3079 1032 3114 mercatoribus
1093 3079 1601 3116 Gutltand'.-—Mandatun1
1658 3081 1717 3116 est
1773 3077 1931 3116 ballivis
1989 3077 2223 3116 Staunford'

529 3139 634 3189 quod
690 3152 757 3177 rex
813 3140 1007 3177 concessit
1061 3153 1129 3189 per
1184 3145 1336 3179 cartam
1402 3154 1516 3179 suam
1582 3140 1769 3179 omnibus
1834 3139 2122 3178 mercatoribus
2177 3140 2224 3177 de

530 3201 724 3239 Guthand
762 3199 1014 3238 venientibus
1053 3202 1093 3238 in
1133 3205 1279 3240 terrani
1318 3204 1420 3252 regis
1459 3202 1603 3251 Anglie
1641 3203 1688 3239 ad
1729 3202 2023 3250 negociandum
2060 3201 2222 3247 ibidem,

528 3263 633 3312 quod
681 3261 805 3312 quieti
852 3262 934 3300 sint
981 3263 1027 3301 de
1074 3264 1185 3301 omni
1232 3265 1420 3304 theloneo
1467 3267 1506 3303 et
1552 3264 1840 3303 consuetudine
1888 3264 1937 3301 ad
1986 3266 2224 3302 mercatores

529 3324 767 3374 pertinente,
804 3327 886 3362 tam
921 3324 968 3362 de
1002 3324 1118 3363 rebus
1150 3329 1189 3363 et
1223 3327 1483 3365 mercandisis
1519 3326 1600 3364 suis
1634 3338 1731 3375 quas
1769 3326 1923 3364 ducunt
1960 3326 2007 3363 de
2045 3324 2225 3375 partibus

529 3387 610 3425 suis
657 3386 697 3423 in
747 3385 936 3435 Angliam
982 3398 1103 3436 quam
1150 3387 1197 3425 de
1245 3387 1361 3427 rebus
1408 3392 1447 3427 61
1494 3387 1756 3427 mercandisis
1807 3400 1904 3437 quas
1955 3387 2125 3429 emerint
2177 3387 2218 3425 in
