2375 3587
228 224 309 264 534

288 357 434 405 1237.

276 423 336 464 [m.
349 422 441 462 13cz.]

1167 225 1352 268 CLOSE
1398 223 1601 266 ROLLS.

633 425 873 465 Mandatum
912 430 971 465 est
1010 426 1189 464 Johanni
1229 426 1276 463 de
1316 425 1460 463 Nevill'
1501 424 1607 473 quod
1651 425 1801 462 cartam
1848 421 1951 472 regis
2000 433 2123 470 quam
2167 432 2233 457 rex

526 487 611 525 fieri
652 488 746 527 fecit
785 488 1108 538 archiepiscopis,
1148 487 1358 537 episcopis,
1399 485 1613 524 abbatibus
1652 488 1691 523 et
1738 483 1951 534 prioribus,
2000 481 2231 528 comitibus,

526 548 755 597 baronibus,
805 550 1017 596 militibus,
1068 554 1107 588 et
1164 549 1355 588 omnibus
1412 548 1502 586 aliis
1559 548 1606 585 de
1664 559 1787 596 regno
1836 545 1937 595 regis
1985 544 2129 593 Anglie
2184 543 2232 581 de

522 611 776 651 libertatibus
814 616 853 651 et
887 612 1125 662 quietaneiis
1174 611 1229 649 eis
1263 610 1461 649 concessis
1495 623 1565 659 per
1599 609 1722 647 alian]
1756 611 1909 646 cartam
1946 606 2050 656 regis
2080 606 2231 644 factam

524 673 620 712 dum
660 688 727 712 rex
766 675 843 713 fuit
882 675 988 712 infra
1025 676 1186 719 etatem,
1228 673 1306 723 legi
1345 676 1384 711 et
1432 672 1473 709 in
1522 674 1607 710 tota
1655 671 1777 709 balli-a
1826 683 1898 708 sua
1945 669 1986 706 in
2035 668 2230 707 comitatu

526 736 670 775 Norht’
720 737 890 775 firmiter
939 736 1063 775 teneri
1112 735 1246 774 faciat.
1333 735 1451 773 Teste
1499 746 1589 783 rege
1646 733 1751 782 apud
1808 729 2229 775 westmonasterium,

527 799 664 849 xxviij.
704 799 766 837 (118
805 799 917 836 Maii.

635 878 789 916 Eodem
857 878 976 915 modo
1041 877 1280 914 mandatum
1346 879 1405 914 est
1462 874 1760 914 constabulario
1820 873 1956 912 Sancti
2028 869 2232 909 Briavelli.

527 939 644 977 Teste
682 953 772 989 rege
813 942 856 976 ut
896 952 1028 988 supra.

637 1055 1072 1093 Demaia.-—Warinus
1120 1054 1167 1092 de
1216 1053 1353 1092 Kenel'
1400 1053 1623 1091 attornavit
1670 1052 1897 1090 Jordanum
1954 1052 1999 1088 de
2061 1047 2234 1087 Radeslo

525 1120 664 1155 contra
704 1116 956 1154 Willelmum
997 1116 1173 1165 Pippard
1211 1116 1258 1153 (18
1298 1118 1403 1153 terra
1441 1115 1482 1152 in
1522 1114 1786 1153 Laverk'ber’.
1847 1113 1964 1151 Teste
2000 1124 2089 1161 rege
2126 1109 2232 1160 apud

527 1179 949 1223 westmonasterium‚
995 1179 1103 1215 xxix.
1145 1178 1208 1216 die
1244 1177 1354 1216 Maii.

636 1297 691 1332 De
732 1297 965 1332 venatoribus
1007 1297 1113 1342 restis,
1153 1297 1251 1343 quod
1291 1308 1362 1331 non
1401 1293 1874 1331 currante-Mandatum
1908 1294 1968 1330 est
2002 1291 2159 1339 Rogero
2186 1289 2234 1328 de

529 1358 749 1407 Stopeham
789 1357 894 1406 quod
935 1361 1024 1406 post
1064 1357 1362 1405 susceptionem
1402 1356 1629 1394 litterarum
1679 1355 1781 1405 regis
1829 1368 1910 1392 non
1958 1356 2094 1392 currat
2140 1364 2233 1391 cum

525 1420 693 1459 canibus
733 1421 835 1467 regis
875 1420 923 1457 ad
962 1419 1221 1457 venationem
1252 1419 1488 1468 capiendam
1528 1419 1569 1456 in
1601 1419 1749 1456 foresta
1778 1418 1882 1466 regis
1911 1417 1958 1455 de
1988 1415 2233 1460 Blakemor’‚

527 1487 587 1521 set
625 1482 789 1520 accedat
837 1482 886 1519 ad
936 1495 1068 1527 regem
1118 1495 1209 1519 eum
1258 1480 1424 1519 canibus
1474 1481 1590 1530 regis,
1634 1486 1674 1518 et
1713 1480 1971 1518 venationem
2010 1490 2132 1528 quain
2180 1476 2235 1514 ibi

526 1545 674 1594 ceperit
731 1544 872 1582 liberet
931 1544 1101 1581 Ricardo
1159 1544 1205 1580 de
1263 1544 1503 1583 XVrotham:
1563 1547 1601 1580 et
1659 1543 1734 1591 ipsi
1783 1542 1956 1581 Rieardo
2002 1540 2107 1590 quod
2153 1551 2235 1577 non

526 1607 736 1656 permittat
776 1607 907 1655 ipsum
948 1606 1038 1655 plus
1077 1619 1246 1644 currere.
1306 1606 1423 1644 Teste
1465 1609 1507 1643 ut
1547 1618 1683 1654 supra.

636 1686 791 1724 Eodem
832 1686 952 1723 modo
991 1686 1236 1723 mandatur:

622 1741 629 1748 ’
742 1748 921 1786 ‚lohanni
961 1753 999 1785 et
1038 1748 1240 1796 Philippo,
1284 1747 1541 1785 venatoribus
1580 1747 1684 1795 regis
1723 1746 1857 1784 missis
1905 1745 1953 1783 ad
2002 1743 2234 1783 venandum

798 1811 837 1848 in
878 1811 1025 1848 foresta
1064 1810 1167 1859 regis
1206 1810 1253 1847 (18
1293 1810 1458 1850 Chetel:
1530 1812 1569 1847 et
1608 1809 1780 1848 Ricardo
1818 1809 1865 1846 de
1904 1807 1943 1845 la
1981 1807 2092 1845 Lade
2131 1804 2235 1856 quod

800 1886 881 1911 non
922 1872 1132 1921 permittat
1172 1875 1246 1910 etc.
1308 1872 1425 1910 Teste
1464 1876 1509 1909 ut
1549 1884 1682 1920 supra.

744 1951 949 1990 Willelmo
989 1953 1081 2000 May
1120 1951 1198 1988 and
1239 1950 1443 1989 Willelmo
1477 1951 1617 1996 LuveL
1660 1950 1794 1988 missis
1833 1949 1882 1987 ad
1920 1947 2153 1987 venandum
2191 1946 2233 1983 in

800 2015 947 2052 foresta
995 2014 1098 2063 regis
1146 2014 1192 2051 (18
1240 2013 1365 2059 Dene,
1415 2017 1453 2052 et
1500 2012 1798 2052 constabulario
1847 2012 1983 2050 Sancti
2042 2009 2233 2049 Briavelli

800 2077 905 2126 quod
944 2089 1023 2114 non
1065 2075 1275 2124 permittat
1313 2079 1388 2114 etc.
1473 2076 1590 2113 Teste
1629 2079 1674 2113 ut
1713 2087 1845 2124 supra.

747 2156 954 2195 Willelmo
1004 2155 1088 2193 filio
1137 2154 1369 2201 walkelini,
1418 2155 1543 2194 misso
1599 2155 1648 2192 ad
1703 2154 1934 2192 venandum
1992 2153 2033 2190 in
2085 2152 2235 2190 foresta

802 2219 906 2268 regis
944 2218 991 2256 de
1030 2218 1211 2263 Kannoc,
1251 2222 1290 2255 et
1330 2218 1496 2268 Hugoni
1535 2218 1582 2256 (18
1621 2217 1719 2267 Log’
1761 2217 1867 2268 quod
1905 2229 1985 2254 non
2025 2214 2235 2265 permittat

801 2285 876 2320 etc.
950 2281 1068 2319 Teste
1107 2284 1152 2319 ut
1182 2294 1316 2330 supra.

639 2397 1054 2435 Nm·]1t'.—Radulfus
1103 2397 1246 2434 Basset
1293 2400 1332 2435 et
1381 2396 1596 2442 Beatricia,
1646 2408 1746 2434 uxor
1784 2395 1883 2446 ejus,
1922 2395 2235 2433 attornaverunt

532 2460 783 2499 Willelmum
823 2460 869 2497 de
910 2460 1113 2497 Weledon’
1154 2460 1194 2497 in
1234 2459 1393 2509 loquela
1430 2472 1506 2508 que
1544 2461 1604 2497 est
1643 2459 1684 2496 in
1723 2458 1920 2496 comitatu
1960 2458 2102 2496 Norht'
2129 2457 2235 2495 inter

530 2523 638 2571 ipsos
703 2526 742 2560 et
808 2522 1009 2571 Rogerum
1068 2522 1173 2560 Race
1230 2522 1277 2559 de
1334 2534 1415 2560 uno
1462 2521 1690 2570 messuagio
1737 2533 1829 2559 cum
1877 2519 2134 2574 pertinentiis
2191 2518 2233 2556 in

533 2584 745 2634 Sclipton'.
803 2584 915 2622 Idem
965 2583 1164 2622 Radulfus
1212 2584 1434 2622 attornavit
1480 2583 1652 2621 eundem
1701 2582 1955 2620 XVillelmum
1994 2582 2036 2619 in
2076 2581 2235 2631 loquela

529 2660 605 2696 que
652 2650 712 2684 est
760 2646 799 2683 in
849 2646 987 2684 eodem
1036 2646 1231 2684 comitatu
1282 2646 1387 2684 inter
1433 2645 1566 2695 ipsum
1613 2648 1652 2683 et
1698 2645 1871 2694 priorem
1919 2644 1966 2682 (18
2004 2644 2043 2682 la
2081 2643 2232 2688 Lande,

531 2709 761 2747 Johannem
801 2709 848 2746 (le
897 2708 1103 2754 Chaucel’,
1153 2712 1191 2746 et
1241 2708 1464 2746 Radulfum
1512 2708 1750 2758 Taylehaste
1788 2707 1835 2745 (18
1875 2705 2235 2745 consuetudinibus

530 2775 568 2809 et
616 2770 792 2808 serviciis
839 2783 914 2820 que
962 2770 1068 2808 idem
1118 2770 1318 2808 Radulfus
1365 2770 1489 2820 exigit
1536 2769 1586 2808 ab
1633 2770 1689 2807 eis
1736 2770 1784 2808 de
1831 2768 1955 2807 libero
2003 2771 2235 2808 tenemento

531 2845 602 2871 suo
639 2833 744 2882 quod
783 2832 829 2870 de
868 2846 913 2870 eo
952 2836 1093 2870 tenent
1131 2832 1173 2870 in
1214 2833 1421 2871 Weleclon’
1461 2835 1499 2870 et
1537 2832 1758 2883 Pyeceleg’.
1843 2831 1960 2869 Teste
1999 2843 2088 2879 rege
2127 2830 2234 2879 apud

532 2894 955 2941 westmonasterium,
1006 2895 1114 2945 xxxj.
1157 2895 1219 2933 die
1258 2895 1370 2932 Maii.

638 2981 886 3031 Reginaldus
925 2981 973 3019 de
1010 2981 1112 3020 Albo
1152 2982 1398 3020 Monasterio
1436 2982 1658 3021 attornavit
1697 2981 1963 3020 Benedictum
2006 2981 2054 3019 (18
2088 2979 2231 3020 Cumb’

531 3046 672 3083 contra
728 3042 944 3081 Albredam
1000 3043 1047 3081 de
1104 3044 1292 3082 Boterell’
1349 3044 1391 3082 in
1447 3045 1605 3095 loquela
1661 3057 1737 3095 que
1794 3047 1854 3083 est
1908 3044 2014 3082 inter
2064 3056 2131 3081 eos
2186 3042 2234 3080 de

531 3104 891 3145 consuetudinibus
931 3108 970 3143 et
1010 3105 1199 3144 serviciis.
1285 3107 1402 3145 Teste
1442 3120 1533 3157 rege
1572 3110 1616 3145 ut
1656 3119 1789 3156 supra.

636 3221 1012 3260 Devonia.—-Abbas
1043 3222 1208 3273 Majoris
1240 3223 1477 3262 Monasterii
1507 3224 1730 3262 attornavit
1751 3222 1993 3268 Gilbertum,
2017 3234 2233 3260 monacum

530 3298 663 3331 suum,
704 3288 742 3323 et
782 3283 1002 3323 Robertum
1041 3285 1089 3322 de
1128 3285 1325 3336 Berdesye
1363 3289 1505 3324 eontra
1540 3286 1742 3335 Rogerum
1772 3286 1820 3323 de
1850 3284 1952 3322 Hele
1979 3283 2027 3322 de
2054 3283 2234 3322 manerio

530 3348 577 3386 de
615 3346 829 3386 'I'urveton'
869 3359 960 3385 cuin
1008 3347 1277 3396 pertinentiis.
1364 3349 1482 3388 Teste
1531 3362 1621 3398 rege
1668 3348 1774 3399 apud
1813 3347 2232 3393 westmonasterium,

535 3411 579 3461 ij
619 3410 682 3448 die
722 3409 850 3448 Junii.
