2375 3587
218 160 272 200 86

278 281 420 327 1235.

273 348 332 387 [m.
363 347 431 387 12.]

1149 165 1335 210 GLOSE
1379 166 1584 210 ROLLs.

622 362 700 398 Pro
739 363 864 399 abbate
897 369 929 400 et
962 364 1153 400 monachis
1190 365 1232 400 sle
1263 362 1515 412 Lyr’.-Rex
1553 361 1771 400 venerabili
1810 361 1853 399 in
1897 360 2059 399 Christo
2105 359 2210 409 patri

517 421 578 460 W.
614 423 751 460 eadem
789 423 918 472 gratia
957 424 1238 474 Wygorniensi
1276 424 1462 474 episcopo
1501 424 1686 463 salutem.
1763 423 1867 470 Quia
1903 425 2060 461 constat
2094 421 2210 460 nobis

514 496 583 532 per
619 484 910 533 inspectionem
947 488 1054 523 carte
1092 486 1145 524 H.
1185 487 1288 535 regis
1327 486 1389 524 avi
1428 486 1570 532 nostri,
1610 498 1732 535 quam
1772 484 1895 523 abbas
1934 487 1973 522 et
2020 483 2210 522 monachi

513 545 560 583 de
598 547 690 595 Lyr'
730 545 880 584 habent
917 546 964 584 de
1000 547 1087 596 jure
1125 550 1362 596 patronatus
1416 547 1580 586 ecclesie
1622 548 1669 585 de
1712 546 1959 592 Fekenham,
2000 548 2038 583 et
2086 545 2208 583 etiam

512 619 559 644 ex
597 609 732 645 tenore
769 607 994 646 litterarum
1032 612 1270 655 vestrarum,
1309 608 1454 659 quibus
1492 609 1614 647 fidem
1653 608 1757 646 sicut
1796 607 1911 646 debet
1958 606 2208 653 adhibemus,

511 668 724 706 didicimus
770 670 875 718 quod
921 670 1088 718 predicti
1134 670 1256 709 abbas
1302 673 1341 708 et
1389 670 1579 708 monachi
1626 670 1836 707 ecclesiam
1883 668 1996 706 illam
2030 682 2053 706 a
2091 669 2210 718 longo

511 733 702 779 tempore,
735 734 898 780 excepta
933 731 1093 778 vicaria,
1122 732 1164 769 in
1196 745 1292 770 usus
1322 733 1502 781 proprios
1535 734 1753 770 tenuerunt
1770 748 1779 776 3
1814 730 2051 780 paternitati
2081 733 2210 769 vestre

513 792 789 841 significamus
840 793 945 842 quod
996 794 1289 842 possessionem
1342 807 1493 840 eorum,
1541 807 1587 831 ex
1635 806 1713 842 quo
1763 805 1824 830 res
1880 792 1938 830 ita
1986 805 2026 830 se
2072 792 2207 840 habet,

512 854 704 903 impedire
751 866 831 891 non
878 866 1090 900 curamus3
1141 856 1246 894 unde
1293 855 1401 894 licite
1447 855 1615 904 potestis
1664 857 1913 904 sequestrum
1961 853 2114 892 factum
2162 855 2209 893 de

510 915 675 953 ecclesia
713 915 867 964 prefata
904 917 1110 955 occasione
1148 917 1458 966 presentationis
1497 920 1631 955 nostre
1670 916 1773 954 facte
1803 928 1932 964 nuper
1968 916 2015 953 de
2054 917 2210 955 Thoma

510 978 557 1015 de
595 977 827 1015 Northlech’
863 977 1004 1016 clerico
1037 979 1086 1016 ad
1124 980 1332 1018 ecclesiam
1368 979 1497 1028 ipsam
1537 978 1703 1027 prefatis
1750 977 1961 1015 monachis
2008 978 2208 1024 relaxare3

511 1038 615 1087 quod
654 1038 686 1075 si
724 1039 855 1086 placet
893 1039 979 1076 sine
1017 1040 1321 1089 impedimento,
1362 1053 1443 1078 non
1482 1039 1666 1077 obstante
1714 1039 2010 1088 presentatione
2057 1043 2207 1087 nostra,

511 1100 639 1137 facere
684 1100 828 1138 velitis.
917 1101 1173 1150 Precepimus
1220 1102 1329 1140 enim
1377 1101 1524 1139 ballivo
1571 1104 1707 1139 nostro
1754 1101 1801 1138 de
1848 1100 2094 1149 Fekenham,
2144 1103 2208 1141 cui

509 1160 630 1199 vestri
686 1161 815 1210 gratia
879 1162 1006 1210 culpis
1071 1163 1154 1200 suis
1219 1162 1471 1212 exigentibus
1552 1162 1983 1200 excommunicationis
2048 1163 2208 1202 vinculo

509 1222 715 1268 innodato,
769 1222 1032 1261 absolutionis
1095 1223 1334 1263 beneficium
1383 1237 1430 1262 ex
1482 1224 1711 1262 interventu
1761 1226 1898 1262 nostro
1952 1224 2206 1274 impendistis,

505 1284 609 1332 quod
647 1283 694 1320 de
733 1283 847 1321 terris
886 1287 924 1321 et
962 1284 1184 1323 redditibus
1224 1286 1273 1323 ad
1317 1285 1526 1324 ecclesiam
1575 1286 1704 1335 ipsam
1754 1285 2062 1334 pertinentibus,
2104 1301 2202 1337 quas

509 1344 715 1383 occasione
743 1345 921 1394 predicta
950 1346 991 1383 in
1021 1359 1191 1384 manum
1221 1350 1402 1386 nostram
1432 1347 1548 1396 cepit,
1570 1347 1720 1385 eisdem
1753 1346 1888 1385 abbati
1922 1351 1961 1386 et
1995 1350 2206 1388 monachis

508 1407 669 1456 plenam
718 1406 907 1444 seisinam
955 1407 1100 1446 habere
1145 1409 1266 1447 faciat
1313 1409 1362 1447 ad
1409 1409 1705 1458 disponendum
1754 1409 1845 1447 inde
1887 1422 1959 1458 pro
1997 1411 2206 1450 voluntate

508 1481 579 1506 sua
626 1481 734 1507 nunc
782 1469 884 1507 sicut
932 1469 1055 1519 prius.
1151 1471 1268 1509 Teste
1306 1484 1395 1521 rege
1435 1471 1539 1520 apud
1580 1471 2000 1518 Westmonasterium,
2043 1473 2100 1524 iij.
2143 1473 2206 1511 die

509 1530 620 1568 Maii.

614 1671 691 1707 Pro
730 1672 885 1709 Robora
924 1673 1428 1712 Pincerna.—Mandatum
1467 1677 1527 1712 est
1565 1673 1790 1712 vicecomiti
1829 1674 2066 1724 Norhampt’
2101 1675 2205 1725 quod

506 1731 650 1770 habere
698 1732 818 1770 faciat
871 1732 1045 1772 Roberto
1096 1734 1289 1773 Pincerne
1350 1736 1514 1785 plenam
1564 1735 1756 1773 seisinam
1809 1736 1856 1774 de
1902 1739 2007 1774 terra
2052 1750 2125 1775 sua
2163 1738 2204 1775 in

506 1793 632 1832 Castr’
690 1806 782 1832 cum
838 1794 1026 1833 omnibus
1100 1795 1293 1834 instauris
1363 1801 1401 1835 et
1469 1797 1625 1835 catallis
1696 1797 1791 1844 suis,
1865 1810 1947 1836 non
2020 1797 2206 1837 obstante

506 1856 696 1894 mandato
744 1856 899 1894 domini
948 1857 1051 1907 regis
1100 1858 1134 1895 ei
1186 1858 1292 1897 facto
1339 1859 1444 1908 quod
1493 1859 1540 1897 de
1589 1862 1693 1897 terra
1758 1859 1827 1897 illa
1872 1872 1965 1898 cum
2016 1861 2205 1909 predictis

503 1918 695 1956 instauris
750 1922 790 1956 et
845 1919 1001 1957 catallis
1050 1920 1211 1969 plenam
1276 1921 1466 1959 seisinam
1529 1921 1675 1959 habere
1726 1922 1873 1960 faceret
1931 1922 2110 1960 -Johanni
2157 1924 2205 1962 de

504 1980 706 2027 Plessetis‚
745 1993 866 2030 quam
918 1995 986 2019 rex
1035 1982 1163 2020 eidem
1208 1983 1389 2021 Johanni
1439 1983 1642 2022 commisit
1692 1983 1920 2022 habendam
1968 1998 2038 2034 per
2076 1999 2203 2024 unum

504 2055 658 2080 annum
703 2046 742 2080 et
791 2056 917 2081 unum
965 2044 1069 2090 die,²³¹³²
1126 2045 1291 2083 credens
1340 2045 1562 2084 Robertum
1626 2046 1756 2084 filium
1808 2047 1976 2097 predicti
2037 2046 2204 2086 Roberti

502 2104 696 2142 Pincerne
733 2118 803 2154 pro
842 2109 970 2144 morte
1018 2106 1193 2145 hominis
1242 2107 1470 2157 utlagatum
1522 2107 1658 2155 fuisse,
1707 2111 1746 2146 et
1796 2108 2016 2158 predictam
2056 2112 2203 2148 terram

504 2179 618 2205 suam
654 2167 846 2206 extitisse.
905 2170 1020 2207 Teste
1060 2172 1104 2208 ut
1143 2182 1277 2219 supra.

612 2310 689 2345 Pro
757 2309 798 2346 J.
865 2310 1118 2348 Batltoniensi
1184 2310 1505 2359 episcopi—Rex
1571 2311 1767 2350 concessit
1825 2312 1864 2351 J.
1935 2312 2202 2351 Bathoniensi

502 2370 685 2420 episcopo
736 2372 841 2420 quod
901 2371 949 2409 de
1004 2372 1168 2411 licentia
1229 2372 1332 2422 regis
1388 2373 1542 2422 perfodi
1606 2373 1728 2412 faciat
1785 2374 1890 2423 apud
1947 2374 2101 2412 Hidun’
2159 2375 2201 2413 in

502 2432 649 2470 foresta
693 2433 796 2481 regis
847 2433 894 2471 de
944 2433 1157 2483 Munedep'
1212 2434 1261 2472 ad
1310 2435 1559 2484 querendum
1610 2435 1806 2473 mineram
1861 2436 1954 2474 ferri
1992 2439 2031 2474 et
2082 2449 2200 2475 omne

501 2494 610 2532 aliud
657 2507 783 2544 genus
832 2495 997 2542 minere,
1047 2499 1086 2534 et
1135 2496 1239 2546 quod
1295 2495 1443 2534 ibidem
1496 2497 1543 2535 de
1586 2498 1739 2535 minera
1794 2498 1864 2536 illa
1916 2498 2064 2536 ferrum
2115 2499 2201 2537 fieri

499 2555 620 2594 faciat
671 2557 718 2594 de
766 2556 962 2595 vestitura
1013 2558 1279 2607 quadraginta
1341 2570 1525 2597 acrarum
1574 2558 1695 2605 bosci,
1750 2572 1848 2609 quas
1899 2559 2009 2609 prius
2060 2560 2095 2598 ei
2133 2573 2201 2599 rex

499 2621 746 2656 concesserat
769 2619 1047 2672 ‘essartandas
1097 2619 1139 2657 in
1190 2619 1306 2658 bosco
1355 2633 1426 2658 suo
1476 2621 1524 2658 de
1577 2620 1731 2666 Ceddr’,
1774 2622 1965 2671 quamdiu
2005 2622 2199 2660 vestitura

497 2679 567 2717 illa
604 2679 818 2718 duraverit.
882 2680 938 2719 Et
975 2681 1215 2720 mandatum
1254 2685 1314 2720 est
1353 2682 1524 2720 Ricardo
1561 2682 1608 2720 de
1646 2683 1858 2721 Wrotham
1895 2684 1999 2734 quod
2036 2683 2076 2721 id
2115 2684 2200 2722 sine

498 2741 788 2790 impedimento
840 2742 926 2780 fieri
977 2743 1186 2793 permittat
1238 2757 1261 2782 a
1308 2744 1485 2794 predicto
1536 2744 1722 2794 episcopo
1767 2746 1960 2795 quamdiu
2004 2745 2199 2784 vestitura

498 2803 765 2852 predictarum
803 2805 856 2842 xl.
903 2818 1085 2843 acrarum
1137 2806 1353 2853 duraverit,
1393 2806 1496 2845 sicut
1547 2806 1774 2859 predictum
1813 2810 1886 2846 est.
1945 2808 2061 2846 Teste
2108 2821 2198 2858 rege

497 2865 603 2914 apud
642 2866 1062 2915 Westmonasterfflm,
1104 2868 1177 2919 iiij.
1218 2868 1280 2907 die
1319 2868 1430 2907 Maii.

606 3007 684 3043 Pro
717 3009 884 3045 Gz'lherto
915 3009 1358 3047 Basset.——Mandatum
1389 3012 1449 3048 est
1487 3010 1711 3048 vicecomiti
1746 3010 1884 3049 Glouc⁷
1916 3011 2021 3061 quod
2059 3011 2196 3050 omnia

496 3068 642 3105 catalla
680 3068 850 3107 Gilberti
889 3069 1043 3116 Basset,
1081 3075 1198 3120 capta
1235 3071 1277 3108 in
1316 3084 1485 3109 manum
1525 3071 1630 3121 regis
1668 3072 1874 3110 occasione
1912 3085 2050 3122 guerre
2088 3076 2196 3111 mote

497 3129 601 3167 inter
638 3130 849 3168 dominum
888 3144 1020 3181 regem
1059 3136 1098 3170 et
1136 3133 1184 3171 R.
1234 3133 1517 3172 Marescallum
1556 3134 1759 3183 quondam
1806 3134 1997 3173 comitem
2035 3134 2195 3182 Penbr’,

495 3193 533 3228 et
585 3204 660 3240 que
708 3192 880 3230 inveniri
931 3196 1121 3242 poterunt
1170 3195 1211 3232 in
1265 3194 1387 3233 ballia
1438 3208 1511 3233 sua
1559 3198 1598 3234 et
1649 3195 1808 3245 probari
1871 3208 1943 3234 sua
2004 3209 2103 3243 esse,
2149 3197 2196 3234 de

1219 3306 1306 3339 *sio
1337 3307 1373 3338 in
1404 3307 1476 3340 Ms.

2364 3572 2368 3587 -
2364 3533 2369 3564 4,.
2365 3507 2370 3523 ..Α
