2375 3587
188 210 241 251 18

255 330 395 377 1234.

242 398 305 438 [m.
333 395 406 436 23.]

1105 199 1288 243 OLOSE
1333 197 1537 240 ROLLs.

595 400 650 439 Et
696 399 935 437 mandatum
982 399 1041 435 est
1088 394 1336 434 thesaurario
1383 394 1421 431 et
1469 391 1687 431 camerario
1736 389 1890 429 domini
1928 388 2032 438 regis
2070 386 2175 437 quod

489 462 669 500 denarios
716 460 870 499 domini
916 458 1031 508 regis,
1077 458 1179 496 sicut
1226 455 1427 505 predictus
1466 454 1673 492 Johannes
1720 452 1776 490 eis
1824 452 1922 491 scire
1971 450 2090 489 faciet
2137 450 2176 486 et

490 524 708 562 secundum
746 522 850 571 quod
888 521 979 559 inde
1021 532 1120 569 opus
1157 517 1342 556 habuerit
1390 517 1439 554 ad
1486 515 1614 553 dictas
1661 514 1909 564 provisiones
1956 511 2175 556 faciendas,

490 585 698 623 denarios*
738 584 772 622 ei
819 582 962 621 habere
992 581 1154 620 faciant.
1231 580 1405 617 Etcum
1435 577 1622 615 dominus
1665 589 1733 614 rex
1783 576 1942 614 sciverit
1972 585 2176 612 summam

490 647 757 691 denariorum,
815 645 969 683 litteras
1021 655 1112 681 suas
1164 642 1211 680 de
1261 640 1496 678 liberatione
1547 638 1722 687 predicte
1772 637 1939 687 pecunie
1988 634 2178 686 predictis

491 708 738 747 thesaurario
776 709 814 745 et
853 705 1069 744 camerario
1106 703 1294 742 dominus
1332 715 1399 740 rex
1446 700 1590 739 habere
1639 700 1772 738 faciet.
1851 699 1968 737 Teste
2007 709 2097 747 rege
2135 698 2180 734 ut

492 783 622 820 supra.
681 770 755 808 Per
794 769 842 806 Gr.
883 768 929 806 de
969 765 1221 806 Craucumb'.

599 879 676 914 Pro
716 877 870 914 Habet-te
909 877 951 911 ‹Ie
990 872 1444 911 Rriecrx.—Mandatum
1484 873 1543 908 est
1577 868 1803 907 vicecomiti
1843 868 1956 906 Norf'
1993 870 2032 906 et
2073 868 2178 908 Suff’

492 939 596 988 quod
629 938 842 986 distringat
875 949 1013 974 omnes
1040 936 1130 973 illos
1159 935 1205 972 de
1231 933 1352 971 ballia
1385 929 1479 978 sua,e
1500 932 1568 982 qui
1599 931 1799 979 arreragia
1829 929 1973 968 debent
2008 930 2182 969 Roberto

493 1001 539 1038 de
570 1000 719 1038 Briwes
753 1000 799 1037 de
833 1001 1010 1047 tempore
1043 1010 1121 1046 quo
1155 996 1232 1034 fuit
1260 996 1478 1034 vicecomes
1508 993 1619 1032 Norf’
1650 996 1689 1031 et
1726 992 1844 1038 suff,
1876 992 1981 1042 quod
2014 993 2183 1030 reddant

493 1063 620 1101 eidem
650 1061 823 1100 Roberto
852 1060 1050 1109 arreragia
1079 1059 1256 1109 predicta
1290 1058 1339 1096 ad
1373 1056 1694 1107 respondendum
1725 1055 1818 1093 inde
1846 1055 1896 1093 ad
1929 1055 2183 1095 Scaccarium

493 1125 610 1174 regis.
669 1124 785 1162 Teste
824 1126 868 1161 ut
907 1135 1040 1172 supra.

602 1232 680 1268 Pro
713 1232 920 1267 meantium
954 1231 1161 1267 testamenti
1190 1230 1368 1276 Hztssoni's
1400 1226 1841 1265 luisset—Mandatum
1872 1228 1931 1263 est
1960 1225 2186 1264 vicecomiti

495 1293 731 1342 Norhampt’
770 1292 887 1342 quod,
929 1292 960 1329 si
1006 1291 1112 1340 prior
1157 1291 1203 1328 de
1248 1289 1398 1340 Asseby
1436 1292 1474 1327 et
1519 1288 1825 1326 archidiaconus
1864 1288 2107 1337 Norhampt’
2148 1291 2187 1326 et

495 1356 563 1392 alii
601 1358 827 1392 executores
866 1353 1098 1391 testamenti
1143 1352 1329 1401 Hugonis
1368 1351 1511 1389 Russel
1551 1350 1816 1388 sufficientem
1855 1350 1890 1388 ei
1937 1351 2187 1399 prestiterint

495 1417 747 1454 securitatem
787 1415 890 1464 quod
936 1414 1233 1463 respondebunt
1278 1413 1442 1451 domino
1489 1413 1570 1461 regi
1617 1413 1665 1450 ad
1712 1413 1953 1450 mandatum
1993 1426 2112 1451 suum
2156 1413 2189 1450 si

495 1478 598 1515 idem
634 1478 754 1525 Hugo
786 1476 986 1514 debuisset
1018 1476 1051 1513 ei
1086 1476 1236 1525 aliquid
1270 1475 1319 1512 ad
1355 1475 1608 1514 Scaccarium
1641 1474 1757 1523 regis,
1790 1477 1886 1512 tunc
1921 1475 1966 1512 de
2000 1474 2189 1513 omnibus

496 1539 610 1577 rebus
644 1542 682 1577 et
716 1538 883 1582 catallis,
918 1551 992 1587 que
1020 1538 1182 1575 fuerunt
1212 1537 1379 1586 predicti
1414 1537 1601 1584 Hugonis
1633 1539 1671 1573 et
1702 1549 1776 1585 que
1810 1537 1916 1585 cepit
1948 1537 1988 1574 in
2019 1550 2188 1575 manum

495 1601 648 1639 domini
672 1602 786 1649 regis,
809 1600 957 1637 eisdem
988 1599 1264 1637 executoribus
1293 1599 1459 1637 liberam
1484 1598 1789 1647 dispositionem
1814 1598 1957 1636 habere
1981 1599 2191 1648 permittat

496 1663 545 1700 ad
583 1662 854 1700 executionem
894 1662 1123 1699 testamenti
1163 1661 1223 1699 sui
1262 1661 1498 1699 faciendam.
1558 1661 1674 1698 Teste
1714 1673 1803 1709 rege
1842 1663 1887 1698 ut
1924 1674 2057 1710 supra.

604 1770 660 1806 De
724 1776 820 1805 casto
887 1770 929 1805 1ῖη
978 1770 1121 1816 foresta
1192 1770 1234 1804 de
1305 1768 1477 1805 Pei-stols
1547 1781 1613 1815 pei·
1667 1769 1710 1805 T.
1782 1769 1825 1804 de
1894 1768 2192 1817 (jr'‹)i·5ses.—Rex

499 1830 706 1868 forestario
753 1843 823 1868 suo
869 1830 916 1868 de
964 1830 1077 1868 feodo
1124 1833 1162 1868 et
1209 1829 1408 1868 viridariis
1470 1830 1614 1867 foreste
1663 1830 1709 1867 de
1762 1829 1946 1868 Porstok’
2004 1831 2191 1869 salutem.

502 1892 602 1938 Quia
656 1892 795 1929 datum
852 1894 911 1929 est
970 1891 1084 1929 nobis
1150 1891 1323 1940 intelligi
1389 1892 1494 1941 quod
1561 1891 1768 1930 occasione
1831 1892 2030 1938 estoverii‚
2088 1893 2192 1942 quod

501 1953 768 1991 concessimus
824 1953 967 1991 dilecto
1024 1955 1062 1990 et
1110 1953 1218 1991 fideli
1268 1956 1404 1991 nostro
1453 1953 1605 1991 Thome
1658 1953 1705 1991 de
1756 1953 1909 2002 Gorges
1959 1954 2008 1991 ad
2057 1954 2192 1993 focum

501 2027 618 2052 suum
684 2014 724 2050 in
790 2015 966 2063 predicta
1031 2015 1177 2053 foresta
1243 2018 1380 2053 nostra
1454 2015 1735 2064 capienda1n‚²⁵·'³=
1791 2015 1897 2053 idem
1973 2016 2018 2054 Τ.
2097 2017 2191 2054 facit

501 2079 658 2114 vastum
697 2079 735 2114 et
769 2076 932 2114 exilium
972 2076 1145 2125 predicte
1183 2077 1329 2115 foreste
1368 2079 1528 2122 nostre;
1558 2077 1800 2126 precipimus
1821 2077 1933 2116 vobis
1970 2078 2075 2127 quod
2114 2091 2195 2116 non

502 2138 744 2187 permittatis
782 2138 961 2176 decetero
1000 2139 1103 2187 quod
1138 2139 1243 2176 idem
1283 2139 1460 2177 Thomas
1499 2139 1631 2188 capiat
1665 2139 1706 2176 in
1745 2140 1922 2189 predicta
1960 2140 2109 2178 foresta
2147 2141 2196 2179 ad

502 2201 634 2238 focum
673 2212 789 2236 suum
830 2199 907 2237 nisi
948 2203 1107 2238 tantum
1148 2201 1266 2238 modo
1306 2204 1511 2239 mortuum
1552 2200 1729 2239 boscum.
1788 2201 1903 2239 Teste
1933 2204 1977 2240 ut
2007 2215 2141 2252 supra.

609 2307 699 2343 Inar.
760 2307 813 2342 Dc*
849 2308 1006 2354 ssctllinis
1040 2310 1195 2345 eminulis
1233 2316 1359 2345 omitia
1400 2308 1854 2346 Natale.—Mandatum
1884 2312 1944 2347 est
1972 2309 2198 2348 vicecomiti

506 2368 613 2406 Surr'
665 2368 769 2417 quod
818 2369 895 2405 emi
948 2369 1068 2407 faciat
1125 2370 1173 2407 ad
1229 2383 1329 2419 opus
1387 2370 1542 2408 domini
1598 2370 1703 2419 regis
1759 2371 1869 2409 mille
1925 2372 2099 2420 gallinas
2155 2373 2197 2410 in

503 2429 696 2467 comitatu
734 2443 805 2467 suo
843 2433 881 2469 et
919 2443 985 2468 eas
1033 2431 1143 2469 mitti
1191 2435 1229 2470 et
1278 2432 1419 2470 cariari
1470 2432 1592 2471 faciat
1640 2445 1766 2482 usque
1809 2433 1938 2471 Lond’
1969 2433 2198 2473 liberandas

503 2490 674 2532 ibideini·
730 2491 908 2528 -Johanni
957 2493 1004 2530 de
1059 2493 1202 2539 Stowe,
1253 2506 1372 2542 quem
1423 2494 1612 2532 dominus
1669 2508 1736 2532 rex
1793 2495 1889 2533 illuc
1946 2496 2098 2535 dimisit
2150 2498 2198 2535 ad

504 2551 749 2600 provisiones
787 2553 890 2601 regis
926 2553 1127 2591 faciendas
1165 2558 1304 2593 contra
1334 2555 1534 2593 instantes
1564 2556 1803 2594 festivitates
1833 2557 1990 2595 Natalis
2019 2557 2200 2597 Domini.

504 2614 555 2650 Et
593 2613 788 2659 denarios,
830 2627 927 2662 quos
966 2615 1007 2652 in
1046 2616 1233 2664 predictis
1272 2617 1435 2665 gallinis
1474 2618 1655 2655 emendis
1694 2621 1732 2655 et
1771 2618 1971 2657 cariandis
2009 2621 2198 2669 posuerit,

504 2674 690 2711 dominus
728 2687 795 2712 rex
833 2675 866 2712 ei
902 2677 1012 2713 reddi
1050 2677 1167 2715 faciet
1206 2678 1311 2727 apud
1342 2679 1540 2717 London'.
1600 2680 1716 2717 Teste
1746 2692 1835 2728 rege
1865 2681 1971 2729 apud
2004 2681 2199 2721 Sanctum

505 2734 719 2781 Albanum,
760 2737 880 2787 xxvij.
922 2738 982 2775 die
1020 2739 1271 2777 Novembris.
1330 2740 1404 2778 Per
1429 2741 1475 2779 G.
1499 2741 1546 2779 de
1568 2741 1825 2780 eraucumb’.

612 2814 764 2852 Eodem
799 2815 916 2853 modo
955 2818 1192 2855 mandatum
1232 2822 1291 2856 est
1324 2818 1651 2857 vicecomitibus:

720 2876 858 2913 Essex'
900 2880 938 2914 et
974 2878 1192 2925 Hertford‘,
1233 2880 1279 2917 de
1319 2879 1473 2917 duobus
1511 2881 1622 2918 mille
1661 2881 1824 2930 gallinis
1863 2883 2042 2921 emendis
2081 2885 2155 2922 etc.

722 2937 894 2984 sussexg
931 2939 977 2976 de
1012 2940 1122 2978 mille
1161 2941 1321 2990 gallinis
1356 2942 1534 2980 emendis
1556 2946 1630 2981 etc.
1690 2943 1806 2981 Teste
1845 2947 1889 2981 ut
1926 2957 2059 2994 supra.

624 3046 698 3081 I'w
749 3046 931 3082 Gileberta
978 3049 1020 3082 ‘Ie
1070 3048 1359 3085 <iumen—Rex
1406 3049 1640 3097 justiciariis
1687 3050 1771 3087 suis
1818 3050 2105 3090 itinerantibus
2159 3053 2200 3091 in

507 3108 699 3146 comitatu
738 3106 907 3145 Eboraci
946 3108 1130 3146 salutem.
1210 3110 1353 3149 Sciatis
1391 3111 1509 3160 quod,
1546 3112 1579 3148 si
1618 3111 1786 3149 dilectus
1825 3115 1863 3150 et
1901 3113 2030 3151 fidelis
2069 3118 2205 3153 noster

510 3169 559 3207 G.
616 3169 662 3206 de
718 3168 855 3207 Gaunt
912 3170 1151 3209 amerciatus
1209 3172 1260 3209 sit
1316 3185 1450 3210 coram
1508 3172 1619 3210 vobis
1678 3174 1718 3210 in
1776 3174 1918 3212 itinere
1974 3180 2106 3214 vestro
2162 3177 2203 3215 in

509 3230 702 3269 comitatu
750 3229 918 3268 Eboraci
964 3232 1168 3270 occasione
1209 3233 1357 3271 defalte
1410 3235 1639 3272 communis
1680 3237 2013 3275 summonitionis
2060 3239 2122 3276 vel
2169 3239 2202 3277 si

557 3329 568 3343 *
597 3326 651 3356 Sic
676 3327 710 3356 iu
729 3325 797 3358 Ms.

552 3377 570 3410 †
587 3377 686 3407 After
702 3376 758 3406 the
777 3376 868 3407 word
887 3377 1057 3417 ‘ibidem‚'
1075 3379 1133 3409 the
1149 3379 1258 3410 words
1276 3383 1282 3394 ‘
1298 3380 1420 3412 dilecto
1437 3380 1559 3412 clerico
1575 3383 1692 3412 nostro
1707 3384 1712 3395 ’
1736 3382 1823 3413 have
1840 3382 1926 3414 been
1943 3384 2128 3416 cancelled.
