2375 3587
189 310 334 358 1235.

199 375 320 415 [m.7.]

1062 190 1114 230 19
1156 187 1362 229 HENRY
1402 187 1483 229 III.
2048 186 2126 228 117

530 380 611 417 Pro
649 383 816 431 episcopo
857 382 1386 421 Sarrisbnriensi.—Eode1n
1417 382 1536 419 modo
1572 380 1760 420 scribitur
1790 379 1940 418 eisdem
1970 377 2127 416 baroni-

422 434 496 477 bus
533 441 581 478 de
613 442 666 481 xl.
706 443 819 483 libris
856 444 1088 494 perdonatis
1118 445 1306 495 episcopo
1348 443 1662 484 Sarrisburiensi
1692 443 1738 480 de
1773 441 1854 479 fine
1883 453 2003 491 quem
2033 438 2128 478 fecit

423 502 631 541 occasione
669 505 860 554 predicta.

532 572 610 611 Pro
646 575 831 626 episcopo
868 576 1138 616 Bathoniensi
1172 576 1220 614 de
1259 576 1339 614 xlv.
1380 574 1494 613 libris
1533 574 1764 624 perdonatis
1803 573 1850 611 de
1889 572 1968 610 fine
2008 583 2127 621 quem

423 633 519 672 fecit
556 648 648 673 cum
686 650 776 687 rege
814 638 992 688 predicta
1029 639 1076 677 de
1115 651 1246 677 causa.
1320 637 1398 675 Pro
1437 636 1639 675 abbatissa
1681 636 1821 675 Sancti
1856 633 2041 672 Edwardi
2081 633 2128 670 de

426 708 490 733 xx.
530 697 676 736 marcis
714 700 959 749 perdonatis,
1000 713 1070 750 per
1106 713 1204 750 quas
1244 700 1368 737 finem
1408 698 1502 737 fecit
1543 699 1680 736 eadem
1721 698 1768 735 de
1807 709 1938 735 causa.

532 775 683 813 Eodem
724 778 845 816 modo
882 777 1069 816 scribitur
1099 790 1170 827 pro
1203 777 1359 816 Thoma
1393 776 1581 826 episcopo
1614 774 1862 813 Norwicensi
1901 774 1949 811 de
1988 775 2128 822 quater

425 835 571 885 viginti
608 837 721 877 libris
761 839 796 877 ei
834 840 1079 889 perdonatis,
1120 852 1189 889 per
1218 852 1317 888 quas
1346 838 1471 876 finem
1506 838 1602 876 fecit
1632 849 1724 875 cum
1756 849 1845 885 rege
1885 838 1930 873 ut
1968 834 2128 884 quietus

425 901 527 937 esset
566 900 613 937 de
651 900 853 939 militibus
891 901 1102 940 mittendis
1142 904 1216 939 etc.

532 981 589 1017 De
639 982 760 1018 damis
819 981 1231 1020 datia—Mandatum
1293 984 1354 1019 est
1404 980 1576 1019 Ricardo
1625 979 1672 1017 de
1726 977 1952 1015 Munfichet
2026 975 2129 1026 quod

425 1040 571 1080 habere
611 1042 732 1081 faciat
782 1044 835 1082 H.
876 1044 924 1082 de
962 1043 1052 1091 Ver,
1092 1043 1231 1082 comiti
1279 1043 1446 1089 Oxonie,
1488 1045 1567 1080 tres
1606 1042 1746 1079 dames
1785 1041 1827 1077 in
1866 1039 2004 1078 baillia
2042 1051 2127 1084 sua,

425 1102 472 1141 de
511 1104 615 1143 dono
646 1105 801 1144 domini
838 1106 951 1155 regis.
1032 1106 1149 1144 Teste
1183 1119 1273 1155 rege
1313 1106 1418 1155 apud
1465 1103 1885 1148 Westmonasterium‚
1927 1102 2026 1152 xiiij.
2068 1101 2131 1138 (119

426 1165 540 1204 Julii.

535 1238 775 1278 Mandatum
813 1242 873 1278 est
925 1239 1222 1279 constabulario
1275 1239 1322 1277 (19
1376 1238 1523 1277 Sancto
1576 1236 1777 1275 Briavello
1827 1235 1933 1285 quod
1985 1232 2130 1271 habere

426 1299 547 1338 faciat
604 1301 653 1340 G.
704 1302 954 1348 Marescallo,
1003 1302 1142 1341 comiti
1199 1301 1359 1347 Penbr',
1410 1301 1546 1339 decem
1609 1300 1749 1337 damos
1796 1299 1838 1335 in
1888 1297 2036 1335 foresta
2083 1295 2130 1333 (19

426 1362 553 1408 Dene,
593 1363 640 1401 de
678 1364 784 1402 dono
820 1364 936 1414 regis.
1014 1366 1130 1403 Teste
1168 1367 1213 1402 ut
1251 1376 1384 1413 supra.

537 1443 616 1479 Pro
655 1444 820 1491 episcopo
863 1442 1407 1481 Gai-leolam2·.--Manda,tum
1456 1443 1516 1479 est
1563 1438 1781 1478 baronibus
1829 1438 1876 1476 de
1925 1436 2132 1476 Scaccario

426 1504 531 1553 quod
574 1516 653 1542 non
694 1508 839 1543 vexent
877 1505 940 1543 vel
978 1505 1111 1543 vexari
1160 1504 1398 1554 permittant
1438 1503 1501 1540 W.
1553 1501 1849 1540 Carleolensem
1897 1499 2129 1548 episcopum

426 1566 488 1604 vel
527 1566 713 1605 homines
752 1580 844 1606 suos
882 1567 930 1606 de
967 1569 1237 1606 Hornecastro
1294 1568 1434 1604 contra
1480 1564 1686 1603 libertates
1726 1576 1826 1612 quas
1873 1561 2025 1599 habent
2062 1573 2131 1610 per

427 1632 581 1667 cartam
634 1632 830 1668 nostram.
923 1629 992 1676 Et,
1046 1630 1079 1667 si
1131 1629 1228 1679 quid
1281 1627 1331 1666 ab
1384 1628 1441 1666 eis
1501 1626 1679 1676 ceperint
1732 1628 1871 1664 contra
1932 1623 2130 1673 predictas

426 1690 645 1739 libertates,
686 1691 722 1730 ei
769 1692 855 1730 sine
903 1691 1100 1730 dilatione
1139 1691 1251 1729 reddi
1291 1690 1457 1728 faciant.
1536 1691 1675 1738 Ipsum
1726 1687 1849 1726 etiam
1898 1686 2130 1735 episcopum

426 1754 473 1792 de
504 1768 540 1792 x.
572 1754 732 1801 marcis,
769 1755 818 1792 ad
858 1767 958 1804 quas
999 1754 1241 1793 amerciatus
1276 1753 1354 1791 fuit
1394 1765 1529 1790 coram
1568 1749 1805 1801 justiciariis
1844 1747 2130 1786 itinerantibus

428 1817 533 1866 apud
578 1817 694 1855 Linc’
736 1820 775 1855 et
827 1829 926 1867 quas
976 1816 1025 1854 ab
1073 1829 1119 1854 eo
1166 1816 1335 1865 exigunt
1388 1827 1457 1863 per
1510 1812 1875 1852 summonitionem
1934 1809 2133 1849 Scaccarii

427 1883 567 1918 contra
605 1880 802 1929 predictas
840 1879 1048 1918 libertates
1081 1893 1186 1926 suas,
1222 1882 1267 1917 ut
1305 1877 1416 1924 dicit,
1449 1877 1634 1927 quietum
1673 1888 1758 1913 esse
1792 1874 1956 1913 faciant.
2016 1873 2132 1911 Teste

430 1945 474 1980 ut
495 1955 626 1991 supra.

537 2014 617 2050 Pro
655 2015 805 2051 domino
843 2013 1127 2059 Ca›1t1‹ariensi‚
1159 2014 1203 2049 cle
1236 2019 1389 2049 returno
1419 2008 1897 2048 brevium.—Mandatum
1937 2009 1996 2043 est
2030 2005 2129 2043 vice-

426 2076 565 2114 comiti
613 2075 764 2114 Kancie
811 2075 917 2126 quod
963 2074 1109 2113 habere
1156 2074 1278 2113 faciat
1327 2072 1547 2112 venerabili
1589 2071 1695 2121 patri
1745 2070 1793 2108 E.
1847 2068 2131 2107 Cantuariensi

427 2137 726 2187 archiepiscopo
782 2140 992 2176 returnum
1047 2137 1228 2176 brevium
1286 2136 1389 2186 regis
1440 2135 1670 2173 clausorum
1728 2131 1958 2169 libertatem
2017 2143 2131 2168 suain

427 2201 697 2251 tangentium,
739 2200 844 2239 sicut
882 2200 969 2239 fieri
1007 2200 1217 2239 consuevit
1256 2202 1435 2248 tempore
1483 2198 1531 2235 R.
1572 2196 1779 2246 quondam
1827 2192 2131 2233 Cantuariensis

428 2263 716 2314 archiepiscopi
768 2265 807 2301 et
858 2262 1030 2301 aliorum
1079 2262 1404 2311 predecessorum
1457 2271 1636 2298 suorum.
1711 2257 1829 2294 Teste
1882 2267 1973 2304 rege
2026 2254 2132 2304 apud

430 2325 851 2371 Westmonasterium,
891 2338 954 2365 xv.
1003 2325 1066 2363 die
1105 2324 1218 2362 ξ111111.

537 2404 694 2443 Eodem
744 2404 864 2443 modo
908 2402 1097 2443 scribitur
1143 2400 1448 2442 vicecomitibus
1500 2400 1627 2446 Surr’,
1685 2398 1863 2443 Sussex',
1914 2395 2039 2434 Midd’
2094 2398 2132 2434 et

431 2467 586 2506 Essex'.

539 2540 632 2577 Ber.
684 2539 762 2576 Pro
791 2539 919 2575 abbate
952 2539 995 2574 (le
1025 2535 1398 2575 mmmmm—Rex
1430 2535 1476 2572 (19
1506 2546 1538 2572 c.
1571 2531 1730 2577 marcis,
1771 2543 1840 2580 per
1874 2542 1973 2578 quas
2012 2528 2132 2566 abbas

426 2600 662 2639 Abbendon’
714 2600 839 2638 finem
901 2599 995 2639 fecit
1050 2612 1143 2638 cum
1198 2611 1288 2648 rege
1350 2600 1395 2635 ut
1453 2596 1614 2646 quietus
1676 2596 1779 2631 esset
1829 2592 1876 2629 (19
1933 2590 2133 2629 militibus

428 2663 638 2702 mittendis
687 2663 730 2701 in
781 2662 972 2701 Walliam
1025 2661 1234 2701 occasione
1286 2672 1429 2710 guerre
1490 2660 1598 2696 mote
1651 2657 1757 2694 inter
1808 2666 1942 2703 regem
1993 2657 2031 2691 et
2083 2653 2129 2690 R.

430 2725 724 2772 Marescallum,
749 2725 968 2776 ‘quondam
1007 2723 1198 2762 comitem
1233 2721 1391 2767 Penbr’,
1428 2719 1667 2771 perdonavit
1705 2717 1739 2755 ei
1778 2717 1804 2754 l.
1846 2728 2015 2760 marcas,
2056 2727 2131 2763 que

430 2788 478 2827 ab
517 2801 562 2826 eo
600 2788 819 2837 exiguntur
855 2800 926 2836 per
975 2785 1335 2825 summonitionem
1391 2781 1602 2823 Scaccarii.
1679 2780 1734 2818 Et
1785 2778 2024 2816 mandatum
2074 2781 2133 2814 est

430 2849 646 2889 baronibus
683 2849 731 2887 de
771 2849 978 2888 Scaccario
1016 2848 1122 2898 quod
1170 2847 1304 2897 ipsum
1352 2845 1539 2883 abbatem
1593 2843 1640 2880 de
1692 2840 1882 2891 predictis
1922 2839 1947 2876 l.
1988 2838 2133 2875 marcis

430 2914 611 2963 quietum
658 2924 743 2950 esse
789 2911 952 2949 faciant.
1030 2910 1148 2948 Teste
1193 2921 1284 2958 rege
1330 2907 1437 2957 apud
1482 2902 1907 2946 Westmonasterium,
1958 2913 2020 2938 xv.
2069 2900 2133 2937 die

429 2975 544 3015 Julii.

536 3047 615 3083 Pro
680 3047 845 3093 episcopo
914 3042 1199 3081 Bathoniensi*
1251 3049 1285 3079 et
1341 3042 1469 3077 abbate
1525 3032 2130 3075 Wescmonasteriensi.-Eodem

429 3108 549 3145 modo
578 3106 764 3145 scribitur
792 3105 942 3144 eisdem
977 3104 1193 3143 baronibus
1227 3104 1274 3141 de
1307 3105 1449 3152 quater
1482 3114 1547 3139 xx.
1582 3099 1662 3148 xvj.
1704 3097 1830 3142 libris,
1871 3095 1957 3144 xiij.
1996 3092 2131 3131 solidis

429 3174 468 3208 et
505 3169 577 3220 iiij.
617 3168 792 3207 denariis
825 3167 1055 3217 perdonatis
1094 3167 1148 3205 H.
1183 3165 1388 3215 quondam
1428 3161 1706 3201 Lincolniensi
1738 3159 1923 3207 episcopo
1962 3156 2008 3193 de
2053 3155 2132 3192 fine

430 3245 549 3283 quem
588 3231 681 3269 fecit
719 3230 857 3269 eadem
898 3229 946 3267 de
992 3242 1124 3268 causa.
1198 3228 1255 3266 Et
1304 3239 1375 3276 pro
1426 3224 1570 3264 abbate
1617 3217 2044 3261 Westmonasteriensi
2083 3216 2131 3253 de

430 3293 639 3344 sexaginta
675 3292 822 3331 marcis
862 3291 898 3330 ei
934 3290 1168 3341 perdonatis
1202 3289 1250 3327 de
1289 3288 1370 3326 fine
1410 3299 1530 3336 quem
1570 3284 1665 3323 fecit
1703 3286 1778 3320 etc.

1162 3388 1176 3403 *
1194 3385 1247 3419 Sic
1271 3386 1307 3417 in
1329 3385 1401 3416 MS.
