2375 3587
292 309 429 355 1:235.

279 375 338 413 [m.
362 373 426 414 14.]

1156 180 1340 221 GLOSE
1386 177 1590 221 ROLLs.

629 377 722 413 liar.
780 378 835 413 De
861 378 1047 425 jocalibus
1078 385 1109 414 et
1142 377 1291 425 penulis
1326 377 1524 414 retinendis
1562 377 1610 412 ad
1641 389 1729 424 opus
1765 376 1856 422 reyn's
1890 375 1992 422 apud
2023 373 2216 410 Lana:—

523 436 758 475 Mandatun]
813 441 873 476 est
919 439 1063 488 majori
1109 442 1148 477 et
1186 437 1486 477 vicecomitibus
1536 437 1719 475 London'
1760 436 1878 486 quod,
1930 434 2025 473 visis
2072 432 2217 472 litteris

521 498 623 545 istis,
664 499 767 538 sicut
805 500 997 538 honorem
1046 501 1148 551 regis
1195 500 1384 549 diligunt,
1426 499 1579 538 faciant
1629 499 1791 537 retineri
1830 498 1879 535 ad
1917 510 2016 546 opus
2063 494 2217 534 domini

521 561 624 609 regis
685 562 790 610 apud
851 562 1034 600 London’
1083 562 1241 601 circiter
1295 562 1491 600 ducentas
1549 564 1746 600 marcatas
1801 559 2006 610 jocalium,
2051 557 2214 602 scilicet,

522 635 762 672 magnorum
801 623 1117 669 firmaculorum,
1158 624 1372 662 anulorum
1418 626 1456 661 et
1486 623 1716 672 pulcraruni
1756 634 1962 665 zonarum,
2001 623 2039 658 et
2077 631 2216 657 omnes

521 684 688 733 penulas
754 688 792 723 et
850 686 1008 723 fururas
1069 686 1331 730 1-666ἴ6ηἰ65ρῑθ
1390 688 1472 722 tani
1521 685 1567 722 de
1615 684 1732 722 bissis
1778 695 1899 732 quam
1957 682 2003 719 de
2059 680 2217 718 minuto

521 745 644 790 vario,
681 745 737 783 ita
775 747 879 795 quod
918 747 1045 784 nichil
1084 747 1176 784 inde
1216 747 1414 784 vendatur
1452 746 1513 783 vel
1552 745 1724 783 carietur
1761 757 1885 793 usque
1924 743 1973 780 ad
2013 742 2217 779 nundinas

525 807 661 845 Sancti
709 807 858 853 lvonis,
908 812 965 845 set
1013 821 1057 846 ea
1105 808 1241 846 omnia
1291 808 1399 845 salvo
1447 807 1726 845 custodiantur
1772 805 1822 843 ad
1868 817 1967 853 opus
2015 803 2118 853 regis
2179 805 2218 840 et

521 868 797 917 appretientur
826 882 893 918 per
913 869 1041 907 visum
1073 873 1111 907 et
1144 869 1421 907 testiinonium
1452 867 1667 917 proborum
1698 871 1735 905 et
1762 866 1954 915 legalium
1988 865 2215 909 hominum,

521 929 623 968 sicut
671 930 898 968 Willelmus
944 932 991 969 (16
1039 931 1275 969 Haverhull'
1325 934 1363 968 et
1413 930 1640 968 Willelmus
1688 928 1840 966 Hardel
1887 927 1943 966 eis
1991 928 2125 966 dicent
2172 940 2219 965 ex

521 994 632 1040 parte
666 992 782 1041 regis.
860 992 974 1030 Teste
1014 1006 1103 1042 rege
1143 993 1249 1042 apud
1287 992 1472 1041 Rading,'
1513 991 1564 1029 ix.
1606 990 1669 1028 die
1708 990 1870 1039 Aprilis.

631 1113 722 1149 [few.
802 1114 873 1149 [Jm
935 1115 1148 1160 lu'nsselardc
1205 1115 1245 1148 (lv
1305 1111 1792 1161 z'gfff‘wey.“Mandatum
1844 1113 1903 1148 est
1949 1109 2125 1148 -Johanni
2172 1109 2219 1147 (16

522 1173 724 1212 Colemere
776 1174 893 1223 quod,
951 1175 998 1212 de
1047 1175 1186 1223 primis
1234 1174 1339 1211 vinis
1387 1186 1462 1223 que
1511 1173 1695 1211 venerint
1743 1185 1867 1222 usque
1916 1172 2099 1210 London'
2158 1171 2220 1209 vel

523 1236 789 1284 Suhampton'
821 1236 990 1280 venalia,
1027 1236 1231 1284 permittat
1270 1236 1454 1273 homines
1495 1234 1715 1284 Engelardi
1755 1234 1802 1271 de
1837 1233 2054 1284 Cygoygny
2092 1246 2222 1272 emere

522 1298 571 1334 ad
609 1310 707 1346 opus
746 1298 832 1347 ejus
862 1298 940 1335 duo
980 1298 1086 1336 dolia
1121 1297 1206 1335 vini
1246 1298 1294 1335 ad
1333 1297 1517 1335 denarios
1556 1310 1662 1334 suos.
1722 1296 1839 1334 Teste
1877 1298 1921 1334 ut
1957 1309 2089 1345 supra.

633 1419 758 1455 lmhl’.
832 1419 1003 1454 Le'lwratv
1067 1431 1135 1466 pro
1215 1419 1400 1455 Il'z‘llaeslnm
1467 1417 1822 1466 ‚laynz'etu—-Rex
1879 1415 2128 1454 thesaurario
2184 1424 2223 1453 et

523 1479 749 1517 camerariis
815 1480 896 1517 suis
962 1479 1129 1517 Dublin'
1191 1480 1376 1518 salutem.
1468 1479 1656 1518 Liber-ate
1718 1480 1765 1517 de
1831 1479 2019 1517 thesauro
2085 1480 2223 1516 nostro

524 1541 748 1579 Alexandro
788 1541 965 1586 Cordele,
1007 1541 1162 1579 homini
1204 1541 1397 1579 Willelmi
1440 1541 1616 1591 Joynier,
1640 1542 1690 1579 ad
1728 1554 1828 1590 opus
1866 1539 1992 1589 ipsius
2030 1539 2223 1577 Willelmi

523 1608 684 1640 centum
729 1603 848 1641 libras
891 1616 961 1652 pro
1011 1604 1155 1652 pannis
1199 1604 1334 1642 sericis
1385 1608 1423 1642 et
1471 1604 1561 1641 aliis
1610 1603 1724 1641 rebus
1781 1603 1927 1652 emptis
1983 1601 2032 1639 ab
2083 1601 2222 1639 eodem

524 1665 728 1703 Willelmo
767 1665 816 1703 ad
854 1678 953 1714 opus
994 1670 1178 1703 nostrum
1214 1670 1354 1704 contra
1392 1666 1533 1704 Natale
1573 1665 1752 1710 Domini,
1792 1678 1899 1702 anno
1942 1663 2054 1713 regni
2096 1663 2223 1702 nostri

523 1727 676 1765 decimo
714 1740 832 1765 nono.
893 1727 1010 1765 Teste
1049 1741 1112 1765 me
1146 1728 1230 1777 ipso
1270 1728 1374 1777 apud
1415 1728 1609 1771 Windes'‚
1651 1741 1687 1765 x.
1726 1727 1789 1765 die
1819 1726 2006 1776 Aprilis-l*

637 1849 687 1883 ln·
738 1849 858 1884 ‹lamis-
907 1847 1321 1884 slat[lmffiMandamun
1364 1854 1422 1884 est
1476 1846 1660 1884 (glalfrido
1708 1846 1904 1896 Esturmy
1951 1845 2056 1894 quod
2106 1846 2225 1884 faciat

525 1908 669 1946 habere
708 1909 930 1958 Margarete
970 1909 1081 1946 uxori
1117 1909 1304 1958 Hugonis
1342 1909 1388 1946 de
1427 1908 1577 1958 Kylpec
1616 1908 1715 1945 duas
1744 1908 1882 1945 damas
1921 1907 1962 1944 in
2002 1907 2150 1946 foresta
2179 1909 2226 1946 de

529 1971 739 2016 Savernac,
780 1971 827 2009 (16
865 1971 968 2009 dono
1007 1971 1120 2020 regis.
1193 1971 1309 2009 Teste
1345 1977 1388 2008 ut
1428 1984 1558 2020 supra.
1630 1970 1705 2008 Per
1743 1970 1790 2008 R.
1831 1969 1959 2007 filium
1999 1969 2196 2008 Nicholai.

641 2095 715 2130 Pro
772 2095 927 2141 (scindam
984 2101 1183 2130 ‘mss-atum*
1240 2095 1281 2129 ‹le
1341 2093 1708 2130 Hibernia—Rex
1764 2091 1990 2131 vicecomiti
2047 2091 2226 2131 Devonie

528 2156 711 2193 salutem.
778 2155 1017 2192 Monstravit
1067 2154 1181 2192 nobis
1230 2154 1454 2192 Edwardus
1512 2155 1546 2192 le
1595 2154 1787 2199 Marchal,
1841 2153 1962 2191 homo
2006 2153 2140 2192 dilecti
2187 2158 2226 2192 et

527 2217 655 2255 fidelis
712 2217 838 2254 nostri
887 2218 935 2253 (ἰ.
988 2217 1147 2254 comitis
1205 2216 1443 2262 Marescalli,
1509 2216 1556 2254 de
1618 2215 1827 2261 Hibernia,
1891 2216 1994 2264 quod
2061 2229 2121 2254 res
2187 2220 2226 2254 et

528 2279 797 2317 mercandisas
853 2292 945 2316 suas
1005 2291 1131 2327 nuper
1187 2279 1291 2328 apud
1350 2279 1547 2316 Dertesm’
1605 2278 1736 2316 fecisti
1793 2277 1971 2323 arestari,
2020 2290 2066 2315 eo
2121 2278 2226 2327 quod

528 2342 687 2379 invente
725 2341 886 2378 fuerunt
935 2341 973 2377 in
1023 2341 1196 2389 quadam
1245 2354 1346 2379 nave
1394 2340 1578 2379 veniente
1626 2340 1673 2377 (16
1721 2339 1902 2389 partibus
1945 2340 2227 2377 transmarinis

529 2416 619 2441 cum
658 2402 943 2441 mercatoribus
981 2403 1028 2440 de
1067 2403 1355 2451 Normannia.‡
1418 2403 1473 2440 Et
1513 2403 1599 2441 ideo
1638 2401 1711 2440 tibi
1746 2401 1987 2451 precipimus
2022 2402 2127 2451 quod
2166 2415 2227 2440 res

529 2471 566 2502 et
614 2465 882 2503 mercandis-as
932 2464 1144 2514 predictas,
1199 2478 1297 2514 quas
1349 2465 1454 2502 idem
1493 2464 1718 2502 Edwardus
1757 2463 1923 2513 probare
1956 2463 2101 2512 poterit
2136 2477 2227 2501 suas

529 2540 626 2571 esse,
662 2527 695 2564 ei
744 2527 827 2564 sine
871 2526 1063 2564 dilatione
1115 2526 1325 2564 deliberari
1378 2526 1514 2564 facias.
1592 2527 1709 2564 Teste
1748 2530 1792 2563 ut
1831 2538 1961 2575 supra.
2037 2525 2125 2563 Per.
2162 2526 2224 2564 W.

529 2589 575 2627 de
610 2589 714 2626 Ral'.

639 2710 715 2745 l'rm
751 2710 924 2745 manas«
957 2723 1022 2756 «sue
1052 2711 1126 2751 fnit
1158 2723 1250 2744 mm·
1285 2710 1388 2745 lr'ctri
1416 2707 1934 2745 Alium-ans.-—Mandatum
1963 2710 2022 2745 est
2050 2707 2229 2745 Johanni

530 2771 575 2808 de
613 2771 771 2815 Nevill',
812 2770 916 2819 quod
956 2770 1001 2807 de
1051 2774 1167 2815 terra,
1216 2783 1291 2819 que
1340 2770 1416 2808 fuit
1453 2770 1563 2808 Petri
1605 2769 1818 2807 Mimecan‘
1860 2773 1898 2806 et
1937 2781 2057 2818 quam
2098 2770 2229 2807 tenuit

530 2833 577 2870 de
616 2845 704 2881 rege.
754 2833 794 2869 in
844 2831 972 2880 capite
1019 2831 1059 2868 in
1110 2831 1232 2869 ballia
1285 2845 1354 2869 sua
1400 2835 1438 2870 et
1490 2845 1611 2882 quam
1658 2831 1762 2880 cepit
1814 2831 1854 2867 in
1909 2843 2077 2868 manum
2125 2831 2227 2880 regis

531 2895 734 2932 occasione
781 2894 922 2931 mortis
962 2894 1086 2942 ipsius
1135 2893 1257 2939 Petri,
1295 2894 1415 2932 faciat
1462 2893 1606 2931 habere
1656 2892 1851 2938 Dionisie‚
1892 2905 1967 2942 que
2016 2892 2093 2931 fuit
2131 2907 2230 2932 uxor

531 2956 708 3006 ejusdem
747 2955 867 2997 Petri,
909 2955 1188 2993 rationabilem
1229 2956 1362 2994 dotem
1403 2969 1517 2994 suam
1558 2955 1779 2993 secundum
1819 2955 1947 3004 legem
1988 2957 2026 2992 et
2063 2967 2227 2993 consue·
2259 2993 2262 2994 ⁷

533 3018 712 3056 tudinem
752 3017 863 3067 regni
903 3017 1018 3066 regis.
1107 3017 1222 3055 Teste
1262 3031 1349 3067 rege
1389 3018 1495 3067 apud
1534 3017 1728 3062 Windes’,
1771 3030 1806 3054 x.
1848 3016 1911 3053 die
1950 3016 2113 3065 Aprilis.

637 3138 690 3173 De
729 3139 866 3173 «luobus
903 3138 1142 3173 swa-{entibus
1181 3139 1299 3174 missis
1340 3139 1388 3173 ad
1428 3136 1889 3174 Insulas.—Mandatum
1929 3138 1988 3173 est
2026 3135 2230 3173 Willelmo

533 3199 683 3236 Hardel
721 3199 838 3247 quod,
879 3211 959 3235 non
1006 3197 1190 3235 obstante
1237 3200 1428 3237 mandato
1476 3199 1629 3237 domini
1677 3198 1780 3247 regis
1827 3198 1925 3235 alias
1964 3197 1998 3235 ei
2037 3197 2143 3236 facto
2182 3198 2229 3235 de

667 3305 679 3319 *
698 3303 750 3333 Sic
768 3304 801 3332 in
818 3302 888 3336 Ms,
1097 3303 1111 3339 †
1129 3301 1211 3333 This
1229 3308 1325 3345 enti-y
1342 3305 1370 3334 is
1385 3303 1554 3335 cancelled
1575 3306 1580 3318 ‘
1599 3304 1675 3344 quia
1691 3304 1726 3334 in
1743 3302 1854 3333 rotulo
1871 3301 2084 3343 patentium)

1037 3356 1048 3394 ζ
1072 3363 1076 3369 ·
1092 3352 1139 3387 Ut
1156 3354 1239 3386 dicit
1254 3355 1259 3368 ⁹
1278 3355 1343 3387 has
1361 3355 1444 3387 been
1462 3354 1634 3386 cancelled
1650 3354 1743 3386 here.
