2375 3587
134 307 275 353 1236.

127 373 187 412 [m.
214 373 287 412 21.]

1010 186 1062 226 21
1106 183 1314 226 HENRY
1354 185 1436 226 III.
1996 185 2077 226 391

488 381 560 416 Pro
606 382 744 417 'l'lmma
785 384 826 417 «lv
859 384 1105 428 ‹J·›sr·e›c‹·‹›st‚r',
1139 385 1341 418 ric-econtz'tc
1380 382 1541 418 Sumers‘
1580 389 1613 418 ct
1653 380 2078 419 Romu—Mandatum

373 447 433 477 est
463 439 679 480 baronibus
709 442 755 480 de
789 443 996 481 &caccario
1029 444 1148 493 quod,
1170 443 1264 493 quia
1295 443 1471 481 Thomas
1500 442 1548 479 de
1578 442 1839 492 Cyrencestr',
1862 441 2081 480 vicecomes

372 501 476 550 regis
517 503 694 542 Sumers‘
735 508 774 542 et
805 504 936 549 Dors',
967 518 1038 554 pro
1077 505 1249 554 negotiis
1288 504 1391 553 regis
1429 503 1575 554 quibus
1615 504 1789 542 intendit
1819 504 1860 540 in
1899 501 2081 552 partibus

372 564 455 601 suis
493 578 562 614 per
600 570 832 615 preceptum
873 567 989 616 regis,
1039 580 1173 605 coram
1212 567 1268 605 eis
1316 579 1545 615 comparere
1586 579 1666 604 non
1717 566 1848 615 potuit
1888 566 1936 603 ad
1975 565 2079 602 diem

371 625 405 663 ei
468 627 666 675 prefixum
713 628 761 666 (10
817 632 1002 678 compoto
1062 642 1133 667 suo
1190 629 1402 674 reddendo,
1453 628 1557 677 quod
1615 629 1661 666 de
1709 628 1848 666 eodem
1896 629 2081 675 compoto

371 688 571 727 reddendo
615 694 841 739 respectum
889 691 923 728 ei
977 690 1122 729 habere
1175 691 1415 739 permittant
1466 704 1590 740 usque
1640 690 1689 727 ad
1743 690 1891 727 festum
1943 688 2081 728 Sancti

372 749 550 797 Hillarii,
590 765 697 790 anno
736 752 848 802 regni
888 753 969 802 xxj.
1030 752 1146 791 Teste
1186 766 1276 802 rege
1314 755 1359 790 ut
1398 765 1533 801 supra.

484 859 559 895 Pro
595 861 760 898 Ricardo
799 862 841 896 de
882 859 1332 897 Struma—Mandatum
1372 866 1432 897 est
1479 859 1714 909 justiciariis
1762 859 1810 896 ad
1858 857 2081 896 custodiam

374 918 595 957 Judeorum
635 921 850 970 assignatis
889 922 995 970 quod
1034 921 1194 959 extendi
1235 921 1386 959 faciant
1426 924 1574 959 terram
1615 920 1775 958 Ricardi
1797 920 1843 957 de
1868 920 2011 958 Stanes
2041 919 2082 955 in

373 981 569 1019 comitatu
608 982 721 1026 Buk',
763 986 962 1032 quantum
1002 983 1134 1021 valeat
1164 996 1233 1032 per
1270 996 1425 1020 annum
1466 983 1507 1020 in
1537 982 1754 1020 dominicis
1785 980 2006 1019 redditibus
2046 984 2084 1017 et

374 1043 561 1081 omnibus
600 1044 773 1082 exitibus
814 1048 938 1089 terre;
989 1048 1027 1083 et
1067 1045 1196 1082 eidem
1247 1045 1418 1083 Ricardo
1459 1046 1679 1082 secundum
1725 1047 1932 1082 extentam
1972 1043 2083 1079 illam

374 1104 653 1143 rationabilem
693 1106 815 1144 finem
857 1110 895 1144 et
944 1106 1206 1144 rationabiles
1255 1107 1449 1144 terminos
1493 1106 1639 1144 habere
1678 1106 1830 1143 faciant
1868 1106 1914 1142 de
1953 1104 2086 1142 debito

374 1167 479 1216 quod
518 1167 633 1206 debet
677 1169 824 1207 Aaron’
866 1169 950 1207 filio
989 1168 1221 1214 Abraham',
1264 1169 1479 1207 Abraham’
1513 1169 1597 1207 filio
1627 1168 1736 1213 Vive,
1769 1168 1870 1217 Elye
1910 1167 2085 1211 Blundo,

376 1228 502 1266 Leoni
540 1229 624 1268 filio
662 1230 787 1275 Isaac,
829 1231 969 1268 Judeis
1008 1231 1151 1276 Lond’,
1192 1234 1231 1268 et
1272 1230 1486 1279 Sampsoni
1538 1230 1622 1267 filio
1666 1230 1829 1275 Aaron’,
1871 1228 2000 1266 Judeo
2038 1228 2086 1265 de

375 1291 571 1330 Norwico.
630 1292 747 1330 Teste
786 1305 876 1341 rege
915 1296 960 1330 ut
1007 1306 1141 1342 supra.

482 1397 561 1433 Pro
615 1398 746 1433 Emma
795 1411 861 1445 qne
908 1398 982 1439 fuit
1024 1411 1118 1433 zia-01·
1156 1398 1346 1434 ,Iohannis
1395 1395 1986 1434 ΑΠυῖυηιῐίηανίί.--111011ᾶο1111111
2027 1396 2087 1431 est

376 1458 591 1496 baronibus
629 1459 676 1496 de
718 1458 923 1497 Scaccario
958 1459 1077 1508 quod,
1119 1459 1150 1496 si
1191 1459 1399 1497 Johannes
1439 1458 1760 1496 Molendinarius
1798 1460 1836 1495 et
1875 1456 2087 1495 Godardus

375 1521 411 1558 le
451 1521 612 1566 Macun,
668 1521 735 1569 qui
783 1521 865 1569 jam
913 1521 1094 1558 defuncti
1145 1525 1251 1565 sunt,
1305 1520 1426 1570 plegii
1476 1521 1641 1557 fuerunt
1694 1519 1857 1557 Roberti
1908 1518 2085 1563 Stilling'

377 1583 423 1620 de
476 1597 541 1620 xx.
595 1586 634 1620 et
686 1583 744 1632 iij.
800 1583 938 1620 solidis
1002 1586 1041 1620 et
1098 1583 1173 1632 iiij.
1231 1583 1407 1620 denariis
1465 1583 1513 1619 ad
1570 1595 1668 1631 quos
1726 1581 1831 1619 idem
1890 1579 2088 1619 Robertus

378 1645 664 1683 ammerciatus
708 1645 785 1682 fuit
834 1658 969 1683 coram
1019 1645 1253 1694 justiciariis
1305 1645 1592 1682 itinerantibus
1643 1644 1691 1681 ad
1742 1643 1892 1692 placita
1944 1642 2088 1680 foreste

379 1708 419 1745 in
470 1707 667 1746 comitatu
718 1707 883 1753 Oxonie,
925 1708 1030 1757 quod
1080 1721 1161 1746 non
1210 1707 1456 1756 distringant
1504 1707 1699 1744 Emmam
1747 1718 1823 1755 que
1874 1705 1952 1742 fuit
1991 1717 2090 1741 uxor

379 1770 546 1819 predicti
583 1770 785 1808 «Iohannis
834 1773 873 1808 et
921 1770 1090 1808 Alie-iam
1128 1784 1204 1820 que
1244 1770 1322 1808 fuit
1375 1783 1474 1807 uxor
1525 1769 1703 1807 Godardi
1742 1768 1777 1805 le
1817 1768 1965 1806 Macun
2018 1780 2089 1816 pro

380 1832 515 1871 debito
553 1833 742 1882 predicto,
785 1833 851 1871 sed
900 1832 1062 1882 capitali
1111 1832 1282 1870 debitori
1323 1832 1561 1870 demandam
1612 1831 1764 1869 faciant
1813 1833 1852 1868 et
1890 1829 2090 1879 predictas

382 1896 575 1933 Emmam
614 1899 654 1934 et
684 1895 855 1934 Aliciam
891 1895 983 1933 inde
1028 1895 1184 1945 quietas
1223 1908 1307 1933 esse
1347 1894 1512 1933 faciant.
1590 1893 1708 1931 Teste
1746 1905 1837 1942 rege
1871 1895 1916 1930 ut
1954 1905 2088 1941 supra.

494 2002 570 2037 Pro
613 2001 795 2042 (rr'alfrido
835 2002 877 2036 (Ie
916 2000 1254 2037 Ma1·1·scz·s.—Rex
1294 1998 1535 2048 perdonavit
1587 1997 1773 2036 Galfrido
1812 1997 1859 2034 de
1908 1995 2092 2033 Mariscis

382 2077 447 2101 xx.
488 2075 642 2101 marcas
681 2062 730 2100 ad
768 2075 867 2111 quas
905 2061 1192 2100 ammerciatus
1232 2061 1310 2099 fuit
1358 2074 1428 2110 pro
1476 2060 1628 2098 defalta
1676 2072 1810 2098 coram
1857 2059 2093 2109 justiciariis

383 2126 466 2164 suis
519 2125 663 2163 ultimo
716 2124 1003 2163 itinerantibus
1057 2125 1106 2162 ad
1155 2123 1390 2162 communia
1437 2123 1588 2172 placita
1636 2122 1677 2159 in
1726 2121 1923 2159 comitatu
1972 2120 2089 2158 Buk'.

384 2189 439 2227 Et
487 2188 727 2226 mandatum
780 2190 840 2225 est
893 2186 1112 2225 baronibus
1165 2187 1212 2224 de
1266 2185 1474 2224 8011000110
1526 2185 1632 2235 quod
1683 2185 1729 2221 de
1783 2183 1973 2233 predictis
2027 2197 2090 2220 xx.

384 2250 528 2288 marcis
585 2250 719 2299 ipsum
777 2248 960 2298 quietum
1019 2261 1103 2287 esse
1162 2248 1326 2286 faciant.
1407 2248 1524 2285 Teste
1583 2260 1673 2295 rege
1731 2246 1837 2294 apud
1894 2245 2090 2291 Windes‘,

384 2313 484 2362 xiiij.
525 2311 588 2349 die
627 2310 881 2349 Novembris.

501 2417 573 2453 Pro
632 2417 809 2463 magn'stro
872 2415 1057 2452 Willelmo
1117 2416 1158 2451 de
1230 2413 1579 2451 Waltlzcznu—Rex
1627 2411 1855 2450 vicecomiti
1913 2409 2092 2455 Berkes,’

385 2479 572 2517 salutem.
633 2476 735 2523 Quia
774 2476 1047 2515 concessimus
1096 2476 1310 2514 Bertramo
1348 2476 1396 2513 de
1437 2474 1611 2523 Gartlip'
1653 2473 1772 2524 quod,
1814 2473 1855 2510 in
1895 2471 2092 2510 auxilium

384 2539 719 2591 peregrinationis
767 2552 835 2577 sue
883 2539 1063 2577 faciende
1118 2539 1159 2576 in
1210 2539 1376 2576 Terram
1436 2538 1644 2582 Sanctam,
1704 2536 1830 2585 possit
1888 2534 2093 2572 invadiare

385 2602 611 2641 manerium
664 2601 710 2638 de
764 2601 934 2639 Geinch’
987 2601 1093 2650 quod
1143 2601 1190 2638 (10
1243 2600 1358 2638 nobis
1409 2599 1541 2637 tenuit
1593 2598 1634 2635 in
1687 2598 1817 2647 capite
1871 2609 1995 2645 usque
2045 2596 2093 2633 ad

386 2665 608 2703 terminum
648 2662 772 2700 trium
811 2668 1015 2700 annorum·
1053 2675 1075 2700 a
1114 2662 1217 2701 festo
1258 2663 1398 2701 Sancti
1447 2660 1659 2698 Michaelis
1697 2672 1805 2697 anno
1852 2658 1965 2707 regni
2014 2657 2092 2694 xix.

386 2728 443 2765 ita
481 2726 585 2776 quod
624 2725 708 2774 ipse
747 2725 811 2763 cui
850 2725 957 2762 idem
997 2725 1226 2763 manerium
1266 2724 1491 2761 invadiaret
1540 2722 1640 2760 illud
1681 2724 1834 2759 teneret
1874 2732 1998 2769 usque
2045 2719 2094 2757 ad

387 2789 608 2827 terminum
655 2787 881 2836 predictum
938 2787 1129 2836 quicquid
1186 2787 1234 2824 de
1290 2786 1376 2835 ipso
1434 2786 1645 2822 Bertramo
1702 2783 1981 2832 contingeret;
2023 2780 2094 2818 tibi

386 2850 630 2901 precipimus
678 2849 783 2898 quod
831 2849 1073 2898 magistrum
1123 2849 1374 2886 Willelmum
1418 2848 1465 2885 de
1510 2846 1732 2891 waltham,
1781 2845 1844 2883 cui
1893 2843 2093 2893 predictus

388 2915 624 2951 Bertramus
663 2910 890 2948 manerium
941 2910 1041 2947 illud
1099 2910 1335 2955 invadiavit,
1390 2912 1434 2947 ut
1487 2908 1648 2952 dicitur,
1704 2910 1837 2945 tenere
1885 2905 2094 2955 permittas

388 2988 513 3024 nsque
547 2974 596 3011 ad
635 2972 857 3010 terminum
896 2972 1136 3021 predictum.
1196 2972 1314 3010 Teste
1354 2984 1444 3020 rege
1483 2973 1527 3008 ut
1567 2982 1700 3018 supra.

500 3079 575 3114 l'ro
615 3077 791 3114 ‚johanne
833 3077 864 3112 Ze
918 3076 1419 3124 la'strangsv.—Mandatum
1470 3078 1529 3112 est
1577 3073 1757 3111 Johanni
1807 3071 1841 3108 10
1891 3070 2092 3117 Estrange

389 3140 494 3190 quod
551 3137 716 3187 recipiat
766 3151 788 3174 a
841 3136 1015 3175 Roberto
1068 3138 1117 3175 de
1166 3137 1205 3175 la
1256 3138 1372 3188 Haye
1425 3140 1556 3175 castra
1607 3134 1711 3183 regis
1761 3134 1807 3170 de
1858 3132 2011 3179 Bruges
2055 3134 2094 3168 et

393 3203 526 3252 Salop'
582 3214 673 3240 011111
728 3199 917 3238 omnibus
980 3200 1238 3249 pertinentiis
1294 3201 1390 3246 suis,
1445 3197 1708 3237 custodienda
1778 3194 1971 3244 quamdiu
2029 3206 2095 3229 rex

391 3263 599 3315 placuerit.
673 3262 728 3299 Et
778 3261 1018 3299 mandatum
1071 3265 1130 3300 est
1180 3262 1308 3300 eidem
1359 3261 1532 3299 Roberto
1584 3259 1688 3308 quod
1738 3260 1869 3295 castra
1920 3255 2095 3303 predicta

391 3340 483 3365 cum
523 3324 712 3364 omnibus
750 3324 1007 3372 pertinentiis
1047 3324 1129 3362 suis
1168 3324 1295 3362 eidem
1337 3323 1517 3362 Johanni
1553 3321 1707 3359 liberet.
1767 3319 1882 3356 Teste
1923 3330 2011 3365 rege
2050 3320 2094 3354 ut

391 3401 528 3438 supra.
