2375 3587
179 348 323 397 1235.

169 415 227 456 [m.
253 413 326 456 21.]

1050 208 1105 248 2Ο
1146 206 1352 248 HENRY
1396 206 1477 247 ΠΙ.
2037 206 2117 246 221

524 420 604 457 Pro
642 421 772 458 abbate
808 422 851 457 de
891 419 1374 458 Cadam0.-lllandatum
1417 422 1477 457 est
1521 418 1747 457 vicecomiti
1793 417 1973 456 Devonie
2018 417 2122 466 quod

413 482 613 532 loquelam
658 495 734 532 que
782 485 842 521 est
886 483 929 520 in
979 482 1173 521 comitatu
1223 494 1295 519 5110
1342 494 1411 530 per
1453 480 1570 519 breve
1617 481 1721 529 regis
1769 481 1817 518 de
1864 482 1971 518 recto
2018 479 2123 517 inter

412 543 628 583 Ricardum
667 545 915 594 pincernam,
955 547 1173 594 petentem,
1209 546 1248 582 et
1287 542 1474 581 abbatem
1512 543 1560 581 de
1600 543 1789 588 Cadamo,
1823 544 2041 587 tenentem,
2075 542 2123 580 de

412 605 567 645 duobus
623 606 850 656 ferlingatis
907 609 1008 645 terre
1062 618 1155 645 cum
1212 605 1468 655 pertinentiis
1531 605 1572 642 in
1630 604 1832 653 Ashrigg’‚
1892 606 2017 654 ponat
2079 604 2120 641 in

413 671 638 718 respectum
690 682 816 720 usque
866 669 908 707 in
959 681 1087 707 unum
1136 680 1317 706 mensem
1370 681 1392 705 a
1443 667 1507 705 die
1561 667 1715 705 Pasche
1768 678 1876 704 anno
1928 670 2002 705 etc.
2055 679 2119 704 xx.

413 733 529 770 Teste
566 734 612 770 ut
649 744 784 781 supra.

523 838 602 874 Pro
633 837 762 884 priore
798 838 840 873 de
879 835 1394 885 Ipelpenne.—Mandatum
1433 838 1493 872 est
1531 832 1758 872 vicecomiti
1798 832 1978 871 Devonie
2016 833 2120 883 quod

414 911 496 937 non
534 898 752 948 distringat
790 897 965 948 priorem
1003 897 1051 936 de
1089 897 1307 947 Ipelpenne
1346 909 1418 946 pro
1469 895 1621 934 auxilio
1668 895 1751 945 regi
1802 895 2001 942 faciendo,
2042 895 2120 934 nisi

414 960 611 999 auxilium
663 960 747 1010 regi
798 960 1027 1010 promiserit
1080 960 1183 998 sicut
1236 959 1303 998 5111
1352 958 1428 998 viri
1485 957 1660 1008 religiosi
1717 957 1765 995 de
1826 969 1948 1006 regno
2003 957 2120 1006 regis,

413 1024 539 1062 donec
582 1035 651 1062 rex
698 1022 808 1062 aliud
854 1023 948 1061 inde
995 1022 1240 1072 preceperit;
1299 1025 1338 1061 et
1386 1020 1518 1060 averia
1579 1033 1664 1066 sua,
1715 1019 1747 1058 si
1808 1031 1854 1057 ea
1914 1019 2121 1059 occasione

413 1086 592 1137 predicta
631 1085 749 1136 cepit,
789 1086 825 1124 ei
864 1084 1073 1124 deliberari
1113 1084 1248 1124 faciat.
1324 1084 1442 1122 Teste
1480 1086 1525 1122 ut
1565 1095 1699 1132 supra.

521 1192 579 1228 De
622 1191 785 1239 quodam
826 1191 979 1239 prisone
1025 1190 1262 1227 deliberando
1310 1201 1332 1225 α
1374 1188 1506 1236 anicla
1555 1194 1587 1224 et
1637 1187 1860 1224 restituendo
1909 1187 2121 1223 ecclesie.—

415 1253 656 1291 Mandatum
703 1254 764 1290 est
801 1250 1106 1291 vicecomitibus
1153 1250 1282 1289 Lond'
1320 1250 1426 1300 quod
1474 1248 1693 1288 Ricardum
1733 1248 1780 1286 de
1819 1248 1960 1294 Cestr'‚
2002 1260 2119 1297 quem

414 1315 537 1354 abbas
575 1315 623 1353 de
659 1314 868 1353 Rameseie
906 1313 1019 1353 misit
1058 1326 1185 1364 usque
1223 1313 1273 1351 ad
1320 1312 1528 1362 prisonam
1572 1311 1677 1361 regis
1722 1311 1770 1349 de
1809 1311 2012 1360 Newegat’
2053 1323 2122 1360 per

416 1378 669 1417 Willelmum
720 1376 767 1415 de
817 1376 1008 1415 Leicestr'
1057 1380 1096 1415 et
1143 1376 1345 1414 Andrean]
1398 1374 1567 1424 Dinges,
1622 1373 1841 1412 servientes
1898 1385 2003 1420 51105,
2053 1373 2121 1423 qui

414 1441 640 1491 predictum
687 1439 922 1485 Ricardum,
962 1442 1177 1489 postquam
1225 1438 1350 1476 evasit
1394 1450 1416 1476 a
1452 1437 1615 1486 prisona
1662 1435 1833 1485 predicti
1881 1434 2037 1474 abbatis
2085 1438 2123 1474 et

414 1502 520 1552 fugit
557 1502 607 1540 ad
645 1501 856 1541 ecclesiam
908 1501 954 1539 de
1006 1501 1239 1551 Rameseye,
1279 1499 1372 1538 inde
1411 1499 1607 1537 violenter
1649 1497 1934 1536 abstraxerunt
1983 1499 2123 1536 contra

413 1564 642 1603 libertatem
680 1563 1005 1609 ecclesiasticam,
1036 1562 1197 1600 liberari
1227 1562 1378 1600 faciant
1417 1561 1607 1611 predictis
1638 1560 1844 1598 Willelmo
1877 1563 1916 1598 et
1950 1560 2120 1605 Andree,

414 1626 681 1666 servientibus
710 1625 890 1677 ejusdem
919 1624 1088 1671 abbatis,
1111 1624 1340 1662 ducendum
1360 1635 1486 1673 usque
1507 1623 1728 1673 Rameseye
1758 1624 1795 1659 et
1825 1621 2121 1660 restituendum

414 1688 564 1728 ibidem
602 1688 766 1728 ecclesie
803 1687 991 1738 predicte,
1032 1700 1054 1726 a
1091 1699 1171 1737 qua
1209 1685 1435 1725 abstractus
1471 1684 1562 1731 fuit,
1595 1687 1639 1723 ut
1678 1697 1745 1723 rex
1777 1683 1947 1723 audivit.
2006 1684 2122 1723 Teste

417 1755 461 1791 ut
500 1764 632 1802 supra.

523 1858 580 1894 De
616 1858 816 1906 quercubus
854 1856 953 1893 datis
985 1868 1055 1903 pro
1084 1855 1281 1900 Jolzafnsna,
1312 1854 1455 1891 reclusa
1485 1854 1528 1889 de
1566 1850 2122 1900 Ferlinyton’.-—Mandatum

414 1922 475 1959 est
519 1917 816 1958 constabulario
862 1917 910 1955 de
958 1917 1175 1955 Porecestr’
1215 1916 1320 1966 quod
1368 1915 1490 1954 faciat
1535 1913 1681 1953 habere
1728 1913 1929 1960 «Iohanne,
1971 1913 2123 1952 recluse

415 1982 463 2021 de
510 1981 776 2031 Ferlington’‚
827 1980 874 2019 ad
921 1980 1062 2018 domos
1118 1991 1210 2017 51155
1262 1977 1504 2028 reparandas
1552 1989 1627 2027 que
1685 1975 1895 2015 combuste
1943 1975 2122 2022 fuerunt,

415 2044 593 2095 quinque
631 2055 801 2094 quercus
839 2043 882 2081 in
930 2042 1049 2081 bosco
1096 2041 1201 2091 regis
1248 2041 1295 2079 de
1342 2040 1381 2078 la
1429 2040 1535 2086 Ber',
1576 2039 1624 2078 de
1663 2039 1769 2078 dono
1809 2038 1927 2088 regis.
2006 2038 2123 2077 Teste

416 2119 507 2156 rege
545 2105 651 2156 apud
689 2105 917 2151 Merewell’,
958 2117 1051 2143 xxx.
1091 2103 1155 2142 die
1194 2102 1442 2142 Decembris.

528 2220 606 2256 Pro
659 2218 846 2256 Willelmo
903 2214 1421 2254 Marmiun.—Mandatum
1470 2216 1529 2252 est
1577 2212 1804 2252 vicecomiti
1858 2211 1972 2251 Linc’
2019 2213 2126 2263 quod

417 2283 538 2321 talem
577 2280 768 2319 seisinam
811 2278 956 2317 habere
994 2277 1116 2316 faciat
1155 2276 1360 2316 Willelmo
1398 2276 1445 2314 de
1494 2275 1700 2314 Marmiun
1739 2274 1786 2312 de
1825 2277 1930 2312 terra
1970 2287 2043 2312 sua
2082 2274 2125 2313 in

419 2343 660 2382 Thorinton’
710 2341 870 2392 qualem
921 2340 1014 2378 inde
1064 2338 1208 2378 habuit
1260 2339 1322 2377 die
1371 2351 1449 2388 quo
1503 2337 1596 2376 inde
1647 2336 1874 2375 disseisitus
1926 2336 2005 2375 fuit
2057 2350 2126 2387 per

417 2406 668 2446 voluntatem
707 2403 824 2454 regis,
859 2416 904 2442 eo
942 2402 1048 2453 quod
1077 2402 1217 2441 datum
1257 2401 1334 2440 fuit
1368 2401 1451 2451 regi
1485 2399 1660 2449 intelligi
1700 2399 1835 2448 ipsum
1870 2399 2124 2438 Willelmum

418 2468 543 2507 fuisse
580 2479 672 2507 cum
706 2478 796 2517 rege
835 2464 1019 2511 Francie,
1059 2466 1098 2503 et
1134 2476 1217 2502 non
1256 2463 1348 2509 fuit,
1389 2465 1434 2501 ut
1473 2461 1634 2501 dicitur.
1694 2461 1813 2500 Teste
1852 2464 1897 2500 ut
1936 2473 2069 2511 supra.

528 2582 582 2618 De
630 2580 808 2617 tradendo
856 2580 898 2616 in
945 2576 1416 2616 tulliana—Mandatum
1464 2585 1525 2613 est
1571 2573 1800 2613 vicecomiti
1848 2573 1965 2612 Dors‘
2005 2574 2125 2624 quod,

418 2643 738 2694 quandocunque
775 2639 975 2679 Robertus
1012 2639 1048 2677 le
1087 2639 1189 2678 Gras
1231 2638 1301 2689 qui
1347 2640 1518 2676 rettatus
1565 2639 1626 2675 est
1674 2636 1721 2674 de
1769 2639 1898 2674 morte
1946 2636 2127 2674 hominis

418 2705 596 2756 posuerit
635 2717 675 2743 se
712 2703 755 2741 in
788 2702 995 2752 prisonam
1029 2701 1134 2751 regis
1172 2701 1215 2739 in
1254 2700 1404 2739 balliva
1443 2713 1528 2745 sua,
1565 2702 1604 2738 et
1643 2698 1842 2737 invenerit
1876 2698 1946 2749 xij.
1983 2697 2127 2747 probos

419 2772 457 2807 et
504 2767 651 2817 legales
697 2765 883 2804 homines
930 2764 999 2814 qui
1045 2764 1163 2801 illum
1210 2775 1335 2801 manu
1379 2762 1543 2811 capiant
1590 2761 1638 2799 de
1686 2761 1830 2799 stando
1878 2760 1971 2799 inde
2019 2764 2128 2800 recto

419 2843 554 2870 coram
592 2827 827 2880 justiciariis
866 2826 970 2876 regis
1009 2826 1058 2864 ad
1095 2825 1271 2875 primam
1310 2824 1481 2862 assisam
1519 2826 1609 2869 etc,
1650 2823 1682 2861 si
1722 2822 1811 2873 quis
1859 2835 1994 2861 versus
2033 2836 2125 2861 eum

419 2893 512 2930 inde
550 2891 660 2941 loqui
692 2889 878 2936 voluerit,
919 2891 1014 2927 tunc
1052 2888 1188 2937 ipsum
1226 2886 1417 2936 predictis
1456 2885 1525 2936 xij.
1559 2885 1645 2923 sine
1685 2884 1878 2922 dilatione
1914 2885 2045 2923 tradat
2084 2884 2126 2922 in

419 2954 603 3000 ballium,
636 2953 739 2991 sicut
775 2951 1002 3002 predictum
1040 2953 1125 2995 est;
1161 2952 1201 2988 et
1234 2948 1402 2988 nomina
1436 2948 1600 2987 illorum
1635 2947 1702 2997 xij.
1740 2946 1822 2995 regi
1855 2947 1955 2985 scire
1989 2946 2124 2992 faciat,

422 3017 540 3055 Teste
578 3018 623 3054 ut
661 3027 795 3064 supra.

528 3130 584 3166 De
628 3124 1053 3176 per‹lonati0ne.-—-Rex
1089 3123 1327 3173 perdonavit
1365 3121 1570 3161 Willelmo
1617 3120 1664 3159 de
1701 3120 1856 3158 Mastac
1894 3119 2040 3169 viginti
2087 3122 2126 3158 et

418 3193 591 3242 quatuor
627 3200 784 3227 marcas
830 3199 929 3238 quas
977 3185 1096 3224 debet
1142 3185 1277 3223 Aaron
1325 3187 1364 3222 et
1411 3183 1550 3229 Leoni,
1602 3181 1742 3220 Judeis
1790 3180 1977 3219 Eboraci.
2070 3181 2126 3219 Et

420 3252 661 3291 mandatum
713 3251 773 3288 est
819 3247 1052 3299 justiciariis
1102 3247 1151 3285 ad
1202 3246 1428 3285 custodiam
1479 3244 1703 3283 Judeorum
1753 3242 1970 3292 assignatis
2022 3243 2127 3293 quod

420 3316 555 3366 ipsum
593 3313 846 3353 Willelmum
885 3311 932 3350 de
973 3309 1151 3361 predicto
1199 3308 1334 3348 debito
1382 3307 1565 3358 quietum
1612 3319 1698 3344 esse
1745 3308 1784 3343 et
1831 3304 1932 3343 illud
1977 3304 2125 3343 eisdem

421 3377 561 3417 Judeis
598 3377 641 3414 in
679 3374 812 3414 debito
850 3373 955 3424 quod
993 3371 1076 3423 regi
1110 3370 1256 3411 debent
1287 3369 1451 3410 allocari
1489 3368 1655 3409 faciant.
1715 3367 1832 3406 Teste
1866 3368 1912 3406 ut
1946 3379 2081 3417 supra.

448 3452 567 3485 ibt
