2375 3587
197 322 344 370 1235.

193 390 250 429 [m.
279 387 347 428 13.]

1075 194 1127 234 19
1169 191 1377 234 HENRY
1417 192 1499 233 ΙΙΙ.
2084 197 2136 238 77

435 389 619 439 episcopo
667 390 772 439 quod
811 391 858 429 de
897 390 1013 429 terris
1050 393 1090 428 et
1128 391 1371 429 tenementis
1420 395 1458 429 et
1497 390 1684 429 omnibus
1723 391 1812 428 aliis
1851 404 1926 441 que
1965 392 2013 429 ad
2052 404 2134 440 pre—

435 451 587 489 dictum
627 452 903 501 episcopatum
951 453 1155 502 pertinent
1193 456 1231 491 et
1269 466 1344 502 que
1389 457 1484 490 sunt
1531 453 1573 489 in
1622 453 1803 490 custodia
1849 467 1933 498 sua,
1974 454 2135 502 plenam

437 513 627 552 seisinam
659 515 837 564 predicto
871 515 996 553 electo
1028 514 1172 553 habere
1205 515 1338 553 faciat.
1416 515 1531 553 Teste
1566 528 1656 564 rege
1692 522 1735 552 ut
1770 528 1902 564 supra.

543 593 698 631 Eodem
730 594 848 632 modo
880 594 1119 632 mandatum
1158 598 1218 632 631
1258 593 1432 632 Radulfo
1471 594 1518 631 de
1553 593 1757 632 Warevill'
1791 598 1829 632 et
1869 594 2049 632 Johanni
2089 595 2135 632 de

437 655 572 702 Burgo
603 661 641 694 et
675 669 743 705 per
773 656 912 694 eadem
947 655 1077 694 verba.
1154 656 1271 694 Teste
1307 660 1352 694 ut
1384 669 1517 705 supra.

543 735 783 773 Mandatum
823 740 882 773 est
921 735 959 773 J.
990 735 1257 774 Bathoniensi
1296 734 1481 784 episcopo
1520 735 1625 785 quod
1665 736 1817 781 statim,
1848 735 1943 773 visis
1978 735 2135 780 litteris,

435 797 572 835 veniat
610 798 660 836 ad
699 810 831 847 regem
871 798 920 836 ad
958 797 1208 836 liberandum
1247 798 1282 835 ei
1321 801 1452 835 castra
1489 798 1536 835 de
1576 797 1766 844 Lafford’,
1808 798 1854 835 de
1887 798 2062 836 Nawerc’
2099 802 2137 836 et

436 859 483 897 de
530 859 761 905 Bannebir'‚
801 860 862 898 vel
909 860 1086 910 aliquem
1135 861 1181 898 de
1230 860 1311 897 suis
1360 860 1409 897 ad
1448 873 1580 909 regem
1621 860 1758 898 mittat
1788 860 1856 910 qui
1897 863 2137 909 potestatem

436 921 581 960 habeat
619 921 813 960 liberandi
852 922 1017 960 domino
1055 923 1137 971 regi
1176 923 1314 960 eadem
1353 926 1484 960 castra
1513 923 1563 960 ad
1597 923 1836 960 tradendum
1868 935 1913 960 ea
1947 922 2140 971 magistro

437 984 483 1022 R.
544 984 806 1031 Grosseteste‚
865 985 990 1023 electo
1047 985 1339 1029 Lincolniensi‚
1399 985 1513 1035 cujus
1577 985 1763 1023 electioni
1827 985 2016 1023 dominus
2074 998 2140 1023 rex

434 1059 643 1085 assensum
675 1047 828 1096 regium
863 1047 1049 1085 adhibuit
1082 1052 1121 1086 et
1155 1048 1346 1086 favorem.
1425 1048 1542 1086 Teste
1577 1061 1666 1097 rege
1702 1052 1745 1086 ut
1781 1060 1913 1097 supra.

542 1185 598 1221 De
626 1186 747 1233 ιἴκεΐίξ
786 1186 885 1222 datis
923 1186 971 1221 ml
1009 1186 1200 1231 ¹fabricam
1251 1186 1394 1222 evoles-12²
1443 1185 2036 1223 Linmlniensim—Mandatum
2080 1189 2140 1224 est

436 1245 610 1284 Roberto
648 1246 694 1284 de
734 1246 1011 1295 Everingham
1052 1250 1090 1284 et
1129 1246 1277 1285 ballivo
1328 1247 1473 1285 foreste
1519 1247 1566 1285 de
1616 1247 1819 1297 Syrewud’
1859 1247 1964 1296 quod
2017 1247 2138 1285 faciat

434 1307 579 1346 habere
624 1308 775 1347 decano
813 1312 850 1346 et
889 1308 1068 1358 capitulo
1109 1308 1255 1347 Sancte
1291 1308 1417 1347 Mai-ie
1447 1309 1561 1348 Linc'
1593 1313 1756 1348 centum
1792 1309 1901 1347 fusta
1939 1309 1980 1346 in
2021 1309 2138 1349 bosco

434 1370 481 1408 de
516 1370 736 1408 Bamefeld'
768 1371 817 1408 ad
856 1371 1129 1420 operationem
1166 1371 1328 1409 ecclesie
1358 1384 1426 1409 sue
1460 1371 1771 1418 Lincolniensis,
1803 1371 1850 1409 (16
1885 1371 1990 1409 (10110
2021 1372 2136 1420 regis.

438 1432 554 1471 Teste
594 1437 638 1471 ut
672 1446 804 1482 supra.

545 1574 620 1609 Pro
664 1574 720 1610 11⁷.
769 1574 899 1609 comite
940 1572 1456 1611 Warennien—Mandatum
1505 1575 1565 1610 est
1608 1571 1782 1610 Roberto
1830 1571 1877 1609 de
1921 1571 2135 1611 Lexinton’

433 1637 472 1672 et
523 1635 640 1673 sociis
689 1635 772 1673 suis
816 1634 1052 1684 justiciariis
1099 1634 1388 1673 itinerantibus
1440 1635 1482 1672 in
1532 1634 1729 1673 comitatu
1783 1633 1990 1672 Hertford’
2035 1634 2141 1684 quod

434 1697 647 1747 loquelam,
689 1711 764 1747 que
802 1701 862 1735 est
901 1710 1035 1736 coram
1075 1698 1131 1735 eis
1169 1697 1275 1735 inter
1321 1697 1504 1736 Gratiam
1544 1710 1620 1746 que
1658 1696 1737 1735 fuit
1777 1708 1876 1734 uxor
1914 1695 2054 1733 Briani
2093 1696 2140 1734 (16

434 1759 586 1805 Insula,
628 1763 846 1809 petentem,
891 1762 930 1798 et
977 1759 1144 1798 Petrum
1183 1760 1231 1797 de
1280 1759 1474 1798 Marevill'
1517 1762 1736 1805 tenentem,
1774 1759 1820 1796 de
1860 1758 1979 1796 tertia
2028 1762 2139 1807 parte

433 1822 554 1859 unius
590 1825 774 1860 carucate
809 1826 912 1861 terre
950 1825 989 1860 et
1030 1821 1195 1860 dimidie
1243 1835 1335 1860 cum
1375 1821 1631 1871 pertinentiis
1670 1821 1713 1858 in
1754 1820 1982 1865 Polehech⁷,
2019 1832 2138 1870 quam

433 1884 595 1934 quidem
631 1888 779 1923 terram
814 1884 921 1922 idem
959 1884 1104 1922 Petrus
1144 1887 1254 1922 tenet
1289 1884 1335 1922 de
1368 1883 1490 1922 ballio
1530 1884 1588 1922 W.
1622 1883 1782 1921 comitis
1812 1882 2042 1928 Warennie,
2071 1883 2139 1932 qui

434 1946 671 1985 infirmitate
717 1947 904 1985 detentus
960 1950 1034 1992 est,
1086 1949 1124 1984 et
1173 1959 1296 1996 quam
1348 1946 1382 1984 ei
1434 1945 1696 1984 warantizare
1744 1944 1859 1983 debet
1895 1949 1939 1982 ut
1978 1945 2136 1990 dicitur,

434 2013 586 2058 ponant
626 2009 666 2047 in
707 2013 934 2059 respectum
974 2008 1023 2047 ab
1061 2008 1213 2047 octabis
1252 2009 1377 2047 clausi
1417 2008 1569 2047 Pasche
1610 2021 1716 2046 anno
1754 2011 1829 2046 etc.
1870 2007 1950 2044 xix.
1992 2007 2033 2044 in
2073 2020 2136 2045 xv.

435 2072 531 2111 dies.
609 2072 725 2110 Teste
764 2075 808 2110 ut
843 2084 975 2121 supra.

542 2210 597 2246 De
632 2212 834 2259 quercubus
871 2208 1362 2257 etfus—tis.—Mandatum
1413 2211 1473 2246 est
1516 2206 1814 2246 constabulario
1858 2207 1904 2244 de
1944 2206 2137 2244 Windles’

433 2271 538 2321 quod
577 2271 720 2310 habere
760 2272 880 2310 faciat
921 2271 1098 2309 Henrico
1132 2271 1179 2308 de
1211 2271 1249 2308 la
1288 2270 1399 2309 More
1432 2283 1556 2308 unam
1595 2282 1787 2319 quercum
1827 2269 1869 2306 in
1909 2269 2057 2307 foresta
2091 2269 2138 2307 de

434 2333 658 2371 Windesor’
699 2334 748 2372 ad
786 2333 1049 2372 maeremium
1099 2333 1190 2370 inde
1239 2332 1483 2377 faciendum,
1528 2335 1566 2369 et
1616 2331 1664 2369 ad
1709 2331 1849 2369 domos
1895 2344 1987 2369 suas
2032 2332 2138 2380 apud

434 2397 610 2435 Windes'
652 2397 744 2435 inde
783 2396 1038 2446 reparandas,
1070 2396 1116 2434 de
1155 2396 1260 2433 dono
1290 2395 1406 2443 regis.
1493 2394 1609 2432 Teste
1642 2406 1731 2442 rege
1761 2393 1867 2443 apud
1898 2393 2136 2439 Wffldesor’,

435 2462 479 2497 ut
519 2471 651 2508 supra.

541 2538 780 2576 Mandatum
827 2542 886 2576 est
940 2536 1236 2576 constabulario
1289 2536 1336 2574 de
1391 2535 1540 2575 Sancto
1598 2534 1798 2572 Briavello
1854 2534 1960 2584 quod
2016 2534 2136 2573 faciat

432 2600 575 2638 habere
615 2600 818 2638 Gwiberto
856 2601 903 2638 de
942 2600 1065 2638 Ruwe
1104 2600 1181 2640 tria
1214 2599 1322 2637 111316
1360 2598 1402 2635 111
1441 2598 1589 2636 foresta
1627 2598 1674 2635 de
1712 2598 1812 2635 Den'
1848 2597 1897 2635 ad
1934 2597 2134 2647 quoddam

430 2662 709 2701 molendinum
757 2675 876 2700 suum
925 2662 1205 2712 reparandum,
1255 2661 1301 2698 de
1348 2661 1453 2699 dono
1501 2659 1617 2708 regis.
1709 2659 1826 2697 Teste
1884 2672 1972 2708 rege
2029 2659 2134 2709 apud

432 2724 634 2770 Keniton’‚
676 2725 772 2775 xvij.
813 2725 874 2762 die
912 2724 1072 2774 Aprilis.

546 2865 619 2900 Pro
657 2865 784 2900 abbate
821 2865 862 2900 de
897 2864 1071 2900 Fam-nes&
1090 2862 1373 2899 —Mandatum
1408 2864 1467 2899 est
1498 2861 1581 2899 Ade
1612 2860 1696 2898 filio
1727 2860 1839 2898 Ormi
1869 2859 1915 2897 de
1946 2859 2133 2907 Kelleth’,

432 2927 593 2965 baillivo
627 2925 855 2975 wapeltacci
894 2926 941 2963 de
981 2924 1202 2970 LonisdaF,
1242 2924 1347 2973 quod
1385 2923 1524 2961 eodem
1568 2923 1686 2961 modo
1735 2922 1949 2960 intendens
1997 2922 2048 2959 sit
2096 2925 2134 2960 et

431 2989 676 3038 respondens
715 2987 849 3025 abbati
888 2988 934 3025 de
973 2987 1139 3024 Furnes'
1179 2990 1218 3024 et
1257 2985 1430 3023 baillivis
1470 2985 1552 3023 suis
1590 2985 1637 3022 de
1687 2984 1808 3022 ballia
1855 2984 1902 3021 de
1951 2983 2131 3029 Furnes',

430 3064 508 3101 quo
537 3051 738 3100 predictus
768 3050 915 3088 Ormus
957 3052 1070 3099 pater
1109 3062 1204 3086 suus
1244 3048 1300 3086 eis
1338 3048 1416 3086 fuit
1454 3048 1668 3086 intendens
1705 3050 1744 3085 et
1784 3046 2026 3095 respondens
2065 3058 2133 3095 per

431 3116 663 3162 preceptum
701 3111 817 3160 regis,
858 3114 1071 3161 postquam
1110 3123 1177 3148 rex
1216 3110 1410 3148 concessit
1449 3110 1625 3159 predicto
1664 3108 1797 3147 abbati
1828 3108 2063 3156 homagium
2094 3110 2133 3145 et

431 3175 639 3213 servitium
684 3173 892 3212 Michaelis
934 3173 969 3210 le
1017 3172 1266 3221 Flemmeng’
1316 3175 1354 3210 et
1402 3171 1593 3209 heredum
1642 3182 1806 3208 suorum
1854 3181 1923 3218 per
1978 3171 2129 3207 cartam

430 3237 532 3286 regis
561 3249 683 3285 quam
712 3235 805 3273 inde
834 3234 966 3280 habet,
996 3239 1035 3273 et
1065 3234 1167 3273 sicut
1197 3234 1303 3272 idem
1333 3237 1445 3283 pater
1478 3246 1574 3271 suus
1605 3232 1769 3270 domino
1802 3231 1883 3279 regi
1918 3230 2131 3268 intendens

429 3298 506 3336 fuit
557 3302 596 3336 et
649 3297 894 3346 respondens
937 3297 984 3334 de
1031 3296 1152 3334 ballia
1199 3296 1377 3345 predicta
1423 3298 1516 3333 ante
1563 3294 1783 3343 predictam
1831 3291 2128 3330 concessionem

429 3360 545 3409 regis.
605 3360 721 3398 Teste
758 3371 848 3408 rege
886 3359 991 3408 apud
1034 3357 1450 3402 Westmonasterium,
1491 3356 1601 3405 xviij.
1640 3355 1702 3392 die
1740 3354 1901 3402 Aprilis.

461 3444 478 3473 b
525 3460 537 3471 2
