2375 3587
232 190 312 228 208

293 319 436 368 1235.

289 387 347 426 [m.
362 385 433 426 243

280 2058 327 2099 [ιη
353 2056 425 2100 23]

1165 197 1349 240 CLOSE
1395 198 1598 240 ROLLs.

636 389 692 426 De
738 398 955 428 coronatore
997 392 1474 440 eligsen‹Io—Mandatum
1522 395 1581 430 est
1618 392 1845 431 vicecomiti
1884 393 1998 432 Linc'
2040 394 2144 443 quod
2181 394 2223 431 in

527 449 646 498 pleno
695 451 889 490 comitatu
939 465 1010 490 suo
1053 456 1092 490 et
1125 465 1193 502 per
1231 465 1439 490 assensum
1478 453 1602 491 totius
1651 454 1867 493 comitatus
1916 455 2083 504 predicti
2132 456 2225 505 eligi

526 511 647 550 faciat
699 513 745 550 de
794 513 1039 552 fidelioribus
1088 517 1126 552 et
1176 514 1473 552 discretioribus
1527 514 1726 553 militibus
1778 516 1957 565 ejusdem
2009 517 2225 556 comitatus

523 573 610 611 loco
658 574 844 623 Hugonis
893 576 940 613 de
991 576 1194 624 Haringff,
1235 576 1302 624 qui
1341 576 1556 625 languidus
1605 580 1676 622 est,
1729 580 1773 615 ut
1821 577 1980 623 dicitur,
2020 579 2223 627 quondam

522 637 767 674 coronatoris
814 637 916 685 regis
963 638 1142 686 ejusdem
1184 638 1414 684 comitatus,
1455 651 1583 676 unum
1623 643 1900 677 coronatorem
1945 640 2013 689 qui
2056 640 2223 689 prestito

521 701 784 744 sacramento,
826 699 928 737 sicut
966 699 1053 736 fieri
1101 698 1216 737 debet
1265 702 1303 737 et
1353 700 1465 746 solet,
1507 702 1656 738 extunc
1695 701 1816 739 faciat
1858 704 1897 739 et
1935 704 2141 740 conservet
2178 715 2223 740 ea

521 772 596 808 que
633 760 683 797 ad
720 772 906 798 coronam
956 760 1059 810 regis
1104 761 1307 809 pertinent
1355 761 1397 799 in
1447 762 1586 800 eodem
1636 763 1844 809 comitatu,
1883 766 1923 801 et
1961 764 2084 801 talem
2130 776 2221 801 eum

522 820 570 857 ad
609 820 683 859 hoc
721 821 813 870 eligi
853 821 973 860 faciat
1022 821 1090 872 qui
1139 822 1188 860 ad
1237 823 1312 861 hoc
1361 823 1506 861 melius
1556 823 1655 861 sciat
1703 826 1742 862 et
1779 824 1876 863 velit
1925 824 2144 872 intendere,
2183 827 2222 863 et

521 895 666 921 nomen
719 886 805 933 ejus
857 884 939 932 regi
992 883 1090 922 scire
1141 883 1276 923 faciat.
1376 885 1492 923 Teste
1545 898 1634 934 rege
1687 886 1793 935 apud
1845 886 2027 936 Burgum
2082 886 2221 926 Sancti

521 945 639 982 Petri.
700 945 784 995 xiij.
825 945 887 983 die
926 945 1178 985 Novembris.

629 1070 704 1105 I'ro
743 1070 905 1117 llugsone
946 1070 1052 1106 H'als’
1088 1078 1120 1107 et
1161 1085 1272 1108 lavore
1309 1071 1687 1121 ‹jusu—Margareta
1725 1071 1809 1110 filia
1846 1074 1884 1111 et
1918 1085 1999 1110 una
2030 1072 2219 1110 heredum

521 1130 703 1168 Nicholai
748 1131 795 1169 de
847 1130 1064 1178 Stutevill’,
1104 1133 1218 1183 cujus
1271 1133 1456 1171 custodia
1509 1136 1548 1171 et
1601 1133 1862 1183 maritagium
1906 1147 1973 1172 rex
2024 1135 2221 1173 concessit

521 1192 723 1230 Willelmo
761 1193 808 1230 de
846 1192 1012 1239 Mastac,
1055 1198 1214 1233 mortua
1252 1198 1324 1233 est.
1403 1196 1458 1233 Et
1498 1195 1586 1234 ideo
1618 1196 1859 1235 mandatum
1898 1200 1957 1235 est
1995 1196 2221 1235 vicecomiti

519 1254 640 1292 Ebor'
689 1255 793 1303 quod
845 1255 1007 1304 Hugoni
1058 1256 1173 1294 Wak’
1223 1259 1261 1295 et
1311 1257 1498 1295 »Iohanne
1546 1258 1659 1295 uxori
1718 1258 1818 1307 ejus,
1872 1258 1953 1296 filie
2008 1261 2046 1297 et
2102 1258 2219 1296 alteri

518 1317 709 1354 heredum
748 1317 912 1365 predict-i
951 1317 1151 1364 Nicholai‚
1191 1319 1237 1356 de
1277 1322 1361 1357 tota
1400 1323 1516 1364 terra,
1553 1332 1628 1368 que
1673 1319 1751 1357 fuit
1795 1320 1837 1357 in
1880 1333 2005 1358 manu
2050 1320 2219 1369 predicti

518 1378 711 1415 Willelnii
749 1378 795 1416 de
826 1381 980 1417 Mastac
1013 1380 1219 1418 occasione
1250 1381 1425 1430 predicte
1460 1381 1731 1420 concessionis
1769 1383 1872 1431 regis
1911 1383 1997 1420 sine
2026 1382 2218 1421 dilatione

518 1440 679 1489 plenam
720 1440 909 1478 seisinam
962 1441 1106 1479 habere
1155 1442 1290 1488 faciat,
1330 1443 1451 1480 salvis
1505 1443 1634 1481 eidem
1675 1443 1881 1482 Willelmo
1934 1444 2091 1483 catallis
2136 1443 2218 1482 suis

517 1515 592 1552 que
631 1501 749 1540 habet
788 1502 829 1539 in
868 1503 1005 1541 eadem
1045 1507 1163 1542 terra.
1233 1504 1350 1542 Teste
1391 1517 1479 1552 rege
1519 1508 1561 1543 ut
1598 1518 1731 1554 supra.

629 1624 680 1659 I>e
717 1625 918 1671 quercubus
954 1626 1055 1661 {latis
1093 1626 1219 1662 abbati
1257 1626 1298 1661 fle
1341 1625 1798 1663 'mmm’.—ix1a11datu1n
1833 1628 1893 1664 est
1921 1626 1958 1664 J.
1994 1627 2041 1664 de
2072 1626 2214 1665 Nevill‘

516 1684 620 1733 quod
658 1685 828 1734 sparsim
867 1688 906 1723 et
943 1698 1012 1734 per
1048 1686 1134 1724 loca
1172 1686 1326 1724 diversa
1365 1686 1432 1724 ubi
1478 1687 1526 1724 ad
1572 1687 1707 1725 minus
1746 1691 2036 1726 nocumentum
2072 1688 2216 1726 foreste

517 1747 757 1796 Norhampt'
816 1751 854 1785 et
911 1748 977 1785 ubi
1036 1750 1288 1787 commodius
1351 1749 1399 1787 ad
1458 1762 1556 1798 opus
1613 1748 1769 1788 abbatis
1826 1750 1873 1788 de
1922 1750 2080 1801 Tornay
2131 1751 2217 1789 fieri

516 1810 674 1858 poterit,
729 1809 851 1848 faciat
908 1810 1036 1848 eidem
1094 1811 1240 1849 habere
1296 1812 1382 1861 xiij.
1436 1825 1605 1861 quercus
1662 1812 1703 1849 in
1770 1812 1910 1850 eadem
1968 1813 2116 1851 foresta
2167 1813 2215 1851 ad

515 1871 805 1920 reparationem
845 1873 1055 1911 domorum
1107 1887 1271 1911 suarum
1324 1874 1371 1912 de
1424 1874 1630 1924 Tuywell’,
1677 1886 1752 1923 que
1791 1874 1998 1913 combuste
2038 1875 2214 1921 fuerunt,

515 1933 561 1971 de
600 1934 704 1972 dono
743 1934 859 1983 regis.
937 1935 1053 1973 Teste
1092 1948 1181 1985 rege
1221 1939 1265 1974 ut
1304 1949 1437 1985 supra.

624 2056 701 2091 J’ro
739 2056 868 2092 comite
907 2056 1265 2094 Allwmarl'.—ch
1295 2055 1523 2094 vicecomiti
1554 2056 1716 2094 Kancie.
1785 2056 1888 2103 Quia
1917 2069 1983 2094 rex
2013 2056 2215 2095 <lominica

513 2128 585 2153 sua
630 2129 698 2164 per
736 2116 925 2165 Angliam
965 2117 1112 2154 tallia-ri
1160 2117 1267 2161 fecit,
1308 2118 1504 2156 concessit
1544 2118 1762 2163 Willelmo,
1804 2118 1942 2156 comiti
1980 2117 2210 2164 Albemarl',

514 2177 751 2215 rationabile
791 2179 983 2216 auxilium
1025 2179 1071 2216 de
1101 2179 1335 2217 hominibus
1374 2180 1455 2217 suis
1485 2180 1531 2219 de
1571 2180 1809 2218 Derteford'.
1880 2180 1935 2218 Et
1974 2180 2211 2217 mandatum

514 2242 573 2277 est
625 2240 750 2277 eidem
798 2240 1020 2278 vicecomiti
1070 2241 1173 2290 quod
1227 2241 1404 2290 predicto
1463 2242 1602 2279 comiti
1647 2241 1882 2279 rationabile
1925 2241 2118 2279 auxilium
2166 2242 2213 2279 de

514 2301 748 2340 hominibus
787 2302 869 2340 suis
908 2303 1096 2352 predictis
1135 2304 1182 2341 de
1211 2303 1433 2341 Derteford’
1467 2304 1587 2342 faciat
1617 2303 1774 2342 habere.
1852 2304 1968 2342 Teste
2002 2306 2046 2341 ut
2077 2316 2210 2352 supra.

623 2426 675 2462 Μ’
721 2427 841 2462 damis
884 2426 1295 2463 ‹latim—Mandatum
1334 2430 1394 2464 est
1432 2427 1470 2466 -J,
1507 2427 1554 2464 de
1592 2426 1752 2472 Nevill’‚
1791 2425 2015 2476 justiciario
2054 2426 2212 2472 foreste,

514 2486 618 2535 quod
665 2487 705 2523 in
754 2487 903 2524 foresta
939 2487 986 2525 de
1025 2483 1267 2526 Wichewod'
1309 2488 1430 2526 faciat
1467 2488 1612 2526 habere
1651 2488 1713 2526 W.
1754 2487 1893 2526 comiti
1937 2488 1983 2525 de
2023 2487 2210 2534 Ferariis,

514 2549 649 2586 decem
702 2548 841 2586 damas
891 2553 929 2586 et
981 2552 1059 2587 tres
1108 2550 1247 2587 damos
1295 2550 1341 2587 de
1390 2550 1494 2588 dono
1544 2550 1648 2598 regis
1702 2550 1751 2587 ad
1796 2549 1997 2598 quendam
2043 2561 2208 2598 parcum

515 2622 632 2647 suum
672 2610 993 2647 instaurandum.
1072 2611 1192 2648 Teste
1226 2624 1315 2660 rege
1354 2611 1459 2660 apud
1500 2611 1647 2656 Sautr',
1690 2611 1789 2660 xiiij.
1830 2610 1892 2648 die
1931 2609 2181 2648 Novembris.

626 2730 680 2766 1η»
719 2730 877 2777 tallagrio
916 2729 1256 2776 ‹·‹»11·r‚s·.s=o.—Quia
1294 2743 1360 2767 rex
1395 2729 1597 2767 dominica
1636 2742 1707 2767 sua
1753 2741 1822 2778 per
1870 2732 2017 2767 terram
2066 2728 2209 2778 Anglie

512 2791 608 2830 facit
647 2790 806 2836 miliari,
847 2790 1085 2828 mandatum
1125 2796 1184 2829 est
1231 2791 1455 2829 vicecomiti
1502 2790 1704 2829 Warewic'
1753 2790 1858 2839 quod
1910 2790 2114 2829 Willelmo
2162 2790 2209 2828 de

513 2852 699 2891 Boterell’
750 2852 797 2889 de
846 2852 1078 2890 hominibus
1126 2853 1295 2890 manerii
1348 2853 1408 2890 sui
1461 2853 1507 2890 de
1557 2853 1792 2898 Alencestr',
1841 2852 1946 2901 quod
1993 2851 2208 2901 aliquando

508 2915 586 2952 fuit
614 2913 862 2952 dominicum
891 2914 1213 2963 predecessorum
1244 2915 1361 2964 regis,
1392 2928 1531 2963 regum
1553 2914 1709 2964 Anglie,
1732 2913 1968 2952 rationabile
1997 2913 2207 2963 tallagium

512 2976 657 3014 habere
695 2975 829 3013 faciat.
906 2975 1022 3013 Teste
1056 2979 1101 3014 ut
1139 2989 1272 3026 supra.

621 3097 677 3132 De
715 3097 837 3132 damis
876 3097 975 3133 (latis
1013 3097 1055 3134 J.
1101 3099 1229 3134 comiti?
1278 3095 1709 3134 Cestr'.—Mandatum
1754 3097 1813 3132 est
1861 3093 1900 3132 J.
1949 3094 1996 3131 de
2044 3094 2205 3140 Nevill’,

510 3157 733 3207 justiciario
773 3156 931 3202 foreste,
972 3158 1076 3206 quod
1115 3158 1157 3195 in
1197 3159 1345 3196 foresta
1383 3158 1486 3207 regis
1517 3158 1564 3195 de
1602 3156 1872 3206 Rokyngham
1907 3155 2027 3193 faciat
2063 3155 2207 3193 habere

513 3220 550 3257 J.
591 3218 730 3256 comiti
779 3219 905 3256 Cestr’
954 3222 993 3256 et
1038 3219 1167 3257 Hunt‘
1222 3220 1358 3258 decem
1408 3220 1547 3257 damas
1591 3221 1629 3256 et
1678 3221 1757 3256 tres
1807 3217 1947 3254 damos
1997 3217 2107 3255 vivos
2157 3216 2206 3254 ad

511 3293 676 3330 parcum
715 3292 834 3317 suum
872 3280 919 3317 de
957 3281 1237 3331 Fodringheye
1275 3281 1599 3326 instaurandum,
1638 3280 1685 3317 de
1731 3280 1838 3317 dono
1885 3278 2001 3327 regis,
2090 3278 2206 3316 Teste

514 3355 602 3391 rege
641 3342 746 3392 apud
786 3341 1031 3392 Buggeden’,
1073 3356 1136 3382 xv.
1176 3343 1238 3381 die
1276 3342 1526 3383 Novembris
