2375 3587
143 341 289 389 1237.

133 410 192 449 [m.
211 405 304 446 lod]

176 2861 234 2899 [m.
253 2858 322 2897 sd]

1027 220 1078 259 21
1123 218 1328 259 HENRY
1365 217 1447 259 III.
2004 218 2083 257 541

489 414 573 452 Rex
612 413 837 452 vicecomiti
879 413 1088 459 Suthant'‚
1128 414 1313 451 salutem.
1384 413 1537 450 Datum
1577 416 1637 451 est
1676 412 1791 451 nobis
1830 411 2005 461 intelligi
2043 424 2090 450 ex

383 479 495 525 parte
533 476 669 514 dilecti
717 480 755 514 et
794 476 922 513 fidelis
970 476 1097 514 nostri
1138 475 1303 513 Henrici
1344 475 1391 512 de
1430 475 1598 512 Ferlint’
1639 475 1744 525 quod
1784 478 1842 520 tu,
1883 474 2092 512 occasione

383 539 592 586 cujusdam
646 539 821 587 precepti
887 538 992 587 quod
1044 551 1172 587 nuper
1225 537 1297 575 tibi
1350 537 1533 582 fecimus,
1582 537 1687 586 (111οᾶ
1739 537 1892 575 scilicet
1938 538 2092 574 cartam

384 603 565 638 nostram
604 613 725 650 quam
760 600 846 638 fieri
885 599 1054 637 fecimus
1092 598 1282 637 omnibus
1317 599 1366 637 de
1404 611 1529 647 regno
1568 602 1706 636 nostro
1740 602 1825 636 tam
1864 598 1911 636 de
1946 597 2094 636 foresta

384 675 506 711 quam
555 662 603 700 de
654 662 744 699 aliis
812 661 1066 700 libertatibus
1115 661 1156 698 in
1210 662 1330 710 pleno
1382 660 1580 699 comitatu
1632 660 1710 709 legi
1761 663 1799 697 et
1849 672 1918 708 per
1965 663 2093 698 totam

385 724 565 762 bailliam
616 727 729 762 tuam
782 724 909 762 teneri
962 724 1125 769 faceres,
1179 723 1345 761 clamari
1399 722 1531 761 fecisti
1583 722 1625 759 in
1679 721 1817 760 baillia
1870 725 1940 759 tua
1990 721 2096 771 quod

386 799 526 824 omnes
577 786 728 824 milites
780 789 819 824 et
867 786 989 824 libere
1037 789 1220 824 tenentes
1272 785 1320 823 de
1371 784 1502 823 boscis
1556 785 1639 822 suis
1690 796 1767 833 que
1819 783 2097 821 deafforestate

388 850 552 887 fuerunt
603 862 673 898 per
724 849 929 899 quandam
986 847 1378 898 perambulationem
1436 847 1528 885 inde
1586 847 1749 892 factam,
1804 858 1880 895 (1110
1936 845 2098 895 (1111110111

388 911 681 961 perambulatio
754 915 892 960 postea
946 917 1130 949 revocata
1188 911 1279 956 fuit,
1343 923 1413 958 pro
1470 910 1680 947 voluntate
1747 921 1818 946 sua
1882 908 2100 945 venderent

388 978 427 1012 et
501 974 773 1023 disponerent,
857 973 914 1011 ita
993 973 1100 1022 quod
1168 973 1398 1010 Willelmus
1472 971 1718 1016 Talemach'‚
1788 970 1998 1008 Johannes
2054 970 2101 1007 de

390 1036 611 1086 Manebrig'
678 1039 716 1074 et
775 1035 842 1073 alii
900 1035 1049 1073 milites
1106 1038 1145 1074 et
1202 1034 1320 1073 libere
1377 1037 1560 1072 tenentes
1616 1033 1684 1083 qui
1742 1032 1881 1071 boscos
1952 1031 2103 1070 habent

389 1099 495 1137 infra
532 1102 660 1137 metas
700 1099 845 1136 foreste
885 1101 1020 1136 nostre
1059 1098 1105 1135 de
1158 1098 1196 1135 la
1235 1098 1335 1134 Bere
1374 1097 1582 1135 occasione
1620 1095 1795 1146 predicte
1849 1094 2103 1133 clamationis

390 1163 437 1200 de
503 1161 651 1200 eisdem
717 1160 846 1199 boscis
912 1160 994 1198 suis
1059 1163 1220 1198 vastum
1290 1160 1472 1198 fecerunt
1543 1162 1582 1197 et
1648 1157 1936 1196 venditionem.
2049 1156 2104 1194 Et

390 1224 484 1274 quia
577 1236 657 1262 non
751 1222 1027 1261 intelleximus
1120 1235 1188 1271 per
1281 1222 1506 1271 predictum
1593 1222 1826 1270 preceptum
1921 1222 2104 1256 nostrum

391 1286 671 1324 deafforestare
728 1284 867 1323 boscos
923 1298 991 1334 per
1044 1284 1266 1333 predictam
1332 1282 1719 1333 perambulationem
1803 1281 2106 1319 deafforestatos

392 1363 468 1399 que
542 1348 703 1398 quidem
778 1350 916 1396 postea
992 1350 1175 1385 revocata
1260 1346 1350 1390 fuit,
1428 1349 1472 1383 ut
1558 1344 1783 1394 predictum
1868 1345 1939 1389 est,
2033 1341 2107 1380 tibi

394 1411 637 1462 precipimus
672 1410 778 1460 1111οᾶ
816 1409 1036 1459 predictam
1076 1408 1363 1447 clamationem
1403 1408 1488 1446 sine
1527 1407 1722 1445 dilatione
1761 1405 1939 1444 revocari
1969 1404 2105 1450 facias,

368 1476 433 1511 .et
472 1472 643 1510 firmiter
680 1470 883 1520 prohiberi
922 1483 971 1508 ne
1009 1470 1098 1520 quis
1138 1470 1247 1507 infra
1305 1469 1495 1518 predictis
1543 1471 1672 1506 metas
1708 1468 1856 1505 foreste
1895 1469 2033 1504 nostre
2062 1466 2110 1504 de

395 1535 524 1574 boscis
563 1534 645 1572 suis
683 1536 844 1571 vastum
892 1533 953 1571 vel
1010 1532 1284 1571 venditionem
1333 1532 1455 1570 faciat
1504 1531 1580 1569 nisi
1621 1530 1843 1569 secundum
1883 1529 2013 1578 legem
2071 1531 2110 1566 et

395 1597 729 1637 consuetudinem
769 1596 927 1642 foreste,
966 1602 1037 1634 ne'c
1075 1595 1222 1644 aliquis
1254 1594 1403 1633 ibidem
1440 1607 1533 1633 cum
1572 1592 1739 1632 canibus
1770 1592 1819 1630 ad
1849 1591 2110 1630 venationem

395 1660 631 1710 capiendam
680 1661 827 1697 currat.
904 1658 973 1703 Et,
1014 1657 1046 1695 si
1085 1670 1183 1707 (11105
1232 1657 1433 1695 inveneris
1474 1656 1580 1693 infra
1618 1655 1816 1705 predictas
1851 1656 1979 1692 metas
2019 1666 2110 1692 cum

396 1722 563 1762 canibus
601 1724 820 1770 currentes,
859 1720 966 1770 ipsos
1005 1719 1139 1769 capias
1177 1722 1215 1757 et
1255 1719 1366 1757 salvo
1424 1718 1627 1757 custodias
1678 1718 1804 1755 donec
1853 1716 1963 1754 aliud
2020 1715 2112 1753 inde

397 1784 715 1836 preceperimus3
779 1786 816 1821 et
874 1783 930 1820 ita
986 1785 1023 1820 te
1081 1782 1122 1819 in
1176 1781 1332 1831 prefato
1398 1780 1561 1829 negotio
1619 1780 1767 1818 habeas
1836 1791 1885 1816 ne
1952 1781 2113 1827 propter

398 1847 692 1898 negligenciam
732 1849 844 1883 tuam
883 1845 933 1883 ad
973 1848 1010 1883 te
1068 1858 1140 1882 nos
1197 1856 1336 1893 capere
1384 1842 1614 1881 debeamus.
1709 1843 1824 1880 Teste
1873 1853 1963 1890 rege
2007 1841 2112 1890 apud

399 1908 646 1954 Wudestok',
687 1907 771 1958 xiiij
813 1907 876 1945 die
915 1907 1028 1944 Julii.

509 2006 565 2044 Et
617 2004 857 2043 mandatum
914 2006 973 2041 est
1030 2002 1233 2040 viridariis
1298 2001 1477 2052 ejusdem
1544 2000 1650 2050 quod
1718 2012 1858 2037 omnes
1924 1998 2115 2037 articulos

400 2072 612 2108 contentos
651 2067 692 2104 in
727 2066 835 2104 brevi
875 2065 1100 2104 vicecomiti
1154 2067 1353 2114 quantum
1403 2064 1444 2101 in
1504 2076 1544 2101 se
1583 2066 1643 2101 est
1681 2061 1894 2101 observent
1933 2064 1972 2100 et
2010 2062 2116 2111 1111οᾶ

401 2132 484 2171 sint
522 2131 563 2168 in
603 2129 799 2168 auxilium
839 2129 995 2167 custodi
1035 2128 1210 2178 predicte
1250 2127 1395 2165 foreste
1445 2126 1494 2164 ad
1545 2138 1611 2164 eos
1660 2124 1874 2174 capiendos
1913 2124 1983 2174 qui
2022 2137 2115 2162 011111

402 2193 570 2233 canibus
608 2191 806 2231 currerint
846 2191 952 2228 infra
991 2193 1120 2228 metas
1159 2189 1334 2239 predicte
1373 2189 1521 2227 foreste
1569 2188 1618 2225 ad
1658 2186 1916 2225 venationem
1956 2186 2114 2235 capien-

403 2257 511 2295 dam.
589 2255 707 2293 Teste
747 2259 789 2292 ut
827 2266 961 2303 supra.

518 2351 717 2389 walterus
755 2350 803 2387 de
842 2349 1039 2387 Ridewar'
1071 2347 1294 2386 attornavit
1325 2359 1460 2385 coram
1500 2359 1589 2395 rege
1623 2345 1842 2394 Hugonem
1872 2345 1920 2382 de
1950 2344 2116 2393 Morleg'

406 2415 456 2452 ad
493 2412 735 2451 lucrandum
774 2411 836 2448 vel
875 2410 1125 2459 perdendum
1166 2409 1206 2446 in
1247 2408 1407 2458 loquela
1445 2421 1520 2457 (1110
1568 2409 1628 2445 est
1676 2406 1717 2443 in
1766 2406 1964 2444 comitatu
2016 2405 2116 2445 Suff’

406 2477 512 2514 inter
556 2473 787 2513 Galfridum
839 2473 974 2518 Pech'‚
1016 2474 1237 2521 petentem,
1270 2474 1308 2509 et
1339 2470 1473 2519 ipsum
1506 2469 1733 2508 Walterum
1781 2473 1819 2505 et
1859 2467 2116 2513 Matillidem,

408 2551 572 2576 uxorem
630 2537 730 2586 ejus,
790 2537 986 2580 tenentes,
1045 2534 1091 2571 de
1150 2546 1232 2571 una
1288 2536 1478 2571 carucata
1526 2535 1627 2571 terre
1685 2531 1725 2568 in
1784 2530 2100 2569 Ketlebereston'
2123 2559 2131 2567 .

410 2601 526 2639 Teste
564 2611 655 2648 rege
694 2598 799 2647 apud
838 2595 1086 2642 Wudestok’,
1128 2609 1191 2633 xv.
1233 2594 1297 2632 die
1336 2594 1450 2632 Julii.

518 2695 688 2734 Matillis
736 2706 836 2732 uxor
883 2693 1066 2743 ejusdam
1116 2691 1283 2730 Walter-i
1323 2689 1545 2728 attornavit
1593 2702 1726 2728 coram
1765 2701 1855 2738 rege
1912 2688 2119 2728 Simonem

410 2760 457 2798 de
495 2758 637 2797 Dereb'
678 2757 720 2794 in
760 2756 898 2794 eadem
938 2754 1112 2804 loquela.
1172 2754 1291 2792 Teste
1333 2760 1375 2790 ut
1415 2765 1550 2802 supra.

520 2855 763 2892 Mandatum
811 2856 870 2890 est
917 2851 1103 2900 episcopo
1152 2849 1439 2887 Herefordensi
1486 2848 1606 2898 quod,
1660 2847 1867 2886 occasione
1926 2845 2122 2883 adventus

413 2917 535 2966 legati
574 2917 616 2953 in
656 2915 860 2964 Angliam‚
902 2914 943 2950 in
984 2914 1097 2961 cujus
1136 2923 1348 2950 occursum
1388 2919 1457 2948 rex
1497 2910 1627 2948 tendit
1665 2922 1804 2947 versus
1833 2910 1967 2957 partes
1998 2906 2120 2944 Dovr’

414 2992 486 3029 pro
535 2978 670 3016 arduis
718 2976 894 3026 negociis
942 2978 1094 3013 statum
1152 2973 1256 3023 regis
1305 2976 1343 3010 et
1399 2972 1513 3021 regni
1562 2971 1789 3021 specialiter
1845 2967 2120 3018 tangentibus,

415 3040 645 3092 prorogavit
692 3053 761 3077 rex
807 3038 914 3075 diem
962 3035 1151 3085 colloquii
1200 3035 1305 3072 inter
1353 3033 1487 3083 ipsum
1551 3047 1686 3083 regem
1731 3036 1769 3071 et
1810 3033 1856 3070 L.
1898 3030 2121 3081 principem

418 3105 465 3142 (10
503 3103 721 3141 Aberfraw'
772 3103 811 3138 et
859 3100 1068 3137 dominum
1115 3098 1163 3135 de
1213 3097 1444 3142 Snowdon’,
1492 3109 1615 3145 usque
1655 3096 1695 3132 in
1735 3109 1798 3133 xv.
1840 3094 1923 3131 dies
1960 3106 1983 3130 a
2022 3093 2123 3131 festo

420 3163 720 3214 Assumptionis
768 3163 891 3200 Beate
941 3161 1066 3198 Marie
1114 3159 1297 3209 proximo
1345 3158 1515 3196 instanti
1560 3158 1666 3207 apud
1707 3155 1982 3207 Wygorniam.
2069 3156 2125 3193 Et

419 3229 514 3279 quia
552 3240 634 3265 non
673 3228 733 3264 est
771 3236 930 3262 necesse
968 3223 1073 3273 quod
1111 3222 1153 3259 in
1192 3221 1364 3260 instanti
1404 3221 1506 3259 festo
1552 3219 1690 3258 Sancti
1739 3217 1879 3256 ›Jacobi
1928 3217 1980 3255 sit
2018 3217 2124 3266 apud

422 3289 629 3339 Salopiam
674 3288 724 3325 ad
771 3286 1015 3325 conductum
1064 3284 1292 3323 faciendum
1340 3283 1500 3328 David',
1550 3282 1634 3320 filio
1680 3280 1777 3319 dicti
1834 3279 2040 3329 principis,
2086 3281 2125 3317 et

420 3351 561 3391 ceteris
600 3347 854 3388 Walensibus
892 3360 984 3385 cum
1023 3359 1069 3384 eo
1106 3345 1300 3391 venturis,
1342 3344 1446 3383 sicut
1485 3344 1584 3382 alias
1622 3343 1658 3381 ei
1697 3354 1764 3380 rex
1803 3341 2025 3387 mandavit,
2057 3353 2125 3378 rex

421 3426 513 3452 eum
561 3414 674 3462 rogat
721 3409 827 3460 quod
882 3409 925 3447 in
982 3407 1136 3447 octabis
1184 3406 1488 3456 Assumptionis
1543 3405 1668 3443 Beate
1724 3402 1851 3441 Marie
1907 3402 1961 3441 sit
2017 3402 2123 3452 apud

444 3500 557 3532 ,μ’
