2375 3587
176 318 317 365 1235.

165 386 225 426 [m.
254 384 324 426 ir]

1050 192 1101 232 19
1143 189 1351 230 HENRY
1392 189 1474 230 HI.
2062 190 2115 230 93

418 389 683 439 quadraginta
715 401 898 426 acrarum
929 388 1050 434 bosci,
1081 400 1180 437 quas
1210 387 1397 425 dominus
1428 399 1495 423 rex
1524 385 1559 423 ei
1588 388 1836 423 concesserat
1866 384 2118 422 essartandas

416 451 460 488 in
518 450 635 489 bosco
692 463 763 488 suo
820 450 867 488 de
924 449 1080 495 Ceddr‘,
1139 448 1331 498 quamdiu
1388 447 1582 486 vestitura
1638 446 1708 484 illa
1763 445 1978 484 duraverit.
2064 445 2118 483 Et

417 512 657 550 mandatum
691 515 750 550 est
790 512 960 550 Ricardo
999 512 1045 549 de
1086 511 1297 549 Wrotham
1336 510 1440 559 quod
1475 509 1514 546 id
1553 522 1576 546 a
1613 508 1790 558 predicto
1819 508 2003 557 episcopo
2033 507 2118 545 fieri

417 575 627 624 permittat
685 575 771 612 sine
839 575 1141 623 impedimento,
1210 572 1403 622 quamdiu
1472 571 1668 610 vestitura
1724 570 1994 620 predictarum
2065 570 2117 607 xl.

418 650 602 676 acrarum
649 637 865 683 duraverit,
906 637 1009 675 sicut
1048 636 1272 686 predictum
1310 638 1383 673 est.
1462 634 1579 673 Teste
1617 636 1662 672 ut
1697 646 1830 683 supra.

526 762 604 798 Pro
636 763 794 799 Habet-to
828 763 869 798 de
900 759 1418 798 Larinum·.—Mandatum
1448 760 1508 796 est
1541 756 1715 795 Roberto
1749 757 1796 795 de
1828 756 2119 805 Everingham’

415 826 454 862 et
501 823 679 862 Henrico
726 823 773 861 de
820 822 1056 871 Lamelegh‘
1098 821 1204 871 quod
1251 820 1397 859 habere
1444 820 1595 858 faciant
1642 818 1815 857 Roberto
1862 818 1910 857 de
1959 817 2118 856 Lexint’

414 888 555 935 quater
601 885 746 935 viginti
793 897 962 935 quercus
1010 884 1051 921 in
1090 883 1208 922 bosco
1242 883 1345 932 regis
1384 882 1431 920 de
1479 881 1710 919 Mamefeld'
1759 881 1809 918 ad
1856 880 2120 918 maeremium

414 948 506 985 inde
546 948 775 986 faciendum
817 947 866 985 ad
906 959 945 984 se
984 945 1275 995 hospitandum
1314 944 1421 994 apud
1471 943 1705 992 Warcshop‘
1755 943 1802 980 de
1850 943 1955 981 dono
2003 942 2119 990 regis,

414 1013 453 1047 et
500 1010 708 1059 permittat
755 1009 927 1047 eundem
972 1008 1194 1046 Robertum
1242 1008 1289 1045 de
1332 1006 1548 1044 Lexinton'
1594 1018 1733 1055 capere
1771 1005 2035 1043 inaercmiuni
2079 1005 2120 1041 in

414 1071 532 1110 bosco
571 1085 642 1110 suo
680 1072 839 1121 proprio
878 1072 925 1109 de
963 1070 1212 1120 Warcshop',
1254 1072 1452 1119 quantum
1492 1081 1675 1107 neccesse
1705 1067 1825 1105 fuerit
1855 1070 1893 1106 et
1923 1066 2038 1116 quale
2068 1065 2122 1103 ibi

414 1134 562 1184 poterit
600 1134 772 1173 inveniri
810 1134 860 1172 ad
894 1146 934 1172 se
965 1132 1256 1181 hospitandum
1290 1131 1466 1176 ibidem3
1507 1133 1546 1169 et
1585 1130 1677 1168 inde
1707 1129 1792 1167 sine
1832 1129 2123 1179 impedimento

413 1195 652 1245 chiminagii
691 1195 884 1235 abducere
922 1197 960 1233 et
999 1195 1219 1233 extrahere.
1279 1195 1393 1231 Teste
1427 1204 1518 1242 rege
1556 1192 1661 1241 apud
1700 1189 2121 1236 Westmonasterium,

414 1258 495 1296 xix.
536 1258 598 1296 die
638 1258 750 1296 Maii.

524 1337 608 1375 Rex
646 1338 842 1376 concessit
879 1337 1076 1387 magistro
1122 1336 1280 1375 Simoni
1327 1334 1578 1385 carpentario
1625 1333 1904 1372 liberationem
1951 1332 2123 1370 duarum

415 1400 715 1438 denariatarum
753 1413 851 1450 quas
890 1400 1084 1438 Ricardus
1123 1399 1170 1437 de
1213 1397 1470 1437 Scackernun
1509 1397 1710 1446 percipere
1750 1395 1902 1434 solebat
1951 1393 2123 1444 singulis

414 1461 555 1501 diebus
593 1475 662 1512 per
699 1476 868 1501 inanum
908 1462 1149 1501 ballivorum
1190 1460 1429 1500 Windles’.⁴²’

524 1589 601 1625 Pro
632 1589 809 1636 magyz'stro
841 1588 989 1625 St'monoe
1019 1589 1061 1623 (le
1088 1585 1473 1634 Norleampt’.——Rex
1503 1582 1708 1622 commisit
1737 1582 1932 1632 magistro
1960 1581 2124 1621 Simone

414 1650 461 1688 de
490 1650 730 1699 Norhampt’
762 1649 986 1688 custodiam
1017 1648 1106 1686 aule
1136 1661 1204 1686 sue
1235 1647 1428 1686 Windles'
1459 1648 1498 1684 et
1537 1658 1691 1684 camere
1721 1647 1759 1683 et
1788 1646 1900 1694 porte
1930 1644 2125 1682 forinsece

413 1712 587 1761 ejusdem
641 1711 774 1757 castri,
825 1724 917 1749 cum
969 1710 1156 1749 domibus
1206 1723 1304 1760 quas
1359 1709 1555 1747 Ricardus
1604 1708 1652 1745 de
1704 1706 1961 1747 Scackernun
2014 1706 2125 1755 prius

413 1774 556 1812 habuit
592 1775 634 1811 in
682 1775 819 1812 eodem
868 1776 999 1812 castro
1045 1776 1084 1811 et
1132 1772 1221 1810 aliis
1269 1771 1525 1822 pertinentiis
1573 1769 1699 1812 suis.†
1783 1769 1838 1807 Et
1885 1769 2124 1806 mandatum

414 1840 473 1875 est
522 1836 821 1875 constabulario
873 1836 1065 1874 Windles'
1117 1835 1222 1885 quod
1277 1835 1312 1873 ei
1366 1834 1459 1872 inde
1518 1833 1679 1883 plenam
1733 1831 1925 1870 seisinam
1979 1830 2125 1869 habere

415 1900 552 1939 faciat.
638 1900 754 1938 Teste
790 1904 834 1937 ut
873 1911 1006 1948 supra.

526 2025 581 2061 De
610 2025 789 2061 tradendo
822 2026 863 2061 in
896 2021 1231 2069 baustum—Quia
1260 2034 1328 2059 rex
1357 2020 1509 2070 accepit
1538 2032 1607 2069 per
1635 2018 1942 2069 inquisitionem
1975 2017 2124 2056 factam

415 2099 483 2136 per
530 2089 760 2136 preceptum
809 2099 929 2124 suum
968 2085 1073 2135 quod
1111 2084 1342 2122 Willelmus
1379 2082 1625 2127 Trenchard,
1664 2084 1807 2131 captus
1855 2084 1894 2119 et
1939 2081 2125 2119 detentus

415 2150 456 2187 in
496 2150 661 2199 prisona
698 2149 855 2187 Exonie
900 2161 945 2186 eo
983 2148 1088 2198 quod
1136 2147 1360 2186 verberavit
1398 2145 1674 2184 Christianam
1718 2157 1884 2183 uxorem
1924 2142 2127 2182 Johannis

414 2212 477 2249 del
535 2211 714 2249 Orchard
770 2211 827 2249 ita
883 2210 988 2260 quod
1045 2210 1139 2248 fecit
1197 2209 1397 2254 abortum,
1452 2210 1497 2245 ut
1553 2207 1713 2252 dicitur,
1763 2205 1868 2243 unde
1925 2204 2127 2254 predictus

415 2274 624 2312 Johannes
672 2286 765 2311 eum
813 2273 1002 2322 appellat,
1051 2272 1143 2310 inde
1190 2271 1418 2321 appellatus
1465 2272 1525 2308 est
1573 2269 1663 2307 odio
1713 2270 1752 2306 et
1803 2267 1914 2305 athia
1959 2270 1998 2305 et
2045 2279 2126 2305 non

414 2340 514 2381 etc.;
574 2336 814 2374 mandatum
867 2339 926 2373 est
977 2334 1204 2373 vicecomiti
1260 2333 1440 2371 Devonie
1492 2332 1610 2381 quod,
1671 2330 1705 2369 si
1762 2330 1868 2368 idem
1919 2329 2127 2368 Johannes

415 2399 613 2437 invenerit
649 2399 684 2436 ei
722 2398 792 2448 xij.
833 2400 906 2436 etc.
947 2410 1081 2436 coram
1119 2396 1356 2447 justiciariis
1395 2395 1444 2433 ad
1483 2394 1657 2444 primam
1697 2393 1865 2432 assisam
1901 2395 1992 2438 etc„
2032 2395 2128 2430 tunc

416 2461 547 2500 tradat
584 2464 659 2499 etc.
746 2461 864 2499 Teste
900 2473 992 2509 rege
1032 2459 1137 2509 apud
1175 2457 1597 2502 Westmonasterfflm,
1638 2456 1719 2494 xix.
1758 2455 1822 2494 die
1858 2454 1969 2493 Maii.

526 2584 602 2621 Pro
644 2585 690 2621 P.
728 2585 807 2626 silio
847 2582 1339 2620 Hemerul—Mandatum
1377 2584 1436 2619 est
1476 2580 1655 2619 Johanni
1695 2579 1741 2617 de
1780 2578 1984 2618 Colemere
2022 2577 2127 2627 quod

415 2646 462 2684 de
500 2646 619 2692 vinis,
659 2658 734 2695 que
781 2647 956 2683 arestata
1002 2648 1097 2683 sunt
1145 2644 1251 2693 apud
1293 2643 1410 2681 Suht’
1448 2642 1497 2680 ad
1534 2654 1635 2691 opus
1673 2640 1790 2691 regis,
1830 2639 2040 2689 permittat
2080 2638 2125 2676 P.

415 2707 547 2746 filium
577 2707 789 2746 Hereberti
819 2706 965 2745 habere
995 2720 1031 2745 v.
1064 2706 1170 2745 dolia
1200 2705 1283 2744 vini
1314 2705 1363 2743 ad
1392 2704 1576 2742 denarios
1606 2716 1712 2742 suos.
1772 2703 1888 2741 Teste
1918 2704 1963 2740 ut
1994 2713 2126 2750 supra.

524 2833 603 2869 Pro
642 2834 765 2876 priore
797 2833 934 2870 Sancte
968 2833 1175 2869 Trinitatis
1210 2828 1702 2868 mauman-Mandatum
1737 2832 1798 2865 est
1829 2823 2128 2866 constabulario

417 2893 555 2931 Turris
593 2894 723 2931 Lond’
764 2893 870 2943 quod
910 2893 1020 2931 reddi
1059 2892 1181 2931 faciat
1219 2896 1258 2930 et
1301 2889 1512 2929 deliberari
1555 2889 1678 2939 priori
1728 2888 1875 2928 Sancte
1915 2885 2128 2925 Trinitatis

415 2956 545 2993 Lond'
593 2955 766 3005 placiam
812 2956 926 2994 illam
972 2969 1094 3005 quam
1135 2955 1219 3004 regi
1268 2952 1541 2992 commodavit
1588 2952 1638 2990 ad
1690 2951 1841 2989 calcem
1887 2948 2126 2993 faciendam,

416 3031 498 3055 una
545 3031 637 3057 cum
686 3019 805 3056 domo
852 3019 893 3055 in
936 3018 1075 3056 eadem
1123 3017 1253 3067 placia
1299 3017 1444 3060 levata,
1490 3014 1540 3052 ad
1592 3014 1822 3053 faciendum
1880 3011 1971 3049 inde
2021 3010 2127 3060 quod

416 3080 600 3118 voluerit.
674 3081 790 3118 Teste
829 3093 919 3129 rege
958 3080 1065 3129 apud
1104 3076 1526 3122 westmonasterium,
1568 3090 1632 3114 xx.
1675 3075 1738 3114 die
1776 3074 1888 3113 Maii,
1957 3073 2032 3111 Per
2062 3072 2124 3110 W.

417 3142 464 3180 de
504 3142 739 3181 Kirkehain.

504 3258 518 3273 *
537 3256 619 3287 This
643 3260 741 3298 enti-y
764 3257 791 3286 is
815 3255 987 3287 cancellcd
1020 3255 1123 3294 ‘Quia
1155 3255 1257 3286 aliter
1281 3254 1433 3296 proximo
1458 3251 1626 3284 infcrius.’
1672 3250 1743 3282 The
1766 3247 1874 3280 words
1903 3246 2126 3278 ‘ballivorum

416 3308 568 3340 Windles
580 3310 587 3323 ’
605 3320 660 3340 are
676 3308 885 3340 substituted
901 3309 955 3340 for
973 3318 978 3323 ·
993 3308 1239 3341 constabularii
1261 3307 1301 3338 W
1351 3332 1359 3338 .
1407 3330 1415 3337 .

513 3363 527 3399 †
549 3361 764 3392 ‘Habendam
788 3361 948 3402 quamdiu
972 3362 1041 3402 regi
1066 3360 1254 3401 plaeuerit,’
1281 3361 1306 3389 is
1329 3356 1497 3390 cancelled
1520 3357 1612 3388 here.

503 3457 578 3485 ‘lt
