2375 3587
160 309 305 358 1235.

152 375 211 417 [m.
228 374 302 416 23.]

1047 176 1102 215 20
1142 174 1225 215 HE
1232 175 1348 216 NRY
1389 176 1471 217 III.
2016 181 2097 220 209

502 386 582 422 Pro
620 386 829 423 hominibus
866 388 908 423 de
946 387 1300 427 &decliva—Rex
1340 388 1388 425 R.
1431 388 1478 426 de
1511 388 1728 427 Lexinton’
1769 393 1808 428 et
1847 390 1964 429 Sociis
2015 392 2098 429 suis

394 447 579 485 salutem.
656 446 760 493 Quia
804 447 1021 498 burgenses
1074 451 1234 487 nostros
1285 449 1333 487 de
1383 449 1577 496 Bristoll'‚
1619 463 1710 489 cum
1758 465 1886 501 nuper
1916 465 2097 491 essemus

391 508 434 546 in
455 508 639 558 partibus
666 508 760 556 illis,
792 510 941 548 talliari
979 510 1148 549 fecimus
1182 523 1306 561 usque
1341 511 1390 549 ad
1422 514 1621 550 trecentas
1655 525 1811 551 marcas
1846 516 1885 552 et
1910 514 2095 553 homines

392 572 440 609 de
491 570 705 610 Radeclive
755 571 920 611 fuerunt
969 573 1076 612 infra
1127 573 1341 623 tallagium
1386 573 1625 623 predictum,
1685 574 1797 613 vobis
1854 576 2096 615 mandamus

389 633 496 683 quod
534 633 742 672 occasione
780 634 964 673 mandati
998 635 1125 674 nostri
1163 636 1270 686 quod
1307 635 1422 675 vobis
1467 636 1635 675 fecimus
1684 637 1731 675 de
1779 637 2012 677 civitatibus
2058 642 2097 677 et

390 694 658 745 burgensibus
704 696 853 735 nostris
900 697 1120 744 talliandis‚
1169 698 1329 736 nullum
1387 698 1600 748 tallagium
1666 699 1715 737 ad
1764 712 1925 748 presens
1973 713 2093 750 super

391 757 576 796 homines
614 758 662 796 de
698 758 910 797 Radeolive
949 759 1170 799 assideatis.
1248 760 1365 799 Teste
1404 764 1449 799 ut
1486 773 1619 810 supra.

499 854 546 893 R.
581 854 656 891 Pro
684 854 863 892 Jolzanne
892 856 935 892 de
965 855 1118 901 Nevz‘ll',
1147 857 1189 892 de
1219 857 1383 894 domibus
1414 857 1512 904 reglis
1546 857 1588 893 de
1625 857 1797 905 Geytz'nt'
1831 865 1864 894 et
1897 859 1939 894 de
1973 858 2096 906 Clyve.

390 915 530 954 —Rex
567 915 772 955 commisit
802 915 981 955 Johanni
1019 917 1067 955 de
1104 917 1249 956 Nevill'
1286 918 1427 956 domos
1466 930 1559 956 suas
1598 918 1645 956 de
1686 918 1924 969 Geytinton'
1964 922 2003 957 et
2051 919 2098 957 de

391 978 513 1029 Olyve
551 990 644 1017 011111
678 977 867 1017 omnibus
897 979 946 1017 ad
977 979 1203 1018 custodiam
1238 980 1457 1018 earundem
1484 979 1781 1030 pertinentibus
1815 981 2097 1020 custodiendas

389 1053 512 1091 quam
550 1040 619 1078 diu
656 1041 739 1091 regi
777 1041 988 1090 placuerit.
1064 1042 1120 1080 Et
1158 1042 1398 1081 mandatum
1437 1045 1497 1081 est
1535 1042 1762 1082 vicecomiti
1806 1043 1948 1082 Norht’
1989 1044 2095 1094 quod

389 1103 437 1142 de
474 1103 660 1142 domibus
697 1103 886 1153 predictis
923 1117 1015 1143 cum
1055 1104 1245 1144 omnibus
1283 1105 1333 1143 ad
1371 1105 1597 1144 custodiam
1634 1105 1855 1155 predictam
1894 1106 2095 1156 pertinen-

387 1164 495 1205 tibus
532 1166 662 1204 eidem
700 1165 881 1205 ε1011011111
918 1166 1081 1216 plenam
1120 1166 1312 1206 seisinam
1350 1166 1496 1205 habere
1535 1166 1670 1214 faciat,
1713 1166 1817 1206 sicut
1867 1166 2092 1217 predictum

389 1231 462 1267 est.
520 1228 638 1268 Teste
676 1241 767 1279 rege
806 1231 851 1268 ut
889 1242 1023 1279 supra.

498 1325 577 1362 Pro
614 1326 739 1374 priore
785 1327 827 1363 de
875 1325 1281 1364 &mandax—Rex
1324 1325 1374 1364 ad
1419 1325 1659 1375 petitionem
1708 1325 1845 1364 fratris
1891 1325 2093 1372 Laudric',

389 1387 533 1437 prioris
569 1387 616 1426 de
655 1387 849 1434 Karitate,
889 1390 928 1426 et
979 1387 1159 1438 ejusdem
1204 1387 1281 1427 loci
1327 1390 1564 1435 conventus,
1606 1387 1786 1434 Petrum,
1829 1387 2002 1437 priorem
2048 1387 2095 1426 de

388 1450 670 1497 Bermundes’,
705 1463 825 1501 quem
859 1449 1029 1500 predicti
1060 1450 1169 1500 prior
1199 1453 1238 1489 et
1272 1453 1494 1489 conventus
1524 1450 1571 1488 de
1600 1449 1783 1499 partibus
1811 1450 2096 1488 transmarinis

389 1513 439 1551 ad
490 1525 625 1563 regem
677 1512 720 1551 in
765 1512 914 1562 Anglia
964 1512 1236 1559 destinarunt,
1291 1515 1501 1562 tamquam
1554 1512 1729 1561 priorem
1777 1512 1956 1551 admisit.
2039 1512 2095 1551 Et

388 1575 628 1614 mandatum
664 1577 724 1613 est
754 1574 927 1613 Ricardo
963 1574 1010 1612 de
1047 1574 1087 1612 la
1123 1574 1221 1613 Lad‘
1257 1577 1297 1613 et
1331 1574 1414 1613 Ade
1452 1574 1536 1613 filio
1577 1574 1784 1620 Willelmi‚
1820 1573 2096 1613 excaetoribus

388 1637 505 1687 regis,
546 1637 652 1687 quod
690 1637 738 1675 de
775 1636 957 1687 prioratu
1006 1637 1288 1683 Bermundes‘,
1335 1649 1455 1687 quem
1501 1636 1709 1675 occasione
1762 1636 1904 1675 mortis
1956 1636 2093 1676 fratris

388 1699 589 1749 Hugonis,
623 1698 828 1750 quondam
866 1698 1010 1748 prioris
1047 1699 1228 1749 ejusdem
1268 1698 1424 1745 domus,
1461 1700 1653 1748 ceperunt
1692 1698 1733 1735 in
1765 1710 1935 1736 manum
1974 1698 2092 1748 regis,

387 1764 427 1801 et
466 1761 514 1800 de
547 1760 735 1800 omnibus
774 1760 889 1799 terris
928 1762 967 1799 et
1005 1759 1327 1810 possessionibus
1375 1760 1424 1798 ad
1471 1760 1644 1799 eundem
1694 1760 1920 1810 prioratum
1973 1760 2092 1810 perti-

361 1822 576 1863 ‘nentibus
614 1836 690 1873 que
729 1825 824 1862 sunt
858 1822 900 1861 in
939 1822 1122 1862 custodia
1153 1835 1237 1869 sua,
1270 1823 1399 1861 eidem
1429 1822 1553 1872 priori
1587 1822 1673 1861 sine
1705 1822 1899 1861 dilatione
1930 1823 2093 1872 plenam

385 1886 578 1925 seisinam
634 1885 780 1925 habere
835 1885 987 1925 faciant
1039 1888 1080 1924 et
1134 1884 1305 1924 ballivos
1363 1898 1455 1924 suos
1504 1885 1601 1924 visis
1649 1885 1797 1924 litteris
1852 1885 1943 1923 istis
2000 1885 2094 1923 inde

387 1951 614 1988 amoveant.
673 1950 790 1987 Teste
828 1961 918 1998 rege
956 1948 1063 1998 apud
1103 1948 1300 1987 Sanctum
1338 1948 1554 1994 Neothum‚
1594 1947 1673 1986 xvi.
1710 1947 1773 1985 die
1812 1946 2064 1986 Novembris.

494 2059 551 2096 De
588 2060 789 2107 quercubus
827 2056 1242 2097 datia—Mandatum
1274 2059 1334 2096 est
1371 2056 1550 2095 Johanni
1590 2056 1637 2094 de
1675 2055 1834 2103 Nevill’,
1870 2055 2094 2106 justiciario

385 2120 545 2167 foreste,
603 2120 708 2170 quod
759 2120 800 2157 in
850 2119 910 2157 La
961 2119 1105 2158 Ferme
1153 2121 1265 2157 extra
1313 2131 1480 2168 parcum
1533 2121 1719 2157 nostrum
1771 2118 1819 2156 de
1866 2117 2093 2156 Brikestok'

385 2182 509 2221 faciat
559 2181 705 2221 habere
757 2180 992 2220 Baldewino
1041 2181 1088 2220 de
1136 2180 1215 2220 Ver
1261 2180 1493 2231 quindecim
1543 2192 1714 2230 quercus
1764 2180 1813 2218 ad
1866 2193 1907 2218 se
1956 2180 2093 2230 hospi-

386 2244 557 2284 tandum
595 2243 702 2295 apud
741 2243 998 2294 Tmpestun',
1034 2243 1082 2281 de
1121 2243 1227 2282 (10110
1266 2242 1385 2293 regis.
1463 2242 1581 2281 Teste
1619 2254 1709 2292 rege
1748 2244 1794 2280 ut
1832 2254 1967 2291 supra.

494 2342 573 2378 Rea:
610 2343 653 2378 de
690 2340 849 2388 tallccyio
887 2352 1082 2377 concessa·
1099 2338 1211 2377 -Rex
1244 2337 1379 2388 probis
1412 2336 1647 2376 hominibus
1681 2337 1728 2375 de
1762 2336 1872 2375 Mere
1904 2337 2091 2376 salutem.

386 2403 490 2450 Quia
521 2402 671 2441 talliari
705 2401 874 2440 fecimus
905 2400 1111 2440 dominica
1140 2402 1279 2439 nostra
1312 2412 1382 2450 per
1411 2402 1539 2438 totam
1574 2399 1778 2449 Angliam‚
1820 2399 2092 2438 concessimus

385 2465 531 2504 dilecto
578 2467 617 2503 et
664 2463 774 2502 fideli
820 2465 960 2502 nostro
1004 2462 1114 2502 Luce
1161 2462 1208 2501 de
1248 2462 1437 2501 Drumar’
1474 2461 1580 2512 quod
1618 2473 1738 2510 super
1771 2474 1841 2500 vos
1880 2461 2091 2511 tallagium

385 2526 623 2566 rationabile
660 2526 789 2577 possit
827 2525 1015 2564 assidere.
1091 2525 1147 2564 Et
1185 2525 1274 2564 ideo
1311 2524 1425 2564 vobis
1455 2524 1701 2575 precipimus
1738 2524 1844 2573 quod
1881 2523 1922 2562 id
1955 2523 2005 2562 ab
2046 2536 2091 2563 eo

385 2589 472 2628 fieri
508 2588 769 2639 permittatis.
846 2586 964 2626 Teste
1002 2600 1093 2637 rege
1130 2590 1175 2626 ut
1214 2600 1350 2637 supra.

492 2696 573 2732 Pro
606 2695 729 2731 Adam
765 2696 808 2730 de
841 2692 1197 2741 Eynesbir'.—Rex
1227 2691 1455 2731 vicecomiti
1489 2690 1693 2729 Huntind'
1730 2690 1916 2729 salutem.
1989 2689 2092 2736 Quia

384 2758 654 2806 protestatum
702 2755 780 2793 fuit
827 2767 962 2793 coram
1001 2753 1118 2793 nobis
1154 2754 1260 2805 quod
1299 2753 1429 2791 Adam
1468 2753 1515 2791 de
1553 2751 1734 2799 Enebir’‚
1771 2752 1839 2801 qui
1878 2764 1918 2789 00
1956 2751 2090 2800 ipsum

383 2818 612 2858 vulneravit
669 2817 719 2855 ad
774 2820 960 2862 mortem,
1020 2816 1114 2855 fecit
1181 2818 1474 2855 testamentum
1542 2827 1662 2853 suum
1730 2815 1777 2852 de
1834 2814 1949 2852 bonis
2007 2813 2090 2851 suis

384 2883 602 2930 antequam
640 2882 875 2926 moreretur,
911 2878 985 2917 tibi
1023 2878 1268 2928 precipimus
1305 2878 1411 2928 quod
1449 2877 1588 2916 omnia
1626 2876 1772 2915 catalla
1810 2888 1886 2925 que
1926 2875 2090 2913 fuerunt

384 2942 511 2991 ipsius
568 2942 653 2980 Ade
706 2944 747 2980 et
814 2943 910 2979 sunt
977 2941 1019 2978 in
1086 2953 1211 2979 manu
1279 2942 1350 2979 tua
1412 2939 1537 2978 facias
1604 2938 1750 2977 habere
1813 2936 2089 2976 executoribus

383 3003 617 3044 testamenti
654 3003 717 3042 sui
755 3003 805 3041 ad
842 3002 1118 3042 executionem
1158 3015 1274 3041 suam
1312 3001 1553 3041 faciendam.
1642 3000 1759 3039 Teste
1798 3002 1842 3037 ut
1881 3011 2014 3048 supra.

491 3099 547 3136 De
583 3098 779 3136 venatione
815 3097 1070 3146 reaia—Rex
1108 3096 1256 3136 ballivo
1294 3109 1367 3135 suo
1405 3096 1452 3134 de
1491 3095 1596 3135 Glar'
1637 3094 1824 3133 salutem.
1883 3091 2088 3130 Mittimus

383 3173 510 3211 usque
561 3159 665 3199 Olar’
710 3159 914 3209 Rogerum
961 3159 1009 3197 de
1060 3158 1272 3208 Stopham,
1322 3160 1555 3197 venatorem
1601 3159 1800 3202 nostrum,
1850 3153 1900 3192 ad
1951 3153 2087 3192 decem

383 3223 524 3261 damas
572 3220 786 3272 capiendas
834 3220 877 3259 in
926 3233 1044 3271 parco
1096 3221 1144 3259 de
1192 3220 1296 3260 Clar'
1332 3222 1473 3260 contra
1523 3219 1743 3259 adventum
1781 3215 1884 3266 regis
1921 3214 2085 3262 ibidem,

384 3283 624 3323 mandantes
672 3282 779 3333 quod
826 3281 961 3332 ipsum
1006 3282 1056 3321 ad
1095 3282 1172 3321 hoc
1210 3281 1391 3332 recipias.
1476 3281 1593 3320 Teste
1632 3292 1721 3329 rege
1759 3276 1865 3327 apud
1903 3276 2084 3326 Dytton',

384 3347 480 3397 xvij.
519 3346 582 3383 die
621 3344 874 3384 Novembris.

431 3432 539 3469 18690
1970 3424 1997 3456 O
