2375 3587
197 186 280 226 130

259 314 404 362 1235.

264 382 323 423 [m.
343 382 388 421 5.]

1122 188 1307 232 GLOSE
1350 189 1555 232 ROLLS.

601 386 680 422 Pro
715 387 842 424 Alana
875 390 917 425 de
950 389 1247 427 Natum-Rex
1278 389 1473 428 concessit
1507 389 1636 428 Alano
1669 390 1716 427 de
1749 388 1892 428 Nevill'
1932 390 2077 426 terram
2116 399 2191 437 que

492 445 570 484 fuit
607 447 766 485 comitis
805 448 1016 488 Britannie
1050 450 1092 487 in
1131 451 1327 500 Hynton’,
1369 450 1596 488 habendam
1635 454 1673 489 et
1712 450 1928 488 tenendam
1968 450 2092 487 donec
2122 461 2190 486 rex

491 520 578 545 eam
618 509 834 548 reddiderit
876 511 993 549 rectis
1042 511 1254 549 heredibus
1304 525 1373 561 per
1409 512 1661 550 voluntatem
1705 512 1767 550 vel
1812 524 1880 560 per
1925 523 2077 560 pacem.
2135 512 2189 548 Et

491 570 731 608 mandatum
769 575 829 610 est
867 573 1022 611 custodi
1060 573 1224 612 honoris
1263 574 1443 611 Richem'
1482 574 1588 623 quod
1626 575 1673 612 de
1718 573 1896 623 predicta
1946 575 2051 610 terra
2095 585 2187 610 cum

492 630 620 670 bladis
671 633 849 683 ejusdem
902 637 1005 673 terre
1056 638 1095 673 et
1147 648 1239 673 cum
1292 635 1457 681 carucis,
1508 636 1700 674 instauris
1752 638 1790 673 et
1841 634 1998 673 catallis
2043 634 2085 671 in
2143 647 2189 671 ea

490 692 680 741 inventis,
720 695 847 733 eidem
896 696 1026 735 Alano
1078 697 1240 746 plenam
1290 697 1481 735 seisinam
1531 696 1676 735 habere
1725 696 1859 735 faciat.
1932 696 2048 734 Teste
2099 708 2189 744 rege

490 755 595 805 apud
616 756 1034 804 Westmonasterium,
1073 772 1138 797 xx.
1178 759 1240 797 die
1278 758 1464 808 Augusti.

594 868 652 905 De
690 875 838 906 ewtenta
875 870 1366 913 facz‘emla.—Mandatum
1405 872 1466 908 est
1504 870 1730 908 vicecomiti
1768 870 1919 909 Kancie
1971 871 2077 920 quod
2121 883 2191 920 per

489 933 786 968 sacramentum
854 931 1069 980 proborum
1140 934 1177 970 et
1245 932 1436 981 legalium
1493 933 1709 970 hominum
1765 933 1812 971 de
1868 933 2062 971 comitatu
2118 946 2190 971 3110

488 991 649 1029 extendi
714 992 835 1030 faciat
897 996 1045 1031 terram
1098 994 1265 1032 Henrici
1317 995 1364 1032 de
1415 994 1532 1044 Pirye
1582 994 1623 1032 in
1681 994 1803 1032 ballia
1859 1008 1943 1041 sua,
2002 1008 2077 1044 que
2129 998 2189 1033 est

488 1052 651 1091 vadium
692 1053 927 1103 Sampsonis
977 1055 1095 1093 Judei
1130 1055 1345 1094 Cantuarie
1387 1059 1425 1093 et
1468 1055 1638 1094 Aaronis
1681 1056 1831 1094 Blundi
1882 1056 1999 1094 Judei
2043 1056 2187 1102 Lond',

488 1118 686 1164 quantum
725 1116 855 1154 valeat
893 1129 962 1166 per
1000 1130 1153 1155 annum
1193 1118 1235 1155 in
1273 1117 1486 1156 dominicis
1525 1118 1746 1156 redditibus
1794 1122 1833 1156 et
1877 1118 1967 1157 aliis
2016 1118 2190 1157 exitibus

488 1179 603 1223 terre,
643 1181 682 1216 et
720 1181 925 1217 extentam
966 1180 1077 1217 illam
1115 1179 1188 1218 sub
1227 1180 1361 1229 sigillo
1401 1193 1471 1219 suo
1511 1184 1549 1219 et
1589 1181 1731 1230 sigillis
1780 1194 1932 1227 eorum,
1975 1193 2045 1230 per
2089 1194 2189 1231 quos

486 1239 593 1277 facta
631 1239 766 1284 fuerit,
807 1241 917 1279 mitti
957 1242 1078 1280 faciat
1116 1242 1351 1292 justiciariis
1391 1243 1614 1280 Judeorum
1653 1245 1727 1280 etc.
1787 1243 1905 1281 Teste
1944 1246 1988 1281 ut
2027 1256 2160 1292 supra.

595 1316 651 1355 Et
688 1318 927 1356 mandatum
967 1322 1027 1357 est
1063 1319 1213 1358 eisdem
1252 1320 1487 1369 justiciariis
1528 1320 1633 1370 quod
1679 1320 1824 1358 habere
1862 1320 2013 1359 faciant
2060 1321 2188 1359 eidem

489 1378 664 1417 Henrico
714 1380 994 1419 rationabilem
1051 1381 1176 1419 finem
1234 1386 1272 1420 et
1329 1381 1590 1420 rationabiles
1648 1382 1843 1420 terminos
1900 1383 1949 1420 ad
2007 1382 2188 1421 debitum

488 1441 732 1479 reddendum
771 1442 812 1479 in
849 1455 929 1492 quo
966 1443 1154 1493 predictis
1193 1444 1333 1482 Judeis
1372 1447 1540 1482 tenetur.
1602 1444 1718 1482 Teste
1757 1447 1801 1482 ut
1840 1457 1972 1494 supra.

594 1554 672 1590 Pro
710 1555 837 1591 abbate
874 1562 906 1591 et
943 1557 1134 1593 «monachia
1173 1556 1781 1594 Uf'escmonasterienrsfztb1zs.—-Rex
1818 1555 2015 1594 concessit
2054 1555 2188 1596 abbati

485 1617 524 1652 et
570 1615 780 1654 monachis
820 1615 1319 1657 Westmonasteriensibus
1365 1618 1470 1667 quod
1513 1618 1652 1656 omnia
1698 1621 1863 1664 essarta,
1903 1631 1979 1667 (1110
2026 1618 2102 1668 ipsi
2149 1622 2188 1658 et

487 1676 673 1714 homines
711 1677 773 1715 sui
811 1677 931 1716 libere
971 1681 1165 1726 tenentes,
1202 1680 1377 1728 exceptis
1417 1680 1631 1718 comitibus
1670 1683 1708 1718 et
1742 1679 1971 1726 baronibus,
2007 1680 2187 1719 fecerunt

486 1738 595 1776 infra
632 1739 821 1777 forestam
860 1740 963 1789 regis
1012 1741 1058 1778 de
1099 1740 1226 1779 boscis
1269 1742 1352 1779 suis
1390 1742 1560 1791 propriis
1603 1745 1641 1780 et
1679 1754 1754 1792 que
1799 1742 2049 1791 inposterum
2088 1742 2188 1781 fient

487 1814 652 1838 assensu
691 1802 810 1850 regio,
851 1802 986 1851 quieta
1033 1803 1114 1841 sint
1163 1804 1445 1853 inperpetuum
1486 1805 1533 1842 de
1579 1807 1693 1842 vasto
1740 1807 1778 1842 et
1818 1804 1982 1853 regardo
2021 1807 2060 1842 et
2098 1805 2186 1843 visu

486 1862 787 1901 forestariorum
826 1867 864 1901 et
897 1864 944 1901 de
983 1865 1171 1903 omnibus
1205 1879 1280 1915 (1110
1317 1866 1367 1903 3(1
1406 1866 1596 1904 forestam
1631 1869 1670 1904 et
1704 1865 1935 1904 forestarios
1969 1866 2185 1915 pertinent.

486 1926 539 1962 Et
577 1926 815 1963 mandatum
863 1930 923 1964 est
970 1927 1149 1978 Johaiini
1188 1928 1235 1965 de
1274 1928 1419 1965 Nevill’
1459 1929 1564 1977 quod
1611 1928 1660 1966 ad
1699 1931 1898 1965 essartum
1934 1928 2102 1966 Walteri
2141 1930 2187 1967 de

486 1986 717 2033 Deneford‘,
757 1987 878 2026 libere
925 1989 1100 2027 tenentis
1148 1990 1417 2038 predictorum
1466 1989 1622 2028 abbatis
1665 1993 1703 2028 et
1751 1990 2043 2035 monachor-un,
2083 1991 2187 2040 quod

485 2048 580 2087 fecit
617 2049 659 2086 in
698 2049 814 2087 bosco
853 2062 925 2088 suo
962 2051 1122 2099 proprio
1159 2051 1205 2089 de
1246 2051 1432 2101 Subur-53⁷,
1473 2065 1641 2090 manum
1675 2064 1757 2090 non
1786 2052 1925 2090 mittat
1955 2064 2027 2089 nec
2054 2052 2188 2102 ipsum

486 2123 531 2149 ea
569 2111 775 2149 occasione
823 2115 959 2160 gravet
1007 2116 1076 2151 aut
1123 2114 1323 2152 molestet.
1410 2114 1527 2152 Teste
1566 2126 1657 2163 rege
1696 2114 1803 2163 apud
1843 2113 2063 2160 Waltham‚
2104 2115 2186 2165 xxj.

485 2172 547 2210 die
586 2173 771 2222 Augusti.

595 2285 672 2321 Pro
705 2285 866 2322 Isabella
899 2287 1087 2324 eomitissa
1126 2288 1422 2325 (›.1-0nz·e.—Rex
1456 2288 1600 2325 dilecto
1634 2289 1673 2325 et
1711 2286 1819 2324 fideli
1857 2299 1928 2324 suo
1962 2287 2190 2336 Engelardo

487 2346 533 2383 de
573 2346 723 2395 Cygon’
765 2346 949 2385 salutem.
1036 2348 1254 2386 Ostensum
1292 2353 1351 2388 est
1390 2349 1504 2388 nobis
1547 2363 1591 2387 ex
1629 2351 1742 2398 parte
1780 2347 1950 2386 Isabelle
1987 2349 2205 2406 comitisse·

489 2407 641 2445 Oxonie
683 2408 800 2457 quod,
841 2421 932 2446 cum
973 2409 1179 2448 Galfridus
1219 2410 1408 2458 Gibwin’,
1448 2412 1516 2461 qui
1563 2414 1747 2449 mortuus
1794 2413 1866 2456 est,
1905 2410 2100 2449 tenuisset
2141 2411 2188 2449 de

487 2482 533 2506 ea
570 2469 685 2507 feoda
722 2470 893 2508 duorum
932 2472 1112 2510 militum
1160 2486 1251 2511 cum
1290 2474 1546 2523 pertinentiis
1594 2474 1635 2510 in
1674 2472 1789 2518 Bixe,
1829 2475 1868 2510 et
1906 2473 1954 2510 de
1991 2472 2107 2511 nobis
2144 2473 2186 2511 in

487 2531 616 2580 capite
645 2532 845 2581 quendam
884 2532 1049 2572 boscum
1087 2534 1129 2571 in
1160 2535 1396 2573 Bensinton'
1427 2549 1495 2585 per
1525 2535 1733 2574 servitium
1763 2534 1939 2584 quinque
1969 2534 2187 2573 solidorum

486 2606 555 2641 per
583 2606 750 2639 annum,
781 2606 863 2639 VOS,
895 2596 1101 2633 occasione
1137 2597 1304 2645 predicti
1339 2597 1446 2636 bosci
1475 2611 1594 2648 quem
1628 2597 1675 2635 de
1705 2596 1820 2634 nobis
1850 2596 1993 2642 tenuit,
2026 2596 2187 2646 cepistis

486 2655 528 2691 in
555 2667 722 2691 manum
750 2658 930 2693 nostram
959 2657 1137 2705 predicta
1164 2658 1241 2696 duo
1269 2659 1383 2696 feoda
1416 2672 1492 2709 (1110
1520 2659 1651 2697 10111111
1682 2658 1729 2696 (10
1760 2658 1939 2706 predicta
1965 2657 2184 2697 comitissa.

486 2716 541 2753 Et
569 2716 657 2753 ideo
686 2715 797 2754 vobis
828 2718 1071 2756 mandamus
1100 2721 1218 2768 quod,
1250 2720 1283 2758 si
1316 2721 1373 2758 ita
1402 2728 1473 2767 est,
1506 2721 1591 2759 sine
1620 2720 1911 2769 impedimento
1941 2719 2187 2769 permittatis

486 2777 706 2826 predictam
753 2778 1002 2817 comitissam
1054 2781 1243 2819 seisinam
1304 2795 1418 2820 suam
1472 2783 1619 2821 habere
1677 2782 1724 2819 de
1781 2780 1970 2830 predictis
2031 2780 2186 2820 duobus

487 2838 611 2876 feodis
659 2852 734 2888 (1110
781 2839 912 2878 dictus
961 2841 1168 2880 Galfridus
1216 2843 1263 2881 de
1310 2856 1355 2881 ea
1403 2845 1546 2890 tenuit,
1588 2846 1744 2882 retento
1788 2843 1829 2879 111
1877 2855 2001 2880 11131111
2048 2845 2186 2881 nostra

487 2899 605 2938 bosco
643 2900 831 2949 predicto.
892 2902 1008 2940 Teste
1047 2906 1091 2941 ut
1130 2917 1263 2953 supra.

592 3014 649 3049 De
687 3015 806 3050 damis
845 3015 1258 3053 datia—Mandatum
1297 3020 1357 3055 est
1409 3017 1492 3055 Ade
1541 3017 1625 3056 filio
1665 3016 1859 3055 Willelmi
1898 3016 2002 3065 quod
2039 3015 2185 3054 habere

488 3074 609 3113 faciat
659 3074 817 3113 Olivero
869 3076 915 3113 de
965 3076 1148 3115 Vallibus
1197 3078 1296 3116 duos
1345 3079 1484 3118 damos
1525 3080 1567 3117 in
1620 3092 1738 3128 parco
1790 3079 1837 3117 de
1894 3078 2097 3128 Wytsett',
2137 3078 2185 3117 de

487 3136 592 3175 dono
630 3139 747 3186 regis.
807 3137 922 3176 Teste
960 3141 1005 3176 ut
1039 3151 1172 3188 supra.

594 3214 832 3253 Mandatum
871 3219 931 3253 est
978 3216 1159 3255 Johanni
1197 3218 1244 3255 de
1296 3218 1441 3257 Nevill'
1481 3219 1586 3268 quod
1637 3218 1783 3256 habere
1820 3218 1942 3256 faciat
1989 3218 2184 3267 magistro

488 3276 661 3314 Roberto
706 3277 752 3314 de
807 3277 1040 3316 Sumercote
1091 3279 1190 3318 duos
1239 3280 1377 3319 damos
1429 3281 1470 3317 in
1527 3281 1675 3319 foresta
1713 3280 1760 3317 de
1813 3280 1936 3326 011νο,
1995 3279 2042 3317 de
2079 3280 2184 3318 dono

487 3339 603 3388 regis.
663 3338 777 3377 Teste
813 3341 857 3377 ut
895 3352 1027 3389 supra.
1085 3341 1160 3379 Per
1198 3342 1459 3381 Amauricum
1497 3343 1544 3380 de
1591 3343 1739 3382 Sancto
1777 3340 1977 3379 Amando.
