2375 3587
224 154 307 194 160

282 280 427 328 1235.

264 347 325 386 [m.
349 346 441 386 20d.]

1150 157 1333 199 OLOSE
1379 156 1583 199 ROLLs.

627 352 1016 402 wrm—Philippus
1045 352 1167 390 abbas
1198 353 1245 390 de
1277 352 1504 390 Rouecestr’
1536 351 1757 390 attornavit
1786 351 1952 389 fratrem
1984 350 2206 389 Henricum

513 413 560 451 de
594 413 810 463 Danebrig‘
851 414 1091 452 canonicum
1132 426 1264 457 61111111,
1304 426 1441 451 versus
1480 412 1646 450 Petrum
1685 412 1871 462 Bysshop
1908 412 1955 450 de
1992 413 2203 451 consuetu-

512 475 673 514 dinibus
710 479 749 515 et
787 475 964 515 serviciis
1002 488 1078 525 que
1116 475 1222 513 idem
1260 473 1383 512 abbas
1416 473 1465 512 ab
1498 486 1544 512 eo
1577 473 1701 523 exigit
1733 473 1781 512 de
1812 473 1938 512 libero
1972 476 2203 512 tenemento

512 550 596 584 suo,
636 538 741 588 quod
772 538 819 576 de
858 550 904 575 eo
943 539 1052 575 tenet
1091 536 1132 574 in
1173 535 1398 585 Orgeston’.

619 639 1035 689 Kanaka—Magister
1066 639 1152 677 Odo
1186 639 1233 677 de
1267 638 1483 689 Cyrenton’
1518 637 1739 677 attornavit
1778 638 2028 677 Willelmum
2063 638 2206 689 Gaugy

508 714 646 740 versus
677 702 901 741 ·Alvredum
940 701 987 739 de
1025 701 1143 746 Den’,
1184 703 1400 749 petentem,
1441 700 1487 737 de
1523 699 1691 737 dimidia
1729 703 1915 738 carucata
1961 703 2064 738 terre
2110 713 2203 739 cum

509 763 764 812 pertinentiis
802 763 844 801 in
883 761 1181 812 Holnygburn’.

616 865 1019 904 Esse.1·'.—Robertus
1066 864 1112 902 de
1160 863 1292 902 Beche
1339 866 1378 902 et
1426 864 1574 902 Idonea
1620 876 1721 902 uxor
1766 864 1852 914 ejus
1897 867 2204 903 attornaverunt

509 928 732 967 Walterum
784 928 819 965 16
867 929 996 965 Franc
1034 940 1171 965 versus
1217 926 1402 965 abbatem
1450 927 1497 964 de
1546 925 1757 973 Straford',
1806 926 2107 973 deforciantem,
2156 927 2202 965 de

509 989 866 1029 consuetudinibus
904 992 942 1028 et
981 989 1156 1027 serviciis
1194 1001 1270 1038 que
1317 988 1393 1038 ipsi
1443 987 1641 1027 Robertus
1687 992 1726 1027 et
1765 989 1914 1027 Idonea
1950 990 2118 1038 exigunt
2155 990 2202 1027 de

509 1053 686 1102 predicto
715 1051 857 1090 abbate
886 1052 934 1089 de
971 1050 1095 1089 libero
1133 1054 1365 1089 tenemento
1399 1063 1483 1097 suo,
1523 1051 1628 1101 quod
1661 1050 1708 1088 de
1737 1050 1793 1088 eis
1822 1054 1932 1089 tenet
1958 1051 1999 1088 in
2033 1053 2200 1102 Hamya.

509 1114 624 1152 Teste
661 1126 750 1163 rege
788 1113 894 1163 apud
933 1112 1352 1159 Westmonasterfflm,
1393 1112 1491 1163 xxij.
1531 1112 1593 1150 die
1632 1112 1829 1151 Januarii.

619 1215 1020 1255 cantuaria.—Prior
1057 1215 1104 1253 de
1142 1215 1299 1253 Lhedes
1338 1215 1558 1254 attornavit
1597 1215 1815 1264 Hugonem
1854 1216 1890 1254 16
1935 1216 2029 1255 Scot
2065 1229 2200 1254 versus

508 1279 723 1317 Isabellam
753 1278 878 1316 filiam
908 1277 1057 1328 Lefwy,
1084 1279 1300 1327 petentem,
1332 1277 1379 1314 de
1408 1289 1489 1315 uno
1518 1277 1723 1326 mesuagio
1752 1289 1844 1316 cum
1874 1277 2129 1327 pertinentiis
2159 1277 2200 1315 in

508 1341 738 1381 Cantuaria.
797 1341 913 1379 Teste
952 1353 1040 1390 rege
1079 1341 1185 1389 apud
1224 1339 1643 1387 Westmonasterium,
1682 1340 1794 1391 xxiij.
1833 1339 1896 1378 die
1934 1340 2131 1378 Januarii.

616 1445 700 1484 Rex
725 1444 919 1493 magistro
947 1445 985 1481 S.
1017 1443 1064 1481 de
1093 1443 1334 1492 Langeton’,
1365 1442 1644 1481 archidiacono
1674 1442 1969 1489 Cantuariensi,
2000 1445 2039 1480 et
2067 1441 2201 1481 abbati

508 1508 555 1546 de
603 1510 750 1546 Sancta
798 1505 1058 1554 Radegunda,
1109 1505 1296 1543 salutem.
1395 1504 1523 1554 Super
1571 1505 1841 1543 sollicitudine
1896 1507 1935 1543 et
1990 1504 2201 1554 diligentia

508 1568 712 1614 laudabili,
753 1568 874 1606 simul
912 1571 950 1605 et
989 1566 1192 1605 laboribus
1223 1566 1484 1616 sumptuosis,
1516 1579 1615 1616 quos
1645 1566 1748 1604 circa
1778 1566 1984 1615 negotium
2014 1569 2198 1604 nostrum

508 1630 812 1680 expediendum,
866 1629 971 1679 quod
1028 1628 1139 1667 vobis
1188 1628 1453 1677 injunximus,
1501 1627 1758 1677 apposuistis,
1809 1628 1968 1677 utrique
2019 1630 2197 1667 vestrum

505 1693 684 1742 copiosas
730 1691 940 1730 referimus
986 1691 1208 1739 gratiarum
1265 1690 1453 1736 actiones,
1511 1689 1623 1728 vobis
1679 1690 1855 1739 quidem,
1904 1690 2097 1739 magister
2154 1690 2196 1729 S.

502 1743 709 1803 precipuas
757 1756 795 1792 et
838 1752 1041 1802 speciales,
1091 1755 1135 1790 ut
1183 1754 1274 1801 pote
1322 1751 1356 1790 ei
1406 1751 1520 1801 cujus
1568 1751 1806 1789 fidelitatem
1854 1753 1893 1789 et
1940 1751 2195 1800 prudentiam

505 1815 725 1865 plurimum
781 1814 1123 1853 commendamus.
1210 1814 1354 1852 Sciatis
1411 1816 1545 1851 autem
1602 1813 1719 1862 quod,
1777 1813 2027 1862 congregatis
2091 1814 2197 1863 apud

503 1876 905 1916 Westmonasteriuin
962 1876 1003 1913 in
1060 1875 1211 1914 octabis
1269 1875 1396 1914 sancti
1460 1875 1623 1913 Hillarii
1692 1874 1908 1913 venerabili
1975 1877 2087 1924 patre
2143 1876 2193 1914 E.

504 1939 786 1979 Cantuariensi
824 1938 1120 1987 archiepiscopo
1158 1941 1196 1976 et
1234 1937 1473 1986 quibusdam
1522 1937 1730 1986 episcopis,
1770 1936 1984 1975 comitibus
2031 1943 2069 1974 et
2107 1938 2197 1975 aliis

502 2000 686 2039 fidelibus
752 2000 912 2045 nostris,
980 2003 1069 2048 post
1133 1999 1369 2048 diligentem
1431 2001 1648 2037 tractatum
1706 1997 1892 2036 habitum
1951 2012 2042 2037 cum
2100 2000 2196 2049 ipsis

501 2064 547 2101 de
603 2063 764 2112 negotio
832 2065 1063 2111 treugarum
1133 2061 1239 2099 inter
1305 2074 1377 2099 nos
1448 2064 1486 2099 et
1555 2073 1687 2110 regem
1760 2060 1927 2099 Francie
1998 2063 2037 2099 61
2106 2061 2196 2100 61116

500 2125 664 2172 agendis
711 2124 872 2170 nostris,
923 2124 1054 2162 visum
1112 2123 1187 2161 fuit
1246 2123 1395 2161 eisdem
1444 2121 1628 2161 fidelibus
1694 2122 1842 2160 nostris
1908 2123 2013 2172 quod
2083 2124 2196 2162 nullo

498 2188 616 2225 modo
684 2186 770 2225 sine
827 2185 1065 2224 verecundia
1121 2189 1160 2223 et
1217 2185 1429 2235 opprobrio
1486 2193 1623 2223 nostro
1679 2185 1856 2223 insulam
1912 2185 1960 2223 de
2026 2185 2196 2225 Olerone

498 2249 711 2288 concedere
772 2249 978 2297 potuimus
1044 2248 1182 2286 comiti
1249 2248 1402 2286 March'
1460 2260 1530 2296 pro
1587 2259 1786 2285 consensu
1843 2259 1914 2285 suo
1970 2247 2197 2287 adhibendo

500 2312 549 2349 ad
587 2314 746 2359 treugas
786 2310 892 2348 inter
926 2322 998 2347 nos
1037 2309 1262 2355 ineundas;
1312 2321 1384 2347 nec
1424 2309 1465 2346 in
1504 2321 1549 2347 eo
1596 2309 1811 2347 consilium
1858 2308 1974 2348 nobis
2021 2313 2197 2367 prestare

498 2373 560 2410 vel
597 2371 821 2410 consentire
860 2371 1090 2409 voluerunt.
1183 2371 1250 2410 Sic
1289 2371 1410 2418 enim,
1452 2373 1584 2420 preter
1621 2371 1904 2409 verecundiam
1944 2384 2065 2421 quam
2103 2372 2196 2411 inde

499 2446 832 2483 consequeremur
865 2431 914 2470 ab
945 2432 1134 2471 omnibus
1164 2432 1309 2482 quibus
1340 2432 1493 2470 factum
1528 2434 1714 2470 nostrum
1748 2432 2028 2479 innotesceret,
2061 2433 2197 2472 minus

500 2500 728 2534 teneremur
765 2498 804 2532 et
843 2507 914 2543 pro
952 2494 1129 2532 remissis
1170 2497 1209 2532 et
1246 2494 1383 2532 minus
1421 2493 1649 2532 valentibus
1687 2493 1940 2539 haberemur,
1989 2497 2028 2532 et
2073 2495 2195 2534 etiam

500 2557 720 2607 pessimum
753 2561 792 2594 et
818 2555 1086 2605 pernitiosum
1119 2559 1223 2593 esset
1251 2555 1481 2604 exemplum
1515 2555 1605 2593 aliis
1639 2555 1706 2604 qui
1731 2555 1772 2592 in
1799 2568 1892 2593 casu
1922 2556 2123 2594 consimili
2147 2557 2195 2595 ad

500 2618 647 2657 similia
689 2617 859 2667 petenda
905 2629 974 2666 per
1021 2617 1095 2655 hoc
1145 2620 1415 2655 moverentur.
1475 2616 1605 2662 Unde,
1650 2616 1682 2654 si
1730 2629 1799 2665 per
1841 2617 2032 2655 ducentas
2074 2617 2195 2656 libras

499 2693 654 2719 annuas
685 2679 834 2728 treugis
865 2678 1105 2717 durantibus
1141 2679 1190 2716 ad
1223 2691 1468 2717 consensum
1499 2682 1731 2727 treugarum
1769 2679 1895 2727 possit
1925 2678 2031 2717 idem
2062 2692 2195 2719 comes

500 2742 636 2781 induci
667 2754 737 2791 pro
772 2740 903 2778 insula
937 2741 1129 2789 predicta,
1164 2740 1268 2779 sicut
1299 2740 1398 2778 alias
1429 2740 1610 2778 locutum
1645 2740 1734 2785 fuit,
1769 2739 1867 2778 bene
1900 2740 2073 2790 placeret
2110 2744 2194 2780 tam

500 2804 614 2843 nobis
652 2816 773 2854 quam
813 2803 1002 2852 predictis
1041 2802 1301 2851 magnatibus
1340 2801 1501 2848 nostris,
1536 2805 1575 2840 et
1614 2802 1662 2840 ad
1710 2802 1785 2840 hoc
1823 2802 2001 2841 laborare
2048 2804 2194 2850 velitis,

500 2867 593 2916 quia
618 2865 739 2915 priori
774 2864 996 2902 conditioni
1026 2864 1251 2902 consentire
1276 2876 1356 2902 non
1384 2866 1487 2902 esset
1517 2864 1733 2902 honestum
1763 2864 1825 2901 vel
1850 2864 2075 2913 expediens.
2134 2866 2195 2904 Ad

502 2928 602 2966 illud
639 2926 800 2976 quidem
839 2925 944 2974 (111οᾶ
983 2924 1099 2963 nobis
1139 2925 1398 2975 significastis
1437 2925 1592 2963 litteras
1630 2925 1732 2971 illas,
1766 2938 1835 2975 per
1868 2938 1950 2971 vos,
1986 2925 2120 2974 abbas,
2156 2931 2195 2966 et

502 2988 744 3037 magistrum
801 2986 1036 3035 Philippum
1093 2987 1141 3025 de
1197 2987 1365 3025 Ardern’
1432 2987 1576 3025 missas
1639 2987 1687 3024 de
1743 2987 1903 3035 negotio
1963 2990 2195 3037 treugarum

502 3049 776 3101 prosequendo
813 3048 1034 3087 inefficaces
1081 3060 1165 3086 esse
1211 3061 1280 3098 per
1322 3051 1495 3087 mortem
1542 3047 1721 3098 ejusdem
1768 3048 1953 3097 magistri
2000 3049 2195 3099 Philippi,

501 3111 613 3151 vobis
661 3109 937 3159 significamus
984 3109 1089 3158 quod
1136 3110 1365 3148 consimiles
1413 3110 1568 3148 litteras
1615 3109 1726 3148 vobis
1766 3109 2084 3148 transmittimus
2122 3111 2195 3149 sub

501 3173 666 3213 nomine
711 3174 857 3218 vestro,
897 3170 1032 3218 abbas,
1072 3174 1111 3209 et
1155 3172 1339 3221 magistri
1384 3171 1445 3211 W.
1485 3172 1533 3210 de
1580 3171 1823 3220 Cantilup03
1871 3171 1935 3210 cui
1984 3171 2195 3211 scribimus

501 3239 540 3274 et
578 3233 851 3284 supplicamus
890 3245 959 3281 per
995 3232 1152 3270 litteras
1190 3235 1362 3279 nostras,
1399 3245 1498 3282 quas
1537 3231 1723 3271 similiter
1760 3231 1871 3270 vobis
1909 3233 2112 3270 mittimus
2159 3234 2194 3271 ei

502 3295 774 3346 porrigendas,
807 3294 912 3344 quod
943 3293 1074 3332 subire
1104 3294 1200 3332 velit
1231 3307 1331 3332 onus
1363 3293 1513 3344 negotii
1550 3293 1776 3332 memorati.
1835 3293 1896 3331 Ad
1929 3293 2038 3332 aliud
2072 3294 2192 3332 etiam
