2375 3587
150 312 298 363 1235.

144 381 205 422 [m.
231 378 305 419 22-]

1029 177 1083 217 20
1125 174 1331 225 HENRY
1372 174 1454 215 III.
2011 173 2094 214 217

496 390 574 427 Pro
623 390 664 427 J.
704 390 838 438 reqina
889 388 1324 428 Scocie.-Mandatum
1372 390 1432 425 est
1479 386 1518 424 J.
1569 385 1616 424 de
1663 384 1822 432 Nevill’,
1870 383 2092 434 justiciario

388 452 547 497 foreste,
586 451 692 501 quod
730 451 772 489 in
811 451 929 490 bosco
968 451 1072 501 regis
1103 451 1150 489 de
1182 450 1314 502 Sapel‘
1356 449 1478 487 faciat
1517 447 1662 486 habere
1701 448 1738 486 J.
1779 447 1915 496 regine
1957 445 2092 485 Scocie

387 514 525 552 decem
580 515 798 552 carectatas
854 513 1056 551 clausture
1111 516 1150 550 et
1205 511 1316 561 virge
1372 511 1422 549 ad
1478 510 1724 548 clausturam
1781 509 1888 548 curie
1945 521 2013 546 sue
2056 512 2094 545 et

388 575 610 615 wauluram
649 575 860 614 domorum
905 587 1069 613 suarum
1124 574 1172 612 de
1231 573 1420 613 Stanton'
1479 572 1571 610 inde
1628 571 1868 617 faciendam,
1903 571 1951 608 de
1988 570 2093 608 dono

386 637 503 687 regis.
580 637 698 675 Teste
736 649 825 686 rege
859 637 965 686 apud
1005 636 1261 682 Clarendon’,
1301 634 1387 685 xiij.
1425 634 1488 672 die
1526 632 1771 672 Decembris.

496 743 573 779 Pro
615 742 797 789 Galfrz'do
833 740 1409 789 Dispensatora—Mandatum
1457 741 1518 777 est
1566 736 1793 777 vicecomiti
1843 736 1951 775 Surr'
1990 737 2094 786 quod

385 802 507 842 faciat
557 802 703 841 habere
751 802 934 841 Galfrido
982 802 1270 851 Dispensatore
1321 801 1457 840 decem
1509 799 1680 839 cuninos
1726 799 1837 838 vivos
1886 798 1927 836 in
1975 811 2093 848 parco

386 865 491 915 regis
529 865 576 903 de
616 864 867 910 Geudeford,
908 864 956 902 de
994 864 1100 903 dono
1140 863 1258 914 regis.
1345 863 1462 901 Teste
1500 865 1546 901 ut
1585 874 1718 911 supra.

495 974 551 1010 De
610 974 729 1010 damis
795 971 1210 1010 datis—Mandatum
1281 973 1340 1009 est
1406 970 1561 1009 custodi
1627 970 1773 1008 foreste
1838 968 1886 1006 de
1951 968 2092 1007 Gautr'

385 1034 491 1084 quod
537 1034 684 1073 habere
731 1034 852 1073 faciat
906 1033 1103 1084 magistro
1159 1034 1197 1072 J.
1249 1032 1415 1078 mad’,
1464 1031 1704 1071 cancellario
1761 1030 1946 1076 Eboraci,
1996 1031 2094 1068 duas

384 1096 525 1135 damas
562 1097 603 1135 in
642 1097 820 1146 predicta
858 1096 1019 1142 foresta,
1059 1096 1107 1134 de
1144 1095 1249 1134 dono
1287 1095 1405 1145 regis.
1493 1094 1610 1133 Teste
1648 1096 1694 1132 111
1733 1106 1866 1143 supra.

494 1175 736 1213 Mandatum
784 1178 843 1213 est
890 1173 1116 1213 vicecomiti
1167 1174 1277 1212 Wilt'
1327 1174 1432 1223 quod
1484 1172 1699 1222 tallagium
1752 1172 1926 1210 assisum
1978 1183 2095 1220 super

386 1237 636 1276 dominicum
684 1237 787 1287 regis
833 1237 880 1276 de
917 1237 1012 1275 Mer'
1051 1237 1189 1287 quo[d]
1223 1237 1355 1275 Lucas
1401 1236 1448 1274 de
1487 1235 1673 1273 Drumar’
1713 1234 1836 1273 habet
1883 1234 1930 1272 de
1973 1232 2094 1271 ballio

386 1299 490 1349 regis
527 1299 656 1338 eidem
695 1301 803 1338 Luce
842 1299 928 1337 sine
967 1298 1160 1337 dilatione
1199 1298 1345 1337 habere
1383 1297 1519 1343 faciat,
1560 1297 1607 1335 de
1645 1297 1750 1335 dono
1788 1295 1905 1346 regis.
1978 1295 2095 1334 Teste

387 1375 477 1412 rege
515 1363 622 1412 apud
661 1362 912 1408 Clarendon'‚
952 1375 1015 1400 xv.
1056 1362 1119 1400 die
1158 1360 1405 1400 Decembris.

496 1468 553 1504 De
589 1469 789 1516 quercubus
826 1466 1237 1504 czaris.—Mandatum
1276 1468 1336 1504 est
1375 1465 1556 1504 ‚Iohanni
1594 1465 1641 1503 de
1680 1463 1834 1507 Nevssl’,
1874 1462 2096 1513 justiciario

388 1529 546 1575 foreste,
585 1529 691 1578 quod
729 1528 772 1566 in
810 1528 958 1567 foresta
1005 1528 1053 1566 de
1101 1528 1202 1567 Cett’
1242 1527 1364 1566 faciat
1406 1527 1551 1566 habere
1586 1526 1773 1576 priorisse
1811 1529 1849 1564 et
1888 1525 2098 1564 monachis

388 1591 436 1629 de
460 1589 703 1629 Ambresbir'
725 1590 896 1640 triginta
926 1602 1096 1640 quercus
1130 1591 1179 1628 ad
1210 1590 1475 1628 maeremium
1507 1589 1556 1627 ad
1588 1588 1782 1627 fabricam
1816 1587 1979 1627 ecclesie
2013 1600 2095 1633 6116,

388 1653 436 1692 (16
474 1653 578 1692 (10110
616 1656 767 1692 nostro.
853 1652 970 1690 Teste
1008 1665 1098 1702 rege
1137 1652 1243 1701 apud
1282 1652 1532 1697 Clarendon',
1573 1664 1635 1689 xv.
1674 1650 1737 1688 (116
1776 1649 2022 1688 Decembris.

500 1760 577 1796 Pro
610 1760 799 1807 piscatore
835 1757 1245 1807 reyis.—Mandatum
1288 1759 1348 1795 est
1387 1754 1562 1794 Roberto
1604 1755 1652 1793 de
1691 1755 1954 1803 Chinchamp'
1992 1755 2098 1804 quod

390 1820 613 1860 Robertum
664 1820 905 1870 piscatorem
945 1819 1061 1869 regis,
1103 1832 1222 1870 quem
1267 1832 1335 1857 rex
1372 1818 1503 1857 mittit
1546 1818 1595 1856 ad
1633 1831 1725 1856 eum
1768 1817 1816 1855 ad
1860 1817 2097 1866 piscandum

390 1883 433 1922 in
463 1882 627 1922 vivariis
664 1881 858 1921 dominici
897 1881 958 1920 sui
997 1882 1046 1920 ad
1078 1894 1177 1931 opus
1216 1881 1320 1931 regis
1354 1882 1495 1919 contra
1528 1880 1687 1919 instans
1718 1879 1875 1925 Natale,
1908 1878 2099 1918 admittat

392 1948 431 1983 et
469 1943 667 1983 auxilium
706 1944 755 1982 ad
793 1943 869 1982 hoc
908 1943 943 1981 ei
981 1942 1127 1981 habere
1167 1942 1303 1982 faciat.

500 2050 581 2086 Pro
612 2049 780 2097 Raclzclfo
813 2049 965 2085 Hardez
998 2055 1030 2085 et
1065 2048 1251 2085 Willelmo
1283 2048 1366 2094 filio
1402 2045 1686 2093 Bone.——Quia
1717 2045 1917 2084 Radulfus
1951 2044 2101 2082 Hardel

392 2114 432 2151 et
470 2111 701 2150 Willelmus
748 2109 857 2148 filius
895 2110 1007 2148 Bone
1054 2109 1235 2148 fecerunt
1283 2122 1468 2148 securum
1521 2108 1753 2147 Johannem
1801 2108 1848 2146 de
1897 2107 2102 2146 Colemere

382 2166 441 2211 ‘de
472 2172 628 2211 duabus
660 2172 816 2210 navatis
848 2171 933 2210 vini
966 2184 1066 2221 quas
1097 2170 1248 2210 habent
1279 2172 1385 2221 apud
1418 2171 1658 2209 Wincheles’
1694 2170 1887 2208 ducendis
1918 2169 2101 2207 London'

392 2249 515 2286 quam
563 2235 683 2274 citius
731 2237 935 2284 poterunt,
987 2234 1091 2272 sicut
1134 2233 1205 2283 [in]
1256 2233 1401 2272 litteris
1446 2232 1678 2283 patentibus
1727 2232 1854 2282 ipsius
1902 2230 2103 2270 Johannis

393 2298 553 2337 ballivis
591 2297 696 2347 regis
734 2297 781 2334 de
819 2296 1063 2335 Wincheles’
1103 2295 1196 2334 inde
1248 2296 1410 2334 directis
1459 2295 1704 2341 continetur,
1755 2294 1995 2332 mandatum
2043 2296 2102 2331 est

391 2360 542 2398 eisdem
568 2359 727 2397 ballivis
757 2358 862 2408 quod
888 2357 1088 2408 predictas
1115 2361 1284 2396 navatas
1313 2357 1399 2396 vini
1426 2357 1616 2407 predictis
1642 2356 1818 2395 Radulfo
1839 2359 1877 2394 et
1898 2355 2103 2394 Willelmo

394 2422 480 2461 sine
517 2421 712 2460 dilatione
764 2420 977 2458 deliberari
1016 2419 1180 2459 faciant.
1259 2420 1375 2473 Teste
1414 2432 1505 2470 rege
1553 2419 1658 2469 apud
1705 2419 1963 2464 Clarendon’,
2004 2417 2101 2468 xvij.

396 2485 459 2524 die
497 2483 748 2523 Decembris.

503 2594 559 2631 De
615 2594 735 2629 damis
791 2590 1206 2629 datis.—Mandatmn
1245 2594 1306 2629 est
1354 2589 1652 2629 constabulario
1700 2589 1820 2628 castri
1873 2588 2102 2627 Divisarum

396 2655 503 2706 quod
540 2654 663 2693 faciat
691 2652 838 2692 habere
868 2653 915 2691 A.
948 2652 1152 2692 comitisse
1189 2651 1450 2697 Sarrisburie,
1483 2652 1661 2702 quinque
1699 2652 1838 2690 damas
1878 2651 1919 2688 in
1958 2651 2105 2689 foresta

397 2717 502 2767 regis
539 2717 587 2755 de
622 2715 889 2762 Melkesham‚
930 2716 978 2754 de
1028 2716 1133 2754 dono
1181 2715 1299 2764 regis,
1353 2717 1495 2754 contra
1542 2714 1701 2753 instans
1740 2713 1885 2752 Natale
1924 2712 2104 2751 Domini.

401 2779 519 2819 Teste
557 2781 604 2817 ut
641 2791 776 2828 supra.

507 2888 563 2925 De
608 2888 817 2936 ,quercubus
868 2887 980 2923 datis.
1013 2908 1063 2913 —-
1095 2884 1335 2923 Mandatum
1393 2888 1452 2923 est
1509 2883 1736 2923 vicecomiti
1794 2882 1945 2921 Kancie
2000 2881 2105 2932 quod

397 2948 544 2988 habere
581 2948 704 2987 faciat
743 2947 826 2986 Ade
878 2947 963 2986 filio
1006 2947 1202 2986 Willelmi
1251 2946 1398 2997 viginti
1436 2959 1606 2997 quercus
1659 2946 1701 2984 in
1747 2944 1865 2984 bosco
1912 2944 2015 2994 regis
2062 2943 2104 2981 in

397 3011 528 3051 Wald’
576 3010 802 3060 pertinente
841 3010 891 3048 ad
928 3009 1156 3048 manerium
1204 3008 1308 3059 regis
1355 3009 1403 3047 de
1451 3008 1705 3053 Middelton’,
1747 3007 1794 3045 de
1839 3007 1944 3045 dono
1982 3005 2100 3055 regis.

399 3074 517 3113 Teste
554 3075 600 3111 111
637 3084 771 3122 supra.

509 3182 639 3219 Judez‘.
685 3181 740 3217 De
768 3186 917 3217 extenta
940 3178 1434 3227 faciendae—Mandatum
1461 3181 1521 3217 est
1547 3177 1780 3228 justiciariis
1807 3176 1856 3214 ad
1882 3175 2105 3214 custodiam

404 3243 627 3283 Judeorum
665 3240 883 3291 assignatis
920 3240 1027 3291 quod
1074 3243 1217 3280 terram
1254 3239 1419 3280 Roberti
1457 3241 1505 3279 de
1543 3239 1674 3279 Vilers
1712 3239 1754 3277 in
1794 3237 1993 3283 Trifferd‘,
2032 3250 2108 3288 que

405 3308 466 3345 est
504 3304 669 3344 vadium
704 3303 837 3342 Aaron
881 3303 1048 3349 Blandi,
1095 3302 1300 3342 Abraham
1344 3303 1419 3341 filii
1468 3302 1644 3349 Murtel¹,
1693 3300 1914 3340 Judeorum
1962 3300 2104 3344 Lond’.

407 3367 495 3406 Deu
547 3366 584 3405 16
636 3366 775 3415 Beney
823 3367 863 3404 et
917 3364 1090 3410 Samar',
1144 3365 1366 3404 Judeorum
1416 3363 1637 3409 Wintonie,
1691 3374 1760 3412 per
1811 3364 2107 3401 sacramentum

420 3442 427 3471 1
467 3441 480 3472 ς,
