2375 3587
167 326 313 374 1235.

171 396 232 434 [m.
250 394 298 432 2.]

1055 204 1104 246 19
1148 200 1352 244 HENRY
1390 198 1470 242 ΠΙ.
2028 194 2108 234 119

408 406 578 441 rettatus
631 403 708 440 fuit
759 402 805 440 de
855 402 925 439 illa
974 403 1102 439 morte
1155 399 1245 438 odio
1297 400 1335 436 et
1387 399 1480 446 atya
1532 398 1570 433 et
1623 407 1703 432 non
1756 406 1801 431 eo
1853 390 1957 440 quos]
2016 389 2108 426 inde

414 465 628 515 culpabilis
680 465 784 509 fuit;
837 464 1077 502 mandatum
1141 464 1200 500 est
1260 459 1487 498 vicecomiti
1546 457 1700 495 Oxonie
1757 455 1876 504 quod,
1937 453 1968 490 si
2027 452 2109 500 ipse

408 527 606 567 Robertus
645 526 846 565 invenerit
880 526 914 564 ei
954 525 1022 575 xij.
1055 523 1199 573 probos
1238 526 1276 561 et
1311 521 1457 571 legales
1493 518 1678 557 homines
1713 517 1759 554 de
1797 515 1991 554 comitatu
2026 526 2109 556 suo,

407 590 476 639 qui
528 602 620 627 eum
672 587 964 637 manucapiant
1017 586 1162 624 habere
1215 596 1349 622 coram
1401 579 1636 632 justiciariis
1687 582 1777 622 etc.‚
1828 580 1925 614 tunc
1980 574 2110 613 tradat

408 653 541 702 ipsum
580 651 620 689 in
662 650 830 688 ballium
869 653 943 687 etc.
1021 648 1138 686 Teste
1177 649 1223 685 ut
1263 657 1397 694 supra.

521 761 595 797 Pro
634 761 761 795 abbate
805 752 1501 794 [Vama1111czst‹·1·ie›zsi.-Mandatum
1541 752 1600 787 est
1651 746 1810 785 ballivis
1858 745 1905 782 (16
1947 743 2111 793 Salopia

406 821 512 871 quod
549 833 629 859 non
668 819 916 869 distringant
955 819 1137 856 tenentes
1175 815 1332 853 abbatis
1372 808 1815 852 Westmonasteriensis
1853 811 1892 845 et
1926 805 2111 844 homines

409 896 546 921 eorum
595 882 822 920 tenentium
879 880 920 917 in
976 879 1073 917 villa
1128 878 1175 916 cle
1235 875 1398 924 Salopia
1454 886 1524 922 pro
1582 871 1781 916 theloneo,
1842 869 1946 906 unde
2005 867 2111 904 idem

411 944 533 983 abbas
571 943 837 994 quietantiam
877 941 999 980 habet
1031 954 1100 991 per
1130 942 1284 979 cartam
1320 936 1423 986 regis
1456 948 1578 985 quam
1617 933 1652 972 ei
1687 932 1773 970 fieri
1809 931 1916 969 fecit.
1994 928 2111 967 Teste

411 1020 501 1056 rege
533 1006 640 1056 apud
679 1004 1103 1049 Westmonasterium,
1147 1001 1230 1051 xvj.
1272 999 1335 1037 die
1380 996 1578 1037 Octobris.

520 1068 676 1107 Eodem
714 1067 833 1105 modo
872 1065 1062 1105 scribitur
1086 1078 1150 1102 :—

625 1129 784 1168 ballivis
822 1127 1031 1166 Hereford'
1475 1119 1632 1159 ballivis
1672 1118 1719 1156 (16
1759 1115 1979 1167 Wyntonia

630 1192 773 1241 majori
811 1194 850 1229 et
889 1190 1047 1229 ballivis
1082 1187 1296 1227 Grlovernie
1473 1182 1615 1232 majori
1647 1184 1685 1219 et
1715 1179 1875 1218 ballivis
1899 1176 2117 1227 Wigornie.

528 1319 602 1355 I'ro
653 1318 695 1355 J.
753 1317 1005 1353 &antoniensi
1057 1310 1380 1361 epi.s·c02m.-Ptex
1424 1307 1620 1346 concessit
1670 1303 1888 1343 venerabili
1927 1301 2032 1352 patri
2081 1301 2119 1339 J.

417 1378 683 1417 Bathoniensi
721 1377 906 1426 episcopo
943 1375 1048 1425 quod
1086 1376 1217 1424 preter
1265 1372 1354 1409 illas
1403 1368 1672 1419 quadraginta
1711 1379 1835 1411 acras,
1875 1377 1974 1413 quas
2012 1362 2123 1413 prius

417 1441 453 1479 ei
491 1440 686 1480 concessit
738 1439 993 1477 essartandas
1032 1437 1073 1474 in
1120 1436 1254 1485 aliquo
1299 1434 1347 1471 (16
1398 1431 1529 1470 boscis
1579 1429 1662 1468 suis
1700 1429 1747 1466 (16
1787 1427 1950 1471 Ceddre,
1992 1425 2123 1463 adhuc

417 1503 603 1542 essartari
640 1502 762 1540 faciat
800 1501 885 1540 sine
923 1499 1214 1549 impedimento
1263 1509 1327 1534 xx.
1378 1507 1489 1532 acras
1538 1492 1586 1530 ad
1626 1490 1821 1541 perticam
1872 1488 1991 1537 regis.
2068 1487 2123 1524 Et

417 1565 656 1603 mandatum
705 1567 765 1602 est
822 1562 993 1601 Ricardo
1045 1561 1092 1598 (16
1145 1558 1358 1598 Wrotham
1410 1555 1516 1605 quod
1573 1554 1706 1603 ipsum
1758 1551 1992 1600 episcopum
2040 1561 2120 1586 non

418 1627 612 1677 impediat
655 1626 751 1676 quin
801 1624 1000 1674 predictas
1037 1621 1183 1672 viginti
1222 1633 1333 1658 acras
1379 1618 1420 1655 in
1467 1617 1601 1666 aliquo
1650 1615 1698 1652 (16
1750 1612 1939 1663 predictis
1992 1610 2123 1649 boscis

417 1690 538 1729 libere
576 1688 763 1728 essartari
801 1687 934 1733 faciat,
977 1685 1081 1725 sicut
1119 1683 1346 1734 predictum
1385 1683 1458 1719 est.
1545 1678 1662 1716 Teste
1697 1689 1788 1726 rege
1822 1678 1866 1713 ut
1906 1687 2041 1723 supra.

534 1816 610 1852 l'ro
635 1815 820 1851 U'z'llelnm
844 1810 1157 1858 ]'›·esq0:.——Rex
1186 1805 1411 1847 vicecomiti
1441 1804 1550 1842 Norf⁷
1573 1811 1612 1839 et
1640 1801 1740 1840 Suff'
1770 1800 1955 1837 salutem.
2017 1797 2128 1836 Scias

421 1878 526 1927 quod
555 1890 648 1915 cum
677 1875 905 1915 Willelmus
936 1874 1107 1922 Tresgoz
1137 1883 1271 1910 coram
1300 1866 1519 1908 venerabili
1550 1867 1662 1915 patre
1699 1863 1856 1900 Thoma
1885 1859 2129 1899 Norwicensi

421 1941 608 1990 episcopo
658 1939 867 1977 Ydoneam
909 1937 957 1975 de
1007 1938 1173 1974 Lamers
1220 1934 1371 1983 peteret
1419 1930 1461 1967 in
1508 1939 1686 1972 uxorein,
1737 1925 1902 1963 tandem
1952 1922 2129 1972 predicta

422 2003 585 2041 Ydonea
628 2001 807 2051 predicto
845 1999 1050 2038 Willehno
1089 2000 1297 2046 tamquam
1336 1993 1422 2031 viro
1474 2003 1554 2039 suo,
1594 1987 1796 2038 legittimo
1837 1984 2133 2024 sententialiter

424 2065 654 2116 adjudicata
694 2066 764 2110 est,
805 2064 923 2112 prout
974 2059 1176 2110 predictus
1225 2057 1434 2107 episcopus
1481 2065 1551 2102 per
1601 2051 1757 2088 litteras
1807 2061 1900 2086 suas
1948 2048 2132 2096 patentes

426 2127 542 2167 nobis
580 2125 832 2177 significavit.
919 2124 975 2161 Et
1036 2122 1123 2161 ideo
1184 2119 1257 2158 tibi
1318 2115 1561 2168 precipimus
1622 2112 1728 2163 quod
1779 2112 1827 2149 (16
1877 2110 1991 2148 terris
2039 2121 2131 2146 cum

426 2189 680 2240 pertinentiis
728 2187 855 2237 ipsius
898 2186 1045 2224 Idonee
1094 2184 1136 2221 in
1188 2181 1310 2221 bailia
1367 2184 1436 2218 tua
1489 2176 1617 2215 eidem
1669 2173 1873 2212 Willelmo
1923 2174 2131 2219 tamquam

426 2253 511 2291 viro
559 2265 631 2291 suo
669 2250 870 2300 legittimo
908 2248 1070 2297 plenam
1108 2246 1301 2284 seisinam
1340 2241 1486 2280 habere
1524 2237 1662 2276 facias·
1721 2236 1840 2274 Teste
1888 2246 1978 2283 rege
2026 2232 2133 2281 apud

429 2312 848 2357 Westmonasterium,
888 2309 984 2359 xvij.
1024 2308 1086 2346 die
1126 2305 1321 2346 Octobris.

591 2375 747 2414 Eodem
786 2372 905 2411 modo
943 2370 1131 2410 scribitur
1168 2364 1472 2407 vicecomitibus
1491 2376 1555 2402 :—

645 2438 783 2475 Essex’
824 2438 863 2474 et
905 2433 1039 2472 Hertf'

647 2499 925 2547 Nor-hampton
934 2497 941 2511 ’
950 2527 958 2542 ‚

432 2576 477 2602 60
516 2566 681 2611 excepto
719 2560 824 2610 quod
862 2560 904 2597 in
943 2558 1139 2597 comitatu
1177 2555 1320 2594 Norht'
1355 2554 1406 2591 sit
1444 2551 1596 2590 mentio
1634 2550 1682 2587 (16
1721 2546 1895 2593 redditu,
1929 2545 2022 2595 quia
2053 2556 2134 2583 non

433 2625 551 2664 habet
588 2623 643 2663 ibi
682 2627 820 2662 terras.
895 2621 1011 2659 Teste
1049 2627 1094 2658 ut
1134 2631 1269 2668 supra.

541 2750 618 2786 Pro
671 2749 722 2785 Ε.
776 2746 1049 2784 cantuariensi
1098 2743 1391 2790 ‹cm-hiepz‘scvpo.
1423 2762 1476 2766 -—
1506 2736 1748 2775 Mandatum
1803 2736 1863 2771 est
1912 2728 2139 2769 vicecomiti

436 2811 587 2850 Kancie
629 2810 734 2860 quod
782 2808 903 2847 faciat
950 2806 1095 2845 habere
1142 2802 1362 2843 venerabili
1409 2799 1515 2851 patri
1563 2799 1612 2836 E.
1655 2793 1937 2836 Cantuariensi
1986 2791 2136 2830 archie-

436 2873 598 2923 piscopo
636 2871 782 2921 Anglie
820 2868 997 2920 primati,
1033 2869 1241 2905 returnum
1275 2863 1456 2904 brevium
1494 2863 1726 2899 nostrorum
1766 2857 2010 2899 clausorum,
2045 2864 2137 2890 cum

438 2935 487 2973 ad
538 2947 629 2973 eum
675 2934 856 2971 decetero
914 2928 1169 2980 pervenerint
1218 2928 1265 2965 (16
1323 2923 1558 2963 hominibus
1616 2918 1849 2959 tenentibus
1898 2917 1946 2954 de
2010 2913 2138 2952 archi-

437 2997 670 3046 episcopatu
718 2992 1013 3037 Cantuariensi,
1063 2993 1101 3029 et
1149 2990 1197 3027 de
1235 2988 1414 3039 prioratu
1455 2986 1602 3025 Sancte
1656 2980 1868 3019 Trinitatis
1922 2975 2138 3016 Cantuarie

440 3058 640 3097 similiter.
717 3057 833 3094 Teste
871 3058 916 3093 ut
955 3066 1088 3102 supra.

601 3127 756 3167 Eodem
795 3125 914 3163 modo
953 3122 1143 3162 scribitur
1181 3118 1486 3161 vicecomitibus
1503 3130 1566 3156 :—

658 3188 820 3228 Sussex‘
1150 3182 1387 3221 Middelsex’

659 3250 769 3291 Surr’
1154 3244 1309 3285 Oxonie

656 3311 797 3350 Essex’
819 3313 857 3349 et
878 3309 1011 3348 Hertf’
1154 3306 1265 3346 Norf’
1288 3308 1327 3344 et
1350 3303 1466 3345 Suff’.

645 3373 919 3422 -Bukingham
