2375 3587
237 217 319 258 258

300 349 443 396 1236.

289 414 354 455 [m.
380 414 447 453 11]

1159 217 1342 260 CLOSE
1387 215 1588 259 ROLLS.

646 418 700 454 De
743 425 898 465 respectu
949 415 1402 466 loquela—Mandatum
1454 414 1515 450 est
1564 410 1798 462 justiciariis
1845 408 1892 446 de
1941 408 2077 446 Banco
2125 407 2229 457 quod

536 479 736 527 loquelam
781 492 855 528 que
902 481 961 516 est
1008 490 1141 516 coram
1182 476 1237 514 eis
1276 488 1345 524 per
1383 474 1499 512 breve
1543 473 1646 522 regis
1696 472 1800 510 inter
1848 470 2070 508 Radulsum
2109 469 2232 519 Pyrot

536 547 574 578 et
618 540 857 589 Magistrum
896 541 1095 589 Rogerum
1135 539 1182 575 de
1222 537 1436 576 Weseham
1481 540 1520 573 et
1568 533 1796 582 conjudices
1843 544 1935 570 suos
1990 544 2110 581 quare
2154 531 2230 580 ipsi

536 605 753 640 tenuerunt
774 605 910 639 tamen
930 602 979 652 (P)
1016 600 1209 649 placitum
1232 598 1274 636 in
1304 598 1415 636 curia
1448 595 1769 635 Christianitatis
1790 594 1836 631 de
1854 593 1954 632 laico
1974 593 2088 631 feodo
2106 593 2232 642 ipsius

536 663 697 701 Radulfi
734 667 872 701 contra
910 661 1224 712 prohibitionem
1264 661 1381 709 regis,
1432 659 1538 696 unde
1586 658 1705 694 datus
1753 656 1831 693 fuit
1877 655 1934 693 eis
1980 655 2063 692 dies
2111 667 2134 692 a
2170 655 2232 692 die

536 725 689 763 Pasche
726 726 766 762 in
805 739 866 763 xv.
910 725 1006 770 dies,
1048 725 1202 773 ponant
1243 722 1283 759 in
1324 724 1552 771 respectum
1585 731 1709 768 usque
1746 718 1787 755 in
1826 716 2049 755 crastinum
2085 716 2231 756 Sancte

535 787 760 832 Trinitatis,
801 787 856 824 ita
909 786 1013 835 quod
1062 785 1220 834 loquela
1274 787 1370 821 tunc
1415 783 1466 820 sit
1518 781 1573 819 ibi
1620 780 1662 818 in
1712 780 1851 817 eodem
1891 780 2000 816 statu
2037 791 2115 827 quo
2149 791 2231 816 esse

535 848 671 886 debuit
718 862 740 886 a
783 848 846 886 die
886 848 1036 886 Pasche
1076 848 1117 884 in
1158 860 1221 884 xv.
1273 845 1369 890 dies,
1410 857 1456 882 eo
1505 856 1585 881 non
1641 841 1827 880 obstante
1877 841 1982 890 quod
2030 840 2232 889 predictus

535 910 727 959 magister
755 914 794 948 et
824 910 1052 960 conjudices
1082 909 1143 946 sui
1166 908 1213 945 ad
1235 907 1460 957 predictum
1491 906 1597 943 diem
1619 917 1749 943 coram
1769 903 1824 940 eis
1847 915 1927 940 non
1948 901 2231 940 interfuerunt.

537 974 652 1010 Teste
700 985 788 1021 rege
836 973 941 1021 apud
989 971 1175 1016 Windes’,
1218 969 1318 1020 xiiij.
1359 969 1421 1006 die
1461 967 1624 1017 Aprilis.

644 1070 734 1105 Har.
794 1068 849 1104 De
884 1065 1341 1105 balistis.—Mandatum
1376 1068 1435 1102 est
1475 1063 1526 1101 H.
1559 1061 1739 1107 Giffard',
1772 1059 2067 1099 constabulario
2097 1059 2234 1096 Turris

537 1129 733 1175 London',
771 1129 875 1178 quod
920 1129 967 1166 de
1020 1127 1176 1165 balistis
1229 1126 1332 1175 regis
1381 1138 1456 1174 que
1509 1127 1604 1162 sunt
1658 1124 1698 1160 in
1748 1122 1930 1161 custodia
1981 1134 2052 1159 sua
2091 1120 2235 1159 habere

536 1191 657 1229 faciat
695 1192 871 1228 Amauro
906 1191 952 1228 de
994 1190 1142 1228 Sancto
1176 1188 1359 1225 Amando
1396 1190 1568 1236 quatuor
1602 1185 1768 1223 balistas
1806 1184 1852 1221 de
1888 1196 2013 1222 cornu
2049 1183 2098 1221 ad
2135 1183 2234 1222 duos

535 1254 653 1302 pedes
692 1257 730 1290 et
762 1253 898 1290 decem
931 1251 1097 1289 balistas
1131 1251 1177 1287 de
1213 1249 1324 1298 ligno
1358 1249 1406 1286 ad
1442 1261 1569 1285 unum
1603 1248 1742 1296 pedem
1776 1246 1980 1295 ponendas
2020 1245 2060 1282 in
2094 1245 2235 1283 castris

536 1315 684 1352 nostris
722 1314 854 1351 Heref'
894 1318 932 1351 et
972 1313 1110 1351 Sancti
1144 1311 1349 1349 Briavelli.
1421 1310 1537 1347 Teste
1576 1322 1665 1357 rege
1700 1308 1805 1357 apud
1846 1307 2034 1354 Windes'‚
2075 1320 2138 1345 xv.
2173 1307 2236 1345 die

537 1375 698 1423 Aprilis.

646 1472 699 1508 De
719 1472 927 1507 huminibus
947 1472 989 1505 tle
1014 1468 1343 1516 s‹·azleby.-—]{ex
1364 1465 1581 1504 baronibus
1613 1465 1695 1503 suis
1729 1465 1775 1502 de
1810 1464 2017 1503 Scaccario
2049 1465 2233 1502 salutem.

536 1533 863 1570 Monstraverunt
902 1531 1016 1569 nobis
1056 1530 1240 1569 homines
1280 1529 1404 1567 nostri
1447 1529 1493 1566 de
1532 1526 1717 1578 Scalleby
1750 1527 1868 1576 quod,
1904 1539 1995 1565 cum
2030 1527 2151 1576 Hugo
2189 1528 2236 1565 de

537 1595 691 1640 Nevill‘,
728 1595 823 1631 dum
858 1594 933 1631 fuit
966 1593 1215 1643 justiciarius
1248 1592 1392 1629 foreste
1425 1594 1571 1636 nostre,
1604 1589 1821 1627 dimisisset
1860 1588 1916 1626 eis
1954 1592 2115 1637 pasture
2151 1590 2234 1640 (sic)

537 1658 638 1707 haye
672 1662 806 1694 1100110
830 1657 876 1694 de
907 1655 1089 1705 Scalleliy
1126 1667 1193 1703 per
1230 1667 1293 1691 xx.
1326 1653 1473 1690 solidos
1503 1664 1659 1690 annuos
1689 1651 1737 1689 ad
1771 1651 2023 1689 Scaccarium
2053 1654 2235 1689 nostrum

537 1719 769 1765 reddendos,
809 1723 847 1756 et
886 1718 961 1766 ipsi
1000 1725 1207 1766 pasturam
1248 1716 1360 1753 illam
1405 1714 1631 1753 tenuissent
1683 1726 1805 1762 usque
1853 1713 1902 1751 ad
1951 1717 2108 1762 tenipus
2159 1727 2237 1763 quo

538 1781 711 1818 Brianus
758 1781 805 1818 de
853 1779 992 1818 Insula
1040 1781 1178 1828 postea
1226 1778 1302 1816 fuit
1348 1777 1597 1828 justiciarius
1646 1780 1781 1813 noster
1841 1776 2020 1825 ejusdem
2078 1776 2235 1823 foreste,

538 1844 605 1893 qui
644 1856 709 1881 eos
748 1843 838 1880 inde
858 1842 1089 1886 disseishit,
1127 1854 1195 1879 vos
1226 1840 1516 1878 nichilominus
1546 1838 1706 1887 exigitis
1744 1837 1793 1876 ab
1838 1837 1893 1875 eis
1940 1837 2140 1887 predictos
2171 1852 2236 1876 xx.

539 1906 686 1943 solidos
725 1918 894 1942 annuos.
971 1904 1027 1941 Et
1066 1903 1152 1941 ideo
1191 1902 1301 1940 vobis
1339 1902 1583 1939 mandamus
1617 1900 1721 1949 quod
1757 1898 1830 1937 sub
1868 1899 2001 1949 sigillo
2042 1900 2238 1939 Scaccarii

540 1967 666 2006 nostri
713 1966 962 2004 demandetis
1011 1965 1232 2004 vicecomiti
1282 1967 1419 2002 nostro
1466 1963 1637 2001 Eboraci
1683 1962 1788 2012 quod
1834 1961 2068 2011 diligentem
2119 1963 2239 2002 faciat

540 2028 844 2078 inquisitionem
893 2041 960 2076 per
1007 2030 1205 2076 quantum
1256 2030 1414 2075 tempus
1452 2025 1549 2062 dicti
1598 2023 1783 2061 homines
1841 2023 1969 2061 nostri
2030 2027 2236 2073 pasturam

541 2091 653 2128 illam
693 2093 922 2135 tenuerunt,
962 2093 1006 2127 ut
1046 2089 1138 2127 inde
1176 2088 1385 2126 certificati
1425 2100 1494 2136 per
1542 2086 1849 2137 inquisitionem
1898 2085 2011 2124 illam
2059 2087 2106 2124 de
2154 2090 2238 2126 toto

541 2155 718 2201 tempore
756 2152 825 2190 illo
872 2164 949 2200 quo
998 2164 1077 2188 11011
1127 2153 1342 2188 tenuerunt
1390 2152 1596 2198 pasturam
1644 2148 1755 2186 illam
1803 2148 1850 2185 de
1898 2161 2033 2186 annuo
2080 2149 2238 2187 redditu

541 2214 809 2262 predictorum
849 2227 912 2250 xx.
954 2213 1171 2250 solidorum
1212 2212 1319 2261 ipsos
1357 2212 1513 2260 quietos
1552 2223 1636 2248 esse
1671 2210 1827 2247 faciatis
1862 2213 1900 2247 et
1940 2214 2076 2259 postea
2113 2211 2239 2249 nichil

541 2275 590 2313 ab
627 2276 682 2313 eis
721 2275 927 2313 occasione
961 2275 1139 2324 predicta
1177 2274 1359 2323 exigatis.
1437 2273 1553 2311 Teste
1592 2275 1637 2310 ut
1676 2284 1807 2320 supra.

650 2370 740 2407 Rea:
803 2371 878 2406 Pro
919 2383 1011 2416 ressst,
1046 2371 1086 2405 (le
1118 2370 1285 2405 denariis
1323 2370 1372 2404 ad
1408 2381 1584 2414 expensa-s*
1619 2365 1867 2414 ›·eyi.s·.-—Rex
1902 2365 2145 2414 significavit
2184 2367 2238 2406 H.

542 2431 588 2468 de
618 2430 885 2475 Patheshull'‚
919 2430 1170 2467 thesaurario
1209 2442 1292 2474 0110,
1325 2429 1429 2478 quod
1469 2429 1597 2466 iturus
1636 2432 1694 2465 est
1732 2427 1781 2464 ad
1818 2430 1950 2475 partes
1987 2428 2034 2465 de
2068 2428 2239 2478 Rading'

542 2492 603 2529 die
670 2492 833 2529 Yeneris
898 2496 985 2540 post
1053 2491 1245 2529 Clausum
1317 2490 1482 2528 Pasche.
1560 2490 1615 2527 Et
1681 2489 1918 2526 mandatum
1987 2493 2045 2526 est
2112 2490 2237 2528 eidem

543 2554 791 2591 thesaurario
829 2555 933 2603 quod
973 2566 1097 2602 usque
1138 2553 1307 2601 Rading'
1344 2552 1417 2589 sub
1455 2552 1565 2588 omni
1606 2550 1862 2588 festinatione
1901 2550 2038 2588 mittat
2075 2556 2238 2590 0011111111

543 2614 664 2652 libras
703 2616 751 2652 ad
789 2628 983 2664 expensas
1017 2614 1133 2663 regis,
1175 2620 1213 2651 et
1254 2627 1321 2662 per
1358 2614 1512 2651 litteras
1556 2625 1647 2650 suas
1687 2611 1767 2660 regi
1807 2611 2005 2660 significet
2040 2618 2238 2661 quantum

544 2677 733 2725 receperit
786 2677 834 2714 ad
882 2676 1134 2714 Scaccarium
1178 2675 1281 2724 regis
1324 2679 1413 2724 post
1455 2676 1537 2725 (sic)
1582 2686 1688 2711 anno
1728 2677 1802 2711 etc.
1847 2687 1910 2712 xx.
1954 2674 1995 2711 in
2037 2675 2237 2715 thesauro.

545 2738 661 2776 Teste
682 2742 725 2775 ut
764 2751 895 2787 supra.

652 2827 742 2862 Reiz
804 2826 858 2862 De
895 2827 1050 2873 forestis
1100 2826 1192 2872 reglis
1236 2832 1268 2860 et
1312 2825 1477 2860 (lontibus
1515 2825 1558 2859 de
1599 2821 2142 2861 Claremlon'.——Mandatum
2181 2828 2240 2863 est

544 2887 769 2926 vicecomiti
808 2887 922 2924 Dors'
963 2887 1067 2935 quod
1106 2899 1239 2924 coram
1275 2885 1449 2923 Roberto
1487 2885 1534 2922 de
1569 2884 1765 2934 Aundely,
1806 2883 1867 2922 cui
1908 2897 1974 2922 rex
2014 2886 2237 2924 manerium

545 2962 663 2987 suum
702 2948 748 2985 de
781 2948 1065 2997 (lyllingehain
1108 2947 1341 2996 [commisit]
1384 2959 1474 2984 cum
1505 2945 1690 2984 domibus
1720 2949 1758 2983 et
1792 2958 1910 2994 parco
1941 2946 2044 2995 regis
2073 2951 2111 2985 et
2150 2948 2239 2985 aliis

545 3009 798 3060 pertinentiis
855 3009 949 3054 suis,
1004 3008 1137 3047 venire
1191 3009 1311 3046 faciat
1368 3007 1579 3046 viridarios
1630 3007 1805 3056 partium
1858 3007 2019 3045 illarum
2077 3012 2115 3046 et
2167 3009 2236 3059 xij.

545 3072 733 3110 discretos
773 3075 809 3108 et
848 3071 993 3119 legales
1032 3071 1181 3108 milites
1219 3075 1257 3108 et
1296 3071 1394 3108 alios
1432 3070 1479 3107 de
1518 3069 1711 3107 comitatu
1751 3082 1821 3106 suo
1860 3070 1907 3106 ad
1942 3070 2157 3108 videndum
2196 3071 2237 3109 in

544 3147 622 3183 quo
660 3136 768 3170 statu
808 3132 912 3170 idem
953 3132 1151 3170 Robertus
1196 3133 1384 3181 receperit
1423 3132 1612 3169 forestam
1660 3131 1785 3176 illam,
1825 3134 1863 3168 et
1901 3131 2072 3180 qualiter
2119 3132 2239 3171 fuerit

545 3195 744 3234 custodita
778 3195 825 3231 de
859 3194 975 3231 viridi
1010 3197 1048 3232 et
1083 3194 1320 3238 venatione3
1357 3198 1394 3231 et
1432 3197 1644 3243 postquam
1680 3192 1913 3241 diligentem
1948 3193 2039 3231 inde
2073 3193 2239 3233 fecerint

544 3255 862 3306 inquisitionem,
897 3255 969 3292 sub
1004 3255 1148 3304 sigillis
1182 3256 1452 3304 predictorum
1485 3254 1764 3292 viridariorum
1799 3256 1837 3291 et
1874 3253 2053 3292 militum
2091 3258 2129 3293 et
2167 3257 2240 3295 sub

545 3318 677 3367 sigillo
716 3330 786 3355 suo
823 3320 862 3355 et
902 3317 1068 3366 predicti
1106 3316 1282 3363 Roberti,
1317 3317 1415 3355 scire
1450 3317 1570 3355 faciat
1603 3315 1685 3364 regi
1719 3316 1761 3352 in
1795 3328 1872 3365 quo
1907 3319 2014 3354 statu
2048 3317 2237 3356 forestam

504 3378 507 3383 ’
545 3381 657 3418 illam
698 3378 900 3428 receperit.
960 3378 1075 3416 'Peste
1114 3382 1158 3416 ut
1198 3391 1329 3427 supra.
