2375 3587
182 318 324 366 1235.

178 386 236 424 [m.
256 385 328 426 15.]

1059 198 1110 239 15)
1153 197 1360 241 HENRY
1401 199 1482 242 ΙΙΙ.
2075 207 2127 245 69

419 388 546 436 libris,
587 392 668 429 sive
716 392 755 430 in
800 393 974 432 denariis
1013 394 1094 433 sive
1143 395 1183 433 in
1231 397 1361 435 cordis
1399 401 1438 436 et
1475 398 1676 444 anchoris,
1717 399 1766 437 ad
1805 400 1931 448 galias
1970 404 2128 439 nostras

420 452 526 500 apud
557 453 798 493 Wincheles’
834 455 1077 494 muniendas
1108 457 1157 494 ad
1197 458 1374 496 eundum
1410 459 1451 496 in
1488 460 1697 498 servitium
1730 464 1927 507 nostrum,
1967 475 2033 500 eas
2071 462 2127 500 eis

418 513 563 553 habere
602 515 772 563 faciatis,
822 521 861 555 et
911 517 1023 556 vobis
1073 532 1138 557 eas
1187 520 1237 558 ad
1286 521 1526 560 mandatum
1578 525 1755 560 vestrum
1800 523 1886 561 sine
1935 524 2126 563 dilatione

419 576 529 614 reddi
559 577 768 617 faciemus.
829 580 946 618 Teste
984 584 1028 618 ut
1068 581 1230 631 supra*

526 666 582 702 De
613 668 829 714 quibusdam
860 669 951 705 loeis
979 671 1082 716 apud
1117 670 1480 708 U'estmmnasterium
1510 673 1745 719 plastramlis
1765 680 1797 709 et
1826 676 2046 720 reparandis
2077 675 2127 709 ad

418 729 504 764 rina
538 729 1062 775 reponenda,—Mandatum
1092 734 1152 769 est
1184 731 1314 770 Odoni
1343 732 1569 779 Aurifabro,
1598 733 1754 772 custodi
1784 734 1995 772 domorum
2024 735 2126 784 regis

417 788 778 837 Westmonasterii,
819 792 925 840 quod
964 792 1093 830 aleam
1137 792 1249 831 illam
1289 793 1394 832 inter
1431 794 1597 832 domum
1646 799 1800 844 recepte
1848 796 1950 845 regis
1998 797 2124 835 West-

415 851 653 890 monasterii
706 856 744 890 et
798 866 999 891 cameram
1059 854 1162 904 regis
1215 858 1253 893 et
1309 855 1388 893 alia
1445 856 1531 894 loca
1587 856 1735 895 ibidem
1792 857 1876 896 sine
1933 858 2127 897 dilatione

415 912 603 961 plastrari
641 916 680 952 et
714 915 887 964 reparari
926 915 1061 961 faciat,
1104 917 1325 955 secundum
1373 918 1479 968 quod
1527 919 1736 958 Johannes
1770 920 1817 958 de
1847 920 2050 959 Colemere
2089 921 2123 959 ei

414 974 531 1021 dicet,
572 975 630 1014 ita
667 976 773 1026 quod
818 976 962 1016 idonea
1009 977 1090 1016 sint
1135 978 1184 1016 ad
1222 979 1317 1017 vina
1364 979 1467 1029 regis
1506 979 1653 1018 ibidem
1692 982 1932 1031 reponenda.
2010 982 2126 1021 Teste

414 1049 503 1086 rege
541 1038 646 1087 apud
685 1037 937 1084 Abbendon’,
979 1039 1022 1089 ij.
1062 1040 1125 1078 die
1163 1040 1326 1090 Aprilis.

524 1125 602 1162 Pro
624 1126 790 1163 Hem-ico
814 1127 1119 1166 Banna—Rex
1149 1128 1198 1166 ad
1228 1128 1468 1167 instantiam
1499 1129 1686 1180 Hugonis
1710 1130 1862 1182 Paynel
1891 1132 2127 1181 perdonavit

414 1186 591 1225 Henrico
641 1188 765 1226 Barat
812 1189 1130 1228 misericordiam
1179 1190 1220 1228 in
1269 1204 1392 1241 quam
1441 1191 1584 1230 incidit
1632 1205 1766 1232 coram
1817 1193 2031 1233 baronibus
2079 1195 2126 1234 de

416 1249 637 1295 scaccario,
692 1263 738 1288 eo
790 1251 896 1300 quod
949 1265 1030 1290 non
1082 1253 1254 1292 servavit
1304 1253 1524 1292 terminum
1571 1268 1689 1293 suum
1731 1256 1779 1294 ad
1827 1270 1946 1306 quem
1989 1256 2126 1296 debuit

414 1311 579 1350 solvisse
618 1312 668 1349 ad
708 1312 813 1350 idem
856 1313 1111 1352 Scaccarium
1151 1315 1263 1365 lxvij.
1305 1316 1453 1354 solidos
1500 1320 1539 1355 et
1586 1317 1644 1366 iij.
1694 1318 1877 1357 denarios
1925 1332 1995 1369 pro
2040 1320 2126 1369 ipso

414 1374 600 1423 Hugone.
659 1374 715 1412 Et
761 1376 1007 1414 mandatum
1046 1380 1106 1415 est
1144 1376 1294 1416 eisdem
1334 1377 1552 1417 baronibus
1585 1380 1690 1428 quod
1729 1380 1862 1429 ipsum
1902 1381 2125 1420 Henricum

411 1436 459 1474 de
507 1436 685 1485 predicta
735 1437 1008 1478 misericordia
1055 1439 1239 1489 quietum
1294 1453 1378 1479 esse
1433 1441 1598 1479 faciant.
1710 1442 1825 1481 Teste
1875 1457 1964 1493 rege
2019 1445 2124 1494 apud

412 1497 608 1544 Abbend',
646 1499 687 1549 ij.
725 1499 787 1537 die
824 1500 988 1549 Aprilis.

520 1587 611 1624 [ἰαῦ.
670 1588 1029 1635 Delii-01·e'.s·e'0nz'b1‹‚s·
1066 1590 1439 1628 revocaadim—Rex
1480 1591 1705 1630 vicecomiti
1745 1592 1886 1631 ESSQX’
1927 1597 1965 1631 eb
2005 1594 2123 1632 Hert--

411 1648 511 1686 ford'
571 1649 757 1687 salutem.
827 1649 942 1696 Quia,
1002 1651 1117 1688 novis
1175 1652 1477 1701 emergentibus
1535 1654 1720 1702 negotiis,
1776 1655 1985 1694 intendere
2042 1669 2123 1695 non

411 1711 631 1760 poterimus
671 1711 750 1749 hiis
789 1725 864 1761 que
895 1712 1023 1750 facere
1054 1714 1340 1763 proposuimus
1380 1718 1470 1764 post
1505 1715 1664 1754 instans
1703 1718 1857 1756 Pascha
1895 1721 1934 1757 et
1965 1722 2125 1768 propter

410 1786 485 1822 que
524 1774 719 1823 quasdam
758 1774 1004 1823 provisiones
1040 1788 1062 1813 a
1098 1778 1136 1813 te
1177 1776 1263 1814 fieri
1302 1777 1566 1826 precepimus,
1609 1778 1681 1816 tibi
1721 1780 1965 1829 precipimus
2003 1782 2122 1831 quod,

410 1835 443 1874 si
492 1836 588 1885 quid
641 1836 776 1874 emisti
824 1836 887 1874 vel
933 1837 1073 1886 cepisti
1124 1837 1174 1876 ab
1222 1838 1426 1888 aliquibus
1472 1841 1681 1879 occasione
1730 1842 1898 1891 predicti
1947 1844 2123 1892 precepti

410 1899 552 1945 nostri,
607 1899 646 1936 id
700 1899 785 1937 sine
831 1899 1025 1938 dilatione
1090 1901 1199 1939 reddi
1257 1902 1381 1940 facias
1431 1903 1509 1941 hiis
1563 1917 1585 1941 a
1643 1904 1789 1954 quibus
1849 1910 2014 1956 captum
2061 1907 2123 1945 vel

409 1966 590 2011 emptum
634 1962 754 2000 fuerit
792 1962 841 2000 ad
880 1975 980 2012 opus
1018 1968 1217 2002 nostrum.
1278 1965 1395 2003 Teste
1434 1969 1478 2004 ut
1518 1979 1648 2016 supra.

515 2024 671 2063 Eodem
703 2025 817 2062 modo
857 2025 1096 2063 mandatum
1131 2030 1191 2064 est
1211 2040 1276 2064 :—

624 2086 926 2126 vicecomitibus
965 2087 1097 2134 Berk’,
1502 2091 1627 2138 Surr',

965 2150 1209 2196 Middelsex'‚
1501 2153 1724 2200 Bedeford',

965 2212 1234 2262 Cantebrigie,
1493 2215 1612 2261 Buk‘,

965 2274 1074 2312 Norf'
1110 2278 1149 2313 et
1188 2276 1303 2321 Suff’,
1368 2280 1372 2284 '
1493 2278 1655 2323 Sussex,

622 2336 802 2374 »Iohanni
841 2336 888 2373 de
928 2336 1083 2374 Nevill'.

519 2407 603 2445 Rex
670 2406 829 2444 ballivis
892 2406 1091 2444 Wicumb'
1161 2409 1348 2447 salutem.
1436 2412 1580 2449 Grates
1642 2411 1754 2449 vobis
1804 2412 2015 2451 referimus
2072 2414 2119 2452 de

411 2469 652 2519 provisione,
694 2481 815 2518 quam
855 2468 967 2506 vobis
997 2482 1124 2519 nuper
1154 2471 1441 2511 mandavimus
1475 2473 1701 2512 faciendam
1736 2478 1876 2512 contra
1914 2477 2117 2525 quandam

409 2531 768 2581 sollempnitatem,
810 2544 931 2580 quami
979 2535 1113 2570 tenere
1161 2534 1443 2582 proposuimus
1493 2539 1582 2585 post
1618 2536 1776 2574 instans
1818 2537 1986 2576 Pascha.
2047 2538 2115 2584 Et,

407 2594 500 2643 quia
566 2594 612 2632 de
679 2593 883 2642 proposito
933 2598 1070 2631 nostro
1140 2595 1181 2632 in
1238 2596 1313 2634 hac
1378 2602 1490 2646 parte
1549 2598 1745 2647 prepediti
1804 2613 1957 2645 sumus,
2008 2600 2118 2639 vobis

407 2656 652 2694 mandamus
697 2655 815 2704 quod,
866 2655 898 2692 si
936 2656 1033 2705 quid
1071 2657 1235 2706 cepistis
1283 2658 1343 2696 vel
1382 2659 1538 2698 emistis
1579 2659 1629 2698 ab
1669 2660 1871 2710 aliquibus
1911 2663 2116 2701 occasione

408 2718 575 2767 predicti
615 2717 798 2755 mandati
838 2717 978 2763 nostri,
1020 2718 1058 2755 id
1099 2719 1185 2756 sine
1224 2720 1417 2759 dilatione
1459 2722 1570 2759 reddi
1610 2722 1768 2761 faciatis
1796 2723 1874 2761 hiis
1922 2737 1944 2762 a
1973 2724 2117 2774 quibus

408 2785 571 2830 captum
612 2780 674 2818 vel
713 2782 895 2828 emptum
936 2779 1056 2818 fuerit
1095 2781 1144 2819 ad
1178 2794 1278 2831 opus
1317 2786 1514 2821 nostrum.
1575 2784 1690 2823 Teste
1730 2789 1773 2823 ut
1811 2799 1944 2835 supra.

516 2842 672 2881 Eodem
712 2841 832 2879 modo
867 2842 1105 2880 mandatum
1142 2846 1202 2881 est
1236 2843 1396 2883 ballivis
1434 2846 1560 2884 de:-—

621 2903 887 2949 Dorkecestr',
1384 2907 1568 2957 Rading’,

620 2965 812 3011 Abbend’,
1377 2969 1586 3019 Aylesbir'‚

620 3029 876 3077 Dunestapl’,
1378 3031 1532 3077 Norht',

621 3091 757 3136 Tame,
1374 3093 1601 3144 Wycumb’,

620 3152 759 3191 Sancti
793 3152 952 3196 Neothi‚
1372 3155 1623 3202 Bannebir’‚‘

620 3213 760 3253 Sancti
798 3212 956 3257 Albani,
1370 3216 1589 3263 Huntind’,

618 3275 884 3323 Cantebrigie,
1373 3279 1598 3325 Bedeford',

617 3338 783 3376 Wilton'
792 3367 800 3383 ‚
1374 3340 1477 3391 Wyn
1484 3341 1604 3379 tonie.

502 3421 516 3435 *
536 3417 618 3449 This
634 3402 730 3460 entry
746 3418 773 3448 is
789 3402 961 3449 cancelled
982 3402 1079 3459 (tinia
1096 3418 1224 3450 reddite
1241 3419 1378 3451 fuerunt
1395 3406 1567 3452 liam-ea*
1576 3406 1772 3453 nichilinde
1788 3406 2012 3456 actum—fuit)
