2375 3587
156 367 294 414 1236.

160 438 219 472 [m.
246 433 294 472 9.]

1028 227 1083 265 20
1125 223 1206 264 HE
1215 221 1328 263 NRY
1370 220 1452 260 III.
2007 209 2090 250 283

496 428 574 463 l’ro
632 427 788 462 [sobet-t«)
845 426 886 460 de
945 417 1444 470 (soli-‹gfend.—Mandatum
1501 416 1561 451 est
1619 412 1774 460 Rogero
1832 408 1879 445 de
1918 400 2092 449 ⁷Essexss

387 487 577 528 escaetori
616 487 732 536 regis,
772 485 879 535 quod
918 488 1001 523 tam
1041 483 1087 520 de
1128 481 1244 520 terris
1281 491 1381 528 quas
1421 475 1579 525 Agatha
1621 474 1668 510 de
1712 469 1914 510 Cokefeud
1961 465 2093 505 tenuit

386 552 429 589 in
468 551 604 588 dotem
642 562 761 598 quam
802 548 849 585 de
888 546 1006 585 terris
1045 557 1144 594 quas
1188 542 1319 581 tenuit
1368 537 1607 577 hereditarie
1656 538 1695 572 et
1743 546 1841 583 quas
1888 528 2095 568 occasione

389 613 531 651 mortis
574 611 700 660 ipsius
744 610 902 659 Agathe
950 608 1055 657 cepit
1102 607 1144 643 in
1193 616 1362 642 manum
1404 600 1522 649 regis,
1563 596 1738 635 Roberto
1786 594 1833 631 de
1880 589 2096 634 Cokefeud,

389 675 472 713 filio
520 678 559 711 61
609 673 745 711 heredi
803 671 980 721 predicte
1037 668 1208 718 Agathe,
1268 665 1429 714 plenam
1489 660 1681 699 seisinam
1748 655 1893 693 habere
1960 651 2095 697 faciat,

391 737 512 775 simul
546 748 639 774 611111
673 733 864 773 omnibus
896 732 1053 770 catallis
1087 743 1163 779 que
1194 729 1235 765 in
1277 727 1427 765 eisdem
1462 723 1578 762 terris
1617 719 1775 758 invenit
1813 721 1851 754 et
1891 714 2098 754 occasione

392 799 535 837 mortis
592 797 768 846 predicte
826 795 867 832 in
925 806 1093 831 manum
1152 791 1256 840 regis
1313 788 1430 837 cepit,
1489 785 1652 834 plenam
1711 780 1901 818 seisinam
1954 775 2099 813 habere

391 861 513 899 faciat
553 860 650 911 (sic),
692 858 724 896 si
761 858 899 896 eadem
940 855 1101 905 Agatha
1139 853 1294 890 nullam
1334 855 1482 888 terram
1526 846 1588 885 vel
1637 845 1870 882 tenementa
1917 840 1964 877 de
2011 849 2100 886 rege

394 922 526 961 tenuit
564 921 606 959 in
645 921 788 970 capite.
867 919 984 956 Teste
1023 920 1068 954 ut
1106 928 1240 964 supra.

505 1036 559 1072 De
624 1035 815 1070 ›umet-emisa
879 1033 929 1067 acl
995 1030 1268 1077 reparationem
1336 1024 1631 1061 ,mlenclz'nm-um
1703 1019 1795 1064 reglis
1856 1013 2103 1051 ];5›·ist‹›ll‘.—

397 1097 639 1136 Mandatum
688 1097 749 1132 est
799 1090 1099 1132 constabulario
1151 1087 1332 1127 Bristoll’
1387 1084 1493 1135 quod
1550 1082 1592 1120 in
1645 1080 1764 1118 bosco
1821 1078 1869 1115 de
1926 1074 2105 1113 Furches

398 1160 543 1197 habere
582 1157 706 1196 faciat
740 1155 899 1194 ballivis
937 1152 1116 1191 Eristoll'
1168 1148 1435 1188 maeremium
1484 1142 1756 1183 necessarium
1806 1139 1854 1177 ad
1905 1139 2106 1175 sustenta-

399 1222 549 1260 tionem
599 1218 927 1257 molendinorum
976 1215 1080 1264 regis
1128 1211 1324 1257 Bristoll’,
1375 1210 1432 1247 ita
1478 1206 1584 1257 quod
1633 1205 1680 1242 de
1731 1200 1957 1253 quercubus
2008 1211 2107 1247 quas

399 1283 455 1321 eis
503 1282 551 1320 ad
600 1281 676 1319 hoc
724 1279 870 1317 habere
917 1277 1057 1316 fecerit
1104 1274 1250 1313 habeat
1299 1284 1420 1322 penes
1470 1282 1509 1307 se
1559 1279 1683 1305 unam
1735 1264 1892 1302 talliam
1946 1268 1985 1298 et
2033 1259 2108 1309 ipsi

402 1345 539 1383 ballivi
579 1343 681 1393 regis
720 1339 1034 1380 contratalliam.
1113 1338 1230 1375 Teste
1268 1347 1358 1384 rege
1398 1331 1504 1382 apud
1545 1329 1703 1373 Glouc‘‚
1738 1326 1796 1376 iij.
1837 1324 1900 1362 die
1939 1322 2053 1361 Julii.

514 1459 604 1495 Her.
666 1457 742 1493 Pru
784 1455 950 1491 Hem-ico
990 1454 1032 1488 «Ie
1070 1447 1479 1488 [hun—Mandatum
1519 1445 1578 1481 est
1617 1439 1778 1479 ballivis
1808 1438 1917 1475 Nove
1950 1436 2112 1473 Foreste

404 1519 509 1570 quod
540 1518 663 1557 salem
692 1517 739 1554 de
768 1515 918 1554 balliva
946 1527 1018 1552 sua
1046 1511 1318 1562 pertinentem
1350 1508 1399 1546 ad
1428 1505 1646 1544 larderium
1671 1501 1775 1551 regis
1799 1500 1846 1537 de
1872 1497 2110 1537 Clarendon’

405 1581 551 1620 habere
626 1579 778 1617 faciant
853 1576 1030 1615 Henrico
1096 1574 1144 1612 de
1210 1573 1319 1617 Dum,
1387 1567 1545 1607 custodi
1615 1566 1829 1603 domorum
1896 1559 2001 1609 regis
2066 1558 2113 1595 de

406 1642 661 1687 Clarendon’,
702 1641 751 1678 ad
790 1638 1019 1677 faciendum
1058 1636 1150 1673 inde
1187 1633 1292 1685 quod
1332 1645 1399 1670 rex
1437 1630 1472 1668 ei
1511 1627 1702 1679 precepit.
1775 1625 1892 1662 Teste
1936 1633 2026 1670 rege
2068 1623 2112 1657 ut

406 1718 540 1755 supra.

517 1817 573 1854 Da
621 1816 741 1852 damis
793 1809 1206 1850 datis.—Mandamin
1256 1811 1316 1844 est
1360 1801 1541 1842 ,Johanni
1595 1801 1641 1838 (16
1695 1798 1856 1844 Nevill',
1896 1794 2118 1848 justiciario

410 1880 569 1924 foreste,
628 1876 734 1926 quod
788 1875 828 1912 111
889 1874 1039 1911 foresta
1094 1871 1142 1908 de
1200 1867 1379 1906 Brehull'
1438 1865 1560 1902 faciat
1617 1861 1762 1899 habere
1820 1859 1947 1897 Alicie
2003 1856 2119 1895 uxori

412 1939 617 1981 Godefridi
667 1939 714 1976 de
764 1934 1003 1976 Craucumb'
1046 1938 1123 1972 tres
1162 1932 1302 1970 damos
1349 1929 1397 1967 de
1445 1927 1549 1965 douo
1598 1924 1716 1974 regis.
1791 1923 1909 1960 Teste
1946 1933 2036 1970 rege
2076 1922 2120 1956 ut

414 2016 546 2054 supra.

524 2117 580 2153 De
623 2115 789 2151 sturione
827 2112 905 2160 reglis
945 2104 1444 2147 mmendo.—Mandatum
1480 2105 1541 2139 est
1581 2100 1644 2138 W.
1687 2099 1734 2136 de
1769 2095 1978 2136 Lancastr’
2018 2093 2124 2144 quod

417 2178 639 2218 sturionem
689 2187 808 2225 quem
861 2171 997 2211 ballivi
1051 2170 1111 2208 sui
1165 2168 1408 2206 invenerunt
1462 2176 1580 2213 super
1630 2161 1864 2200 sabolonem
1914 2157 2038 2196 maris
2085 2158 2124 2194 et

418 2254 537 2292 quem
586 2238 755 2277 retinuit
802 2236 851 2274 ad
898 2247 998 2284 opus
1038 2233 1141 2281 regis
1182 2243 1263 2269 non
1302 2228 1487 2267 obstante
1521 2239 1565 2263 eo
1605 2224 1710 2274 quod
1749 2222 1870 2260 abbas
1909 2221 1956 2258 (16
1997 2219 2121 2257 Furn’

420 2302 536 2354 petiit
586 2301 736 2350 piscem
784 2298 917 2347 ipsum
966 2300 1177 2344 tamquam
1217 2294 1382 2340 captum
1422 2289 1462 2326 111
1502 2286 1688 2325 libertate
1728 2297 1800 2322 sua
1834 2282 2000 2321 domino
2041 2279 2125 2329 regi

421 2378 541 2416 quam
579 2363 698 2402 citius
737 2360 882 2411 poterit
922 2358 1074 2396 mittat.
1152 2355 1268 2392 Teste
1308 2355 1353 2390 ut
1393 2363 1525 2400 supra.

531 2479 585 2514 De
639 2475 826 2512 roboribus
874 2468 1288 2509 ‹lat1·s.-Mandatu1n
1323 2468 1382 2503 est
1421 2460 1721 2502 constabulario
1756 2457 1897 2497 Sancti
1936 2454 2129 2494 Briavelli

423 2541 528 2592 quod
584 2538 706 2576 faciat
756 2534 901 2574 habere
955 2530 1164 2570 Fratribus
1219 2526 1445 2566 Minoribus
1504 2525 1644 2563 Glouc'
1699 2523 1836 2560 decem
1889 2518 2031 2557 robora
2087 2517 2129 2554 in

424 2603 573 2643 balliva
611 2613 683 2639 sua
720 2599 771 2637 ad
809 2598 943 2636 focum
983 2607 1102 2633 suum
1137 2594 1183 2631 de
1222 2592 1327 2630 dono
1366 2588 1482 2639 regis.
1558 2587 1674 2624 Teste
1713 2587 1758 2622 ut
1797 2595 1930 2632 supra.

539 2715 613 2751 Pro
673 2713 818 2759 [foyera
875 2711 917 2745 ‹Ie
974 2704 1320 2744 paunteau—Rex
1377 2693 1603 2739 vicecomiti
1660 2694 1871 2734 Bedeford’
1926 2696 1964 2731 et
2030 2691 2131 2729 Buk'

426 2777 612 2817 salutem.
675 2773 786 2812 Scias
816 2770 921 2821 quod
949 2768 1168 2807 divortium
1198 2764 1445 2804 celebratum
1475 2775 1543 2811 per
1573 2758 1872 2798 Norwicensem
1901 2755 2132 2804 episcopum

427 2844 466 2877 et
495 2835 724 2887 conjudices
754 2847 846 2872 suos
875 2833 981 2870 inter
1011 2831 1215 2879 Rogerum
1245 2828 1292 2865 de
1322 2825 1518 2864 Dauntes⁷
1551 2826 1589 2860 et
1624 2820 1851 2865 Matildem,
1885 2816 2134 2855 comitissam

431 2902 586 2946 Essex⁷,
644 2910 809 2936 uxorem
867 2908 995 2940 suam,
1047 2906 1116 2943 per
1164 2888 1436 2930 venerabilem
1494 2888 1648 2936 patrem
1696 2883 1744 2921 R.
1796 2879 2134 2919 Herefordensem

430 2963 662 3013 episcopum
714 2962 753 2997 61
802 2956 1054 3007 conjudicem
1099 2966 1232 2998 suum,
1274 2949 1514 2989 auctoritate
1552 2947 1780 2984 litterarum
1820 2941 1974 2981 domini
2014 2928 2156 2989 Papes'

431 3029 491 3064 est
528 3025 760 3062 revocatum
798 3024 836 3058 61
873 3019 1051 3068 predicta
1098 3015 1305 3055 comitissa
1352 3012 1386 3051 61
1436 3016 1646 3060 tamquam
1691 3020 1790 3045 uxor
1838 3018 1910 3043 sua
1955 3002 2138 3053 legitima

433 3086 676 3138 adjudicata,
748 3082 852 3120 sicut
906 3081 1027 3118 iidem
1084 3078 1237 3129 judices
1294 3088 1362 3125 per
1419 3074 1575 3111 litteras
1633 3082 1724 3108 suas
1782 3069 1965 3117 patentes
2022 3062 2138 3102 nobis

436 3147 779 3199 significaverunt.
855 3142 912 3180 Et
960 3141 1048 3179 ideo
1086 3139 1160 3178 tibi
1199 3137 1444 3188 precipimus
1482 3133 1587 3184 quod
1626 3132 1674 3169 de
1712 3128 1902 3169 omnibus
1941 3126 2057 3165 terris
2101 3126 2140 3162 et

436 3211 561 3250 feodis
610 3207 735 3257 ipsius
787 3203 991 3243 comitisse
1038 3202 1079 3239 in
1127 3201 1276 3240 balliva
1320 3203 1390 3237 tua
1441 3209 1516 3246 que
1568 3194 1730 3244 quidem
1778 3193 1873 3229 sunt
1922 3189 1963 3226 in
2013 3198 2139 3225 manu

436 3274 616 3325 ejusdem
655 3268 859 3308 comitisse
899 3270 937 3303 et
980 3265 1027 3302 de
1074 3262 1264 3302 omnibus
1311 3259 1479 3304 carucis,
1520 3256 1677 3295 catallis
1720 3257 1760 3291 et
1808 3251 1921 3290 bonis
1960 3248 2139 3299 ejusdem

438 3334 640 3375 comitisse
677 3343 753 3382 que
791 3331 887 3367 sunt
925 3327 967 3364 in
1006 3324 1195 3375 predictis
1234 3322 1349 3361 terris
1388 3320 1566 3370 predicto
1611 3318 1765 3366 Rogero
1815 3314 1900 3351 sine
1949 3310 2142 3349 dilatione

439 3399 600 3449 plenam
639 3393 830 3433 seisinam
868 3389 1014 3429 habere
1052 3387 1188 3426 facias.
1266 3385 1385 3422 Teste
1425 3385 1470 3420 ut
1508 3393 1641 3430 supra.
