2375 3587
145 315 291 364 1235.

159 385 219 424 [m.
237 381 283 421 8.]

1017 180 1069 219 19
1112 173 1319 217 HENRY
1360 172 1444 213 ΠΙ.
2005 162 2085 203 111

888 275 1176 284 ..——..—--..—-

505 384 578 421 Pro
617 383 745 418 abbate
791 369 1485 416 11'est2210nasteriman-Mandatum
1516 368 1575 406 est
1604 364 1808 403 Willelmo
1837 362 1884 399 de
1913 359 2094 398 Eboraco

388 447 426 484 et
481 444 598 483 sociis
648 442 730 481 suis
778 438 1013 491 justiciariis
1065 435 1168 485 regis
1224 429 1510 472 itinerantibus
1568 427 1674 477 apud
1731 424 1930 464 Oxoniam
1987 421 2091 471 quod

390 506 560 546 assisam
598 517 698 543 nove
736 502 959 547 disseisine,
991 511 1113 549 quam
1151 495 1352 534 Henricus
1382 503 1552 542 persona
1580 489 1627 527 de
1657 486 1838 535 Isteslep'
1881 482 2092 523 aramiavit

391 582 528 608 versus
567 567 753 605 abbatem
792 559 1264 603 Westmonasteriensem
1303 556 1350 594 de
1388 565 1606 593 conimuna
1644 553 1805 599 pasture
1852 547 1894 584 in
1943 547 2094 583 essarto

391 631 496 682 quod
534 630 639 668 idem
678 627 800 666 abbas
838 625 932 664 fecit
970 624 1017 662 de
1054 621 1217 661 licentia
1255 618 1358 668 regis
1397 617 1438 654 in
1478 614 1595 653 bosco
1633 613 1680 650 de
1719 611 1778 648 La
1810 608 1987 656 Quealiz,
2009 618 2091 644 non

392 693 566 742 capiant,
606 690 679 729 sub
717 686 1039 727 dissimulatione
1077 683 1417 734 pertranseuntes,
1458 678 1515 716 ita
1561 675 1666 725 quod
1706 673 1754 711 de
1792 672 1868 709 hoc
1905 669 2097 707 mandato

395 755 497 805 regis
536 752 691 792 nemini
729 753 885 790 constet
924 751 1178 798 preterquam
1208 741 1441 795 justiciariis
1471 737 1673 789 predictis.
1747 735 1863 772 Teste
1892 736 1936 770 ut
1967 743 2098 780 supra.

507 864 584 900 Pro
623 861 770 897 ecelesia
812 860 853 894 de
892 851 1396 894 Herdz‹·ic'.—-Mandatum
1430 850 1490 886 est
1517 844 1697 884 <Iohanni
1735 843 1782 880 de
1821 839 1964 878 Nevill'
1995 837 2101 887 quod

398 926 439 964 in
479 925 628 963 foresta
665 922 713 959 de
751 918 986 958 Bernewud’
1026 916 1147 955 faciat
1185 913 1331 952 habere
1368 910 1576 960 capellano
1614 907 1661 945 de
1700 903 1899 943 Herdwic’
1949 905 2101 949 septem

398 999 568 1040 quercus
606 984 655 1023 ad
689 982 881 1021 fabricam
921 978 1084 1019 ecclesie
1122 976 1310 1027 predicte,
1351 974 1399 1012 de
1428 973 1533 1011 dono
1572 968 1689 1019 regis.
1749 967 1865 1004 Teste
1895 967 1940 1002 ut
1969 974 2102 1012 supra.

509 1092 588 1128 Pro
612 1091 740 1126 abbate
762 1089 805 1123 de
837 1085 945 1122 Bello
974 1085 1083 1127 Loco,
1110 1084 1152 1118 de
1182 1079 1437 1128 assiqnatione
1459 1077 1620 1125 quinque
1650 1077 1913 1109 sarmatarum
1946 1075 2106 1104 terre.—

402 1155 485 1192 Rex
522 1149 748 1190 vicecomiti
788 1147 905 1187 Suht’
947 1145 1132 1183 salutem.
1192 1139 1442 1189 Precipimus
1472 1136 1545 1175 tibi
1574 1134 1692 1184 quod,
1725 1129 1944 1179 assumptis
1974 1131 2105 1166 tecum

401 1215 558 1254 dilectis
596 1216 634 1251 et
673 1209 858 1249 fidelibus
910 1206 1073 1252 nostris,
1107 1203 1311 1243 Willelnio
1349 1201 1396 1238 de
1435 1198 1594 1242 Nevill'‚
1635 1194 1806 1234 Ricardo
1843 1193 1890 1230 de
1929 1189 2110 1229 Cardun-

403 1277 501 1323 vill’,
542 1276 715 1324 Hugone
754 1273 800 1310 de
840 1269 1076 1309 Godeshull‘
1107 1272 1146 1306 et
1176 1263 1376 1304 viridariis
1409 1265 1447 1300 et
1477 1258 1697 1298 forestariis
1726 1257 1773 1294 (16
1803 1255 1916 1292 Nova
1946 1253 2110 1290 Foresta

405 1340 495 1379 aliis
532 1352 555 1377 a
592 1336 769 1387 predicto
808 1334 994 1383 Hugone,
1044 1343 1125 1369 non
1175 1328 1361 1367 obstante
1412 1323 1604 1362 mandato
1657 1322 1793 1358 nostro
1842 1316 1947 1367 quod
1999 1313 2110 1363 prius

406 1402 499 1441 inde
538 1397 762 1449 suscepisti,
811 1397 852 1434 in
900 1394 1061 1445 propria
1108 1403 1279 1441 persona
1326 1392 1396 1427 tua
1442 1385 1606 1424 accedas
1652 1382 1701 1420 ad
1749 1378 1959 1430 planitiem
1998 1376 2111 1413 illam

408 1477 483 1514 que
533 1464 592 1500 est
643 1460 749 1499 inter
797 1456 993 1506 capellam
1045 1452 1185 1493 Sancti
1234 1447 1432 1489 Leonardi
1478 1449 1517 1485 et
1572 1444 1711 1483 villam
1763 1441 1811 1479 de
1848 1436 2111 1485 Baddeslegh’

409 1527 524 1577 juxta
579 1526 774 1562 costeram
831 1518 967 1564 maris,
1021 1520 1059 1555 et
1111 1528 1179 1564 per
1224 1513 1356 1551 visum
1409 1513 1447 1548 et
1501 1508 1798 1546 sacramentum
1842 1500 2112 1551 predictorum

409 1588 601 1632 militum,
637 1583 918 1623 viridariorum
958 1582 995 1618 et
1044 1575 1346 1616 forestariorum
1396 1569 1591 1620 assignari
1642 1567 1766 1605 facias
1805 1563 1961 1602 dilectis
2000 1559 2115 1598 nobis

411 1651 453 1688 in
494 1648 653 1688 Christo
691 1644 827 1684 abbati
866 1646 904 1681 et
942 1639 1152 1679 monachis
1190 1638 1238 1675 de
1277 1635 1390 1673 Bello
1420 1633 1528 1671 Loco
1558 1630 1735 1680 quinque
1774 1628 1981 1665 carucatas
2015 1626 2116 1660 terre

411 1714 458 1751 de
487 1711 648 1762 propria
676 1713 780 1747 terra
811 1709 950 1744 nostra
988 1704 1035 1741 de
1069 1702 1211 1740 bruera
1249 1699 1291 1736 in
1332 1700 1484 1735 costera
1526 1692 1673 1737 maris3
1714 1691 1770 1728 ita
1808 1688 1912 1738 quod
1942 1684 2118 1736 quelibet

411 1777 596 1814 carucata
630 1776 732 1811 terre
761 1768 965 1808 contineat
1002 1768 1166 1804 centum
1206 1773 1318 1800 acras
1347 1759 1397 1797 ad
1436 1756 1629 1807 perticam
1668 1756 1874 1795 nostram;
1920 1749 2054 1787 taliter
2081 1749 2120 1784 et

415 1841 499 1877 tam
529 1835 731 1879 distincte,
762 1832 930 1870 discrete
960 1831 998 1867 et
1028 1828 1162 1876 aperte
1202 1827 1241 1862 et
1284 1835 1354 1872 per
1396 1820 1496 1858 tales
1536 1820 1663 1856 certas
1706 1814 1854 1852 divisas
1898 1815 1936 1849 et
1978 1812 2118 1854 metas,

416 1900 610 1939 terminos
639 1900 677 1935 et
707 1894 861 1934 bundos
891 1892 947 1930 eis
976 1887 1175 1938 assignari
1204 1885 1325 1924 facias
1355 1881 1553 1933 predictas
1582 1878 1758 1928 quinque
1779 1876 1984 1914 carucatas
2004 1876 2119 1916 terre,

417 1964 474 2001 ita
507 1960 612 2012 quod
641 1956 815 2009 quelibet
844 1956 1030 1993 carucata
1059 1949 1265 1989 contineat
1294 1949 1457 1985 centum
1492 1955 1605 1981 acras
1635 1941 1683 1978 ad
1714 1937 1905 1988 perticam
1927 1937 2120 1978 nostram,

420 2026 524 2063 sicut
561 2021 786 2073 predictum
825 2021 897 2064 est,
938 2020 977 2054 et
1016 2014 1120 2064 quod
1164 2008 1386 2059 assignatio
1427 2007 1497 2044 illa
1536 2017 1605 2054 per
1645 2007 1682 2040 te
1726 2006 1764 2039 et
1812 2012 1880 2048 per
1927 1996 2124 2047 predictos

420 2087 582 2131 milites,
631 2081 842 2122 viridarios
897 2082 936 2118 et
984 2074 1211 2116 forestarios
1277 2071 1332 2109 eis
1390 2069 1498 2107 facta
1555 2078 1636 2105 non
1690 2063 1852 2102 excedat
1909 2069 2123 2097 numerum

421 2149 596 2200 quinque
648 2147 926 2185 carucatarum
974 2143 1089 2183 terre,
1139 2137 1236 2174 dum
1294 2136 1429 2172 tamen
1480 2129 1656 2179 predicte
1713 2125 1890 2175 quinque
1943 2122 2126 2160 carucate

424 2216 525 2249 terre
583 2209 639 2247 eis
696 2207 811 2257 plene
873 2203 1130 2252 assignentur
1187 2196 1408 2235 secundum
1466 2192 1641 2230 formam
1703 2186 1939 2237 predictam.
2025 2183 2126 2221 Cum

425 2276 560 2311 autem
608 2267 923 2319 assignationem
971 2263 1243 2313 predictarum
1291 2257 1467 2307 quinque
1515 2254 1796 2291 carucatarum
1845 2251 1947 2285 terre
1996 2248 2039 2282 tu
2089 2249 2127 2280 et

426 2333 593 2385 predicti
632 2331 795 2375 milites,
824 2326 1003 2366 viridarii
1048 2327 1086 2363 et
1131 2319 1327 2360 forestarii
1371 2318 1427 2355 eis
1475 2313 1650 2354 feceritis
1698 2324 1766 2361 per
1805 2312 1934 2348 certas
1982 2305 2130 2344 divisas

427 2400 465 2435 et
499 2399 642 2439 metas,
677 2393 781 2431 sicut
815 2390 1039 2440 predictum
1074 2388 1147 2431 est,
1183 2382 1298 2422 nobis
1337 2379 1411 2418 sub
1450 2377 1583 2427 sigillo
1618 2378 1688 2413 tuo
1729 2376 1767 2411 et
1802 2370 1945 2421 sigillis
1980 2367 2130 2418 predic-

428 2463 562 2497 torum
592 2456 786 2499 militum,
807 2451 1087 2491 viridariorum
1118 2451 1156 2486 et
1186 2443 1488 2484 forestariorum
1520 2452 1588 2489 per
1617 2450 1715 2487 quos
1746 2434 1953 2478 terminos,
1985 2430 2132 2469 divisas

430 2525 469 2560 et
515 2520 671 2559 bundos
718 2516 893 2568 predicte
940 2513 1116 2563 quinque
1164 2509 1347 2547 carucate
1395 2508 1497 2542 terre
1544 2514 1612 2551 per
1660 2504 1698 2538 te
1745 2501 1784 2535 et
1832 2508 1900 2545 per
1936 2492 2134 2544 predictos

430 2585 593 2630 milites,
640 2579 851 2621 viridarios
898 2580 936 2615 et
984 2572 1212 2613 forestarios
1262 2569 1318 2608 eis
1370 2566 1520 2605 fuerint
1571 2563 1786 2612 assignate.
1853 2555 2135 2596 Mandavimus

432 2648 555 2685 etiam
586 2643 775 2695 predictis
809 2640 1026 2684 Willelmo,
1059 2634 1231 2674 Ricardo
1262 2634 1300 2670 et
1334 2627 1515 2678 Hugoni,
1547 2630 1585 2664 et
1616 2622 1815 2663 viridariis
1845 2623 1884 2659 et
1918 2616 2138 2657 forestariis

434 2710 481 2747 de
520 2708 668 2746 foresta
706 2704 884 2755 predicta
914 2700 1019 2752 quod
1059 2699 1106 2737 ad
1147 2697 1252 2734 diem
1287 2697 1326 2731 et
1364 2692 1511 2735 locum,
1545 2701 1644 2738 quos
1677 2687 1734 2724 eis
1766 2685 1865 2722 scire
1899 2680 2032 2725 facies,
2065 2677 2138 2716 tibi

435 2772 645 2810 occurrant
676 2768 726 2806 ad
756 2766 934 2816 predicta
963 2760 1207 2812 exequenda,
1241 2757 1343 2794 sicut
1377 2753 1600 2803 predictum
1635 2752 1707 2787 est.
1766 2748 1883 2784 Teste
1914 2755 2003 2791 rege
2034 2740 2139 2790 apud

438 2833 634 2876 Wudest’,
674 2829 781 2867 xxix.
821 2827 884 2865 die
923 2824 1049 2864 Junii.

546 2902 601 2939 Et
642 2899 882 2937 mandatum
916 2899 977 2934 est
1012 2892 1217 2932 Willelmo
1256 2891 1302 2928 de
1342 2885 1485 2925 Nevill'
1526 2882 1631 2933 quod
1670 2881 1711 2918 in
1750 2879 1827 2916 fide
1865 2888 1943 2925 qua
1979 2872 2143 2910 domino

440 2965 523 3014 regi
562 2966 733 3007 tenetur,
775 2960 825 2998 ad
858 2959 964 2996 diem
1003 2960 1041 2994 et
1070 2956 1203 2993 locum
1238 2964 1338 3001 quos
1376 2949 1507 2986 dictus
1538 2945 1757 2983 vicecomes
1795 2940 1830 2977 ei
1869 2937 1967 2976 scire
2011 2933 2143 2979 faciet,

441 3027 569 3065 eidem
612 3021 837 3063 vicecomiti
881 3021 1064 3059 occurrat
1103 3017 1152 3054 ad
1190 3014 1369 3065 predicta
1403 3007 1646 3058 exequenda,
1678 3005 1781 3043 sicut
1814 2999 2038 3051 predictum
2070 2998 2145 3033 est.

443 3090 560 3127 Teste
599 3090 644 3125 111
682 3097 814 3134 supra.

550 3157 706 3195 Eodem
745 3153 864 3191 modo
897 3150 1137 3189 mandatum
1175 3150 1236 3186 est
1254 3160 1319 3184 :—-

663 3215 835 3255 Ricardo
868 3214 915 3251 de
954 3210 1219 3251 Cardunvill’.

664 3276 832 3327 Hugoni
865 3276 912 3314 de
953 3272 1203 3314 Godeshull‘.

452 3345 570 3383 Teste
608 3344 653 3381 ut
688 3351 821 3390 supra.
