2375 3587
183 323 326 372 1235.

179 392 238 431 [m.
268 389 339 431 17.]

1070 193 1122 235 19
1165 190 1371 233 HENRY
1412 189 1495 233 111.
2079 191 2130 232 55

534 395 612 430 Pro
643 395 694 431 Ε.
730 396 1001 432 ‹Jsmtum-iamet
1030 395 1322 441 arch[episc-olm,
1346 395 1388 429 de
1419 394 1587 429 custodia
1619 394 1849 440 episcopatus
1879 392 2132 439 Hastensi&—

426 454 511 492 Rex
560 455 785 494 vicecomiti
838 456 992 494 Cantie.
1055 455 1165 494 Scias
1214 455 1320 504 quod
1359 454 1630 493 concessimus
1676 453 1894 492 venerabili
1936 453 2039 502 patri
2079 453 2128 489 E.

426 516 707 555 Cantuariensi
748 518 1046 567 archiepiscopo
1084 517 1188 567 quod
1228 516 1373 554 habeat
1412 516 1602 554 seisinam
1641 516 1893 565 episcopatus
1932 514 2132 552 Rofi'ensis

424 579 604 617 vacantis
643 583 682 618 et
720 581 903 618 omnium
950 583 1147 618 terrarum
1198 580 1247 617 ad
1297 579 1470 617 eundem
1515 578 1790 628 episcopatum
1826 577 2129 626 pertinentium,

425 641 534 679 salvo
582 642 667 692 jure
717 646 854 681 nostro
904 646 943 681 et
989 643 1173 681 omnium
1215 641 1402 687 aliorum,
1444 641 1476 679 si
1521 641 1588 690 qui
1640 640 1680 677 in
1731 640 1912 678 custodia
1963 638 2129 688 predicti

423 703 676 753 episcopatus
726 705 790 754 jus
845 705 920 743 sibi
963 705 1191 742 vendicent.
1252 704 1307 741 Et
1366 703 1453 741 ideo
1508 703 1581 741 tibi
1634 702 1879 752 precipimus
1929 702 2035 750 quod
2087 701 2132 737 (le

423 765 600 813 predicto
639 766 870 816 episcopatu
903 767 965 804 vel
997 767 1043 804 de
1075 765 1277 815 aliquibus
1305 766 1421 803 terris
1451 768 1489 803 et
1524 764 1841 814 possessionibus
1881 764 1929 801 ad
1958 763 2129 801 eundem

424 827 697 876 episcopatum
736 828 1032 877 pertinentibus
1082 828 1123 865 in
1176 828 1288 865 nullo
1330 829 1367 865 te
1416 826 1687 871 intromittas;
1729 829 1781 872 et,
1829 827 1860 864 si
1907 825 2001 874 quid
2040 825 2130 862 inde

423 889 563 938 cepisti
602 890 663 928 vel
703 891 878 928 amoveri
918 890 1060 934 fecisti,
1102 890 1141 927 id
1180 890 1309 927 eidem
1345 889 1644 938 archiepiscopo
1675 889 1784 926 reddi
1820 888 1955 926 facias.
2016 887 2131 926 Teste

424 964 515 1000 rege
553 953 659 1001 apud
700 953 930 998 Stratffird',
971 953 998 1002 ]”
1039 952 1101 989 die
1136 951 1291 989 Marcii.

533 1023 688 1060 Eodem
727 1023 845 1061 modo
885 1023 1126 1061 mandatum
1166 1026 1225 1060 est
1264 1021 1491 1060 vicecomiti
1530 1021 1643 1060 Norf’
1684 1024 1722 1059 et
1762 1022 1875 1060 Suff'.

534 1111 610 1147 I'J-aa
644 1113 830 1159 priorissa
872 1113 913 1148 de
948 1110 1311 1158 sta-‹1ff01-A⁷.*Rex
1344 1109 1580 1158 perdonavit
1609 1109 1795 1157 priorisse
1827 1109 1873 1147 de
1915 1109 2127 1147 Stratford⁷

423 1172 727 1222 quatuordecim
779 1173 926 1211 solidos
972 1176 1010 1210 et
1051 1175 1224 1222 quatuor
1270 1172 1467 1218 denarios,
1508 1171 1576 1220 qui
1623 1171 1671 1209 ab
1721 1185 1766 1209 ea
1813 1171 2030 1220 exiguntur
2064 1185 2132 1219 per

424 1235 787 1273 summonitionem
847 1235 1044 1273 Scaccarii
1102 1235 1149 1272 de
1206 1234 1516 1283 quadragesima
1570 1233 1780 1271 mobilium
1839 1247 2016 1271 suorum.
2077 1234 2131 1271 Et

423 1298 662 1335 mandatum
702 1300 761 1335 est
801 1297 1018 1336 baronibus
1058 1297 1103 1335 de
1142 1297 1348 1335 Scaecario
1388 1297 1493 1346 quod
1532 1296 1660 1345 ipsam
1701 1297 1792 1334 inde
1831 1297 2007 1347 quietam
2046 1310 2130 1334 esse

423 1360 585 1397 faciam.
644 1360 760 1397 Teste
796 1364 839 1398 ut
880 1373 1011 1409 supra.
1070 1360 1146 1397 Per
1182 1359 1234 1396 H.
1276 1360 1322 1396 de
1363 1359 1511 1407 Bur-go,
1554 1359 1743 1397 comitem
1784 1359 1944 1396 Kantie.

536 1456 609 1491 l’m
646 1457 816 1492 Ertmldo
848 1457 1041 1503 rapollaiw
1080 1456 1250 1503 Philippi
1280 1457 1321 1490 (lv
1350 1454 1864 1492 Albin1·a«0.—Mandatum
1895 1458 1953 1492 est
1984 1454 2131 1493 ballivo

423 1518 567 1555 foreste
609 1518 655 1554 de
705 1517 958 1566 Chippeham
1007 1518 1112 1565 quod
1160 1516 1307 1554 habere
1356 1517 1476 1554 faciat
1526 1517 1573 1554 de
1632 1517 1736 1555 dono
1795 1516 1897 1565 regis
1951 1517 2132 1557 Ernaldo

422 1580 629 1629 capellano
677 1579 856 1629 Philippi
905 1580 951 1617 de
998 1579 1208 1617 Albini-aco
1254 1579 1455 1629 quoddam
1502 1579 1658 1617 fustum
1708 1579 1749 1616 in
1797 1580 1935 1617 eadem
1983 1580 2131 1619 foresta

422 1642 471 1679 ad
527 1641 790 1680 maeremium
850 1641 943 1679 inde
1009 1641 1254 1679 faciendum.
1332 1641 1448 1679 Teste
1513 1644 1556 1680 ut
1618 1655 1750 1691 supra.
1828 1642 1902 1679 Per
1960 1644 2020 1681 W.
2083 1644 2131 1681 de

422 1703 657 1742 Kirkeham.

537 1802 610 1838 l'ro
645 1802 772 1838 abbate
807 1803 848 1838 ‹lc
880 1801 1095 1850 *S'traffiwdss
1123 1802 1166 1838 de
1192 1800 1621 1849 perdamattona—Rex
1653 1800 1887 1849 perdonavit
1920 1800 2055 1839 abbati
2086 1802 2133 1839 de

427 1863 634 1902 Strafford'
685 1864 821 1902 decem
869 1863 992 1901 libras
1039 1877 1115 1913 que
1163 1862 1212 1901 ab
1260 1876 1305 1900 eo
1367 1862 1584 1911 exiguntur
1646 1876 1714 1911 per
1773 1864 2132 1902 summonitionem

426 1925 623 1965 Scaccarii
671 1939 741 1975 pro
783 1926 959 1964 Waltero
1007 1926 1054 1964 de
1108 1925 1512 1971 Candelwekestrate,
1563 1926 1766 1975 quondam
1819 1926 1942 1964 civis*
1986 1927 2129 1973 Lond',

424 1988 493 2037 qui
531 1988 579 2025 ad
620 1988 709 2026 illas
749 2001 786 2025 x.
827 1988 949 2026 libras
989 1988 1186 2026 tailliatus
1226 1987 1303 2025 fuit
1343 1990 1381 2025 et
1421 1991 1558 2039 postea
1598 2001 1637 2025 se
1677 1988 1850 2026 reddidit
1895 2001 2131 2028 conversum

424 2050 467 2088 in
499 2049 660 2089 abbatia
698 2051 889 2100 predicta.
967 2051 1023 2089 Et
1063 2051 1304 2088 mandatum
1344 2053 1403 2088 est
1438 2049 1656 2088 baronibus
1696 2051 1743 2088 de
1786 2050 1994 2090 Scaccario
2027 2053 2132 2102 quod

424 2112 557 2162 ipsum
607 2111 793 2151 abbatem
840 2113 887 2151 de
935 2112 1123 2163 predictis
1171 2126 1208 2150 x.
1254 2111 1367 2150 libris
1414 2112 1597 2161 quietum
1646 2125 1730 2150 esse
1778 2113 1941 2151 faciant.
2019 2114 2134 2153 Teste

425 2178 470 2213 ut
510 2188 642 2225 supra.

534 2273 626 2309 Rem.
704 2273 760 2309 De
800 2273 895 2310 vinis
934 2273 1140 2310 mtz'nendis
1178 2279 1210 2309 et
1249 2272 1429 2320 elz'qewlis
1468 2279 1595 2309 contra
1634 2273 1829 2310 arla-ennon
1865 2274 2135 2321 archiepiscopi

429 2333 973 2372 Coloniensis-r—lllandatum
1012 2336 1072 2371 est
1109 2333 1291 2371 Johanni
1333 2333 1380 2371 de
1420 2332 1623 2371 Colemere
1662 2333 1769 2382 quod
1808 2333 1929 2383 eligat
1963 2338 2135 2384 quatuor

425 2395 533 2434 dolia
571 2395 619 2433 de
658 2395 891 2433 melioribus
930 2395 1035 2433 vinis
1075 2394 1177 2444 regis
1211 2408 1287 2444 que
1328 2397 1423 2433 sunt
1462 2394 1503 2432 in
1543 2395 1726 2433 custodia
1766 2408 1850 2441 sua,
1886 2399 1924 2433 et
1964 2409 2008 2433 ea
2048 2396 2134 2434 sine

426 2457 621 2496 dilatione
668 2457 763 2506 poni
813 2457 935 2496 faciat
993 2457 1100 2506 apud
1155 2457 1315 2495 Novum
1371 2457 1587 2506 Templum
1651 2457 1835 2495 London’
1898 2457 1938 2494 in
1999 2458 2133 2507 aliquo

425 2520 570 2558 celario
619 2519 766 2557 ibidem
814 2520 864 2558 ad
914 2532 1014 2568 opus
1054 2520 1107 2557 H.
1151 2519 1404 2558 Coloniensis
1443 2519 1747 2568 archiepiscopi,
1797 2519 1853 2557 ita
1891 2521 1995 2568 quod
2041 2520 2134 2557 vina

426 2582 496 2620 illa
539 2582 646 2621 clara
690 2582 771 2620 sint
820 2582 860 2619 in
902 2582 1079 2620 adventu
1128 2582 1254 2631 ipsius
1304 2581 1593 2630 archiepiscopi
1642 2581 1803 2619 ibidem.
1885 2582 2001 2620 Teste
2046 2596 2135 2631 rege

426 2644 531 2694 apud
570 2644 806 2693 Havering’,
848 2644 891 2694 ij.
932 2644 995 2682 die
1034 2644 1189 2682 Marcii.

534 2714 776 2753 Mandatum
816 2718 876 2753 est
918 2714 1146 2753 vicecomiti
1185 2714 1358 2752 Eboraci
1397 2714 1502 2763 quod
1539 2713 1581 2751 in
1622 2714 1824 2762 presentia
1863 2714 2034 2752 duorum
2074 2715 2135 2753 vel

427 2777 550 2815 trium
589 2777 637 2815 de
675 2776 976 2815 discretioribus
1016 2779 1055 2815 et
1094 2776 1353 2826 legalioribus
1401 2775 1600 2813 militibus
1648 2776 1866 2814 comitatus
1916 2777 1990 2823 sui,
2038 2790 2136 2826 quos

427 2852 562 2885 Secum
611 2839 756 2877 viderit
808 2839 1076 2885 adducendos,
1128 2839 1170 2876 in
1223 2839 1383 2888 propria
1440 2851 1609 2887 persona
1667 2851 1738 2875 sua
1795 2839 1955 2876 accedat
2012 2852 2135 2888 usque

427 2901 631 2940 abbatiam
662 2901 709 2939 de
748 2901 944 2947 Eboraco,
981 2900 1049 2939 ubi
1089 2902 1263 2950 reposita
1301 2905 1360 2939 est
1399 2900 1706 2950 quadragesima
1735 2900 1837 2946 regis
1867 2901 1913 2937 de
1943 2901 2135 2938 comitatu

427 2963 710 3009 Norhumbrie‚
767 2966 818 3009 et,
869 2967 1053 3012 presente
1100 2963 1243 3001 abbate
1290 2964 1468 3013 ejusdem
1516 2963 1661 3001 domus
1712 2963 1775 3000 cui
1823 2976 1890 3000 rex
1937 2963 2043 3000 (ledit
2093 2963 2134 2999 in

427 3025 634 3064 mandatis
672 3026 777 3075 quod
816 3026 1166 3075 quadragesimam
1206 3025 1318 3063 illam
1350 3025 1384 3063 ei
1424 3025 1578 3070 liberet,
1616 3025 1728 3061 illam
1767 3024 1816 3061 ab
1864 3038 1908 3062 eo
1956 3025 2133 3073 recipiat,

427 3090 478 3133 et,
520 3087 623 3125 sicut
657 3087 816 3137 signata
851 3091 911 3125 est
950 3090 988 3125 et
1030 3087 1133 3125 sicut
1171 3088 1403 3125 collectores
1442 3087 1621 3136 ejusdem
1670 3086 1973 3135 quadragesime
2021 3086 2133 3123 illam

427 3149 668 3188 dimiserunt
717 3149 758 3186 in
802 3148 1007 3187 abbatiam
1053 3149 1288 3198 predictam,
1334 3149 1447 3187 illam
1492 3148 1578 3186 sine
1617 3148 1810 3185 dilatione
1851 3148 1959 3185 salvo
1998 3148 2133 3185 venire

428 3211 549 3250 faciat
587 3212 637 3249 ad
678 3211 932 3251 Soaccarium
973 3211 1076 3260 regis
1115 3212 1220 3260 apud
1269 3210 1675 3249 westmonasterium
1716 3209 1756 3245 in
1796 3210 1971 3246 crastino
2010 3210 2133 3247 clausi

428 3273 593 3319 Pasche,
626 3286 732 3312 anno
761 3276 835 3312 etc.
868 3273 947 3310 xix.
1009 3274 1124 3311 Teste
1166 3286 1255 3322 rege
1295 3273 1400 3322 apud
1441 3272 1766 3317 Cheimereford',
1797 3271 1854 3320 iij.
1887 3271 1948 3308 die
1980 3271 2133 3309 Marcii.

1149 3370 1163 3384 *
1174 3367 1231 3400 Sic
1265 3367 1303 3397 in
1335 3367 1410 3398 MS.
