2375 3587
202 315 348 363 1235.

190 383 249 422 [m.
286 383 356 422 sca]

1079 201 1131 241 19
1174 198 1381 240 HENRY
1423 198 1505 240 III.
2061 196 2143 237 189

548 394 633 432 Rex
671 395 897 434 vicecomiti
938 395 1114 435 Sumers’
1150 396 1336 434 salutem.
1407 395 1519 434 Scias
1553 395 1659 444 quod
1697 394 1870 433 comites
1898 396 1937 432 et
1975 392 2143 431 barones

441 458 480 493 et
518 469 657 494 omnes
696 457 765 495 alii
812 458 860 495 de
900 460 984 496 toto
1032 471 1154 507 regno
1192 462 1331 496 nostro
1371 457 1515 506 Anglie
1555 460 1776 506 spontanea
1814 456 2023 495 voluntate
2070 467 2143 492 sua

440 520 479 556 et
517 518 603 556 sine
641 520 932 558 consuetudine
979 523 1263 559 concesserunt
1310 519 1426 557 nobis
1476 518 1615 557 efficax
1662 518 1859 556 auxilium
1897 518 1946 556 ad
1993 530 2142 566 magna

441 581 602 629 negotia
649 585 789 620 nostra
835 583 1094 632 expedienda,
1144 583 1250 621 unde
1301 582 1507 631 provisum
1556 584 1615 619 est
1664 581 1712 618 de
1759 581 1928 618 consilio
1978 580 2141 618 illorum

438 643 543 691 quod
591 643 766 681 habeant
813 645 860 682 de
909 644 1080 694 singulis
1128 644 1254 682 feodis
1302 644 1496 688 militum,
1537 643 1606 692 qui
1654 643 1701 680 de
1749 642 1864 680 nobis
1912 645 2051 681 tenent
2098 641 2140 678 in

437 705 579 753 capite,
620 709 658 743 et
696 706 744 743 de
782 706 926 744 wardis
976 709 1059 744 tam
1099 707 1146 744 de
1186 719 1290 744 novo
1338 706 1572 743 feffamento
1619 717 1741 754 quain
1780 705 1827 742 de
1865 704 2001 749 veteri,
2042 704 2141 741 duas

435 779 591 805 marcas
643 768 692 805 ad
745 768 944 805 auxilium
998 769 1153 807 dictum
1207 768 1323 807 nobis
1375 767 1620 806 faciendum.
1718 766 1829 804 Unde
1881 767 2141 815 providerunt

434 830 594 867 reddere
642 830 757 868 nobis
805 843 929 868 unam
979 831 1240 869 medictatem
1289 831 1338 868 ad
1386 830 1535 868 festum
1585 829 1723 867 Sancti
1777 829 1986 867 Michaelis
2033 840 2141 866 anno

433 894 504 930 etc.
542 892 621 930 xix.
657 896 695 930 et
735 893 857 930 aliam
897 893 1157 932 medietatem
1197 894 1246 931 ad
1286 893 1454 937 Pascha,
1497 904 1604 929 anno
1643 893 1717 930 etc.
1754 904 1818 929 xx.
1877 891 2141 929 Providerunt

433 955 555 992 etiam
603 956 709 1004 quod
760 956 986 1004 predictum
1035 956 1262 1004 scutagium
1311 955 1527 1003 colligatur
1579 966 1648 1002 per
1699 967 1845 991 manus
1898 953 2140 992 ballivorum

434 1029 598 1054 suorum
647 1017 687 1054 in
738 1017 910 1063 singulis
963 1018 1235 1063 comitatibus,
1284 1021 1322 1055 et
1375 1017 1559 1055 tradatur
1606 1029 1676 1065 per
1723 1029 1871 1054 manus
1922 1016 2140 1054 eorundem

434 1079 589 1117 duobus
634 1079 834 1117 militibus
873 1093 972 1129 quos
1011 1081 1060 1118 ad
1109 1081 1183 1118 hoc
1231 1080 1530 1128 assignavimus
1577 1078 1617 1123 in
1657 1078 1830 1127 singulis
1869 1077 2140 1123 comitatibus,

434 1141 694 1179 deferendum
748 1142 797 1179 ad
858 1142 1114 1180 Scaccarinm
1168 1145 1354 1180 nostrum
1411 1141 1540 1178 Lond'
1595 1142 1634 1177 et
1686 1140 1943 1178 liberandum
1996 1139 2140 1178 ibidem

434 1203 684 1242 thesaurario
741 1207 779 1242 et
833 1204 1064 1242 camerariis
1123 1205 1285 1243 nostris.
1371 1204 1427 1242 Et
1480 1203 1568 1240 ideo
1616 1201 1689 1240 tibi
1741 1202 1985 1251 precipimus
2036 1202 2142 1251 quod

432 1266 482 1303 ad
532 1267 772 1304 mandatum
820 1266 1004 1304 oninium
1054 1267 1250 1305 comitum
1298 1270 1336 1304 et
1386 1265 1585 1303 baronum
1634 1266 1672 1301 et
1721 1264 1907 1302 omnium
1955 1264 2140 1310 alioruin,

433 1328 501 1377 qui
550 1329 597 1366 de
644 1328 759 1366 nobis
810 1332 950 1367 tenent
997 1329 1039 1366 in
1088 1329 1218 1378 capite
1267 1329 1308 1366 in
1357 1327 1478 1366 ballia
1526 1330 1597 1364 tua
1644 1326 1764 1364 inodo
1811 1326 2004 1376 predicto,
2056 1326 2142 1364 sine

434 1390 627 1428 dilatione
678 1390 896 1440 distringas
949 1403 1089 1428 omnes
1142 1390 1293 1428 milites
1345 1393 1384 1428 et
1437 1388 1560 1426 libere
1613 1390 1810 1434 tenentes,
1865 1388 1933 1437 qui
1987 1388 2033 1426 de
2086 1387 2142 1426 eis

436 1455 576 1490 tenent
622 1465 692 1502 per
729 1453 939 1491 servitium
987 1453 1163 1491 militare
1212 1453 1254 1490 in
1303 1452 1426 1490 ballia
1464 1454 1546 1495 tua,
1588 1449 1637 1486 ad
1686 1450 1935 1487 reddendum
1982 1449 2142 1487 ballivis

435 1515 517 1552 suis
555 1515 602 1552 de
641 1514 811 1563 singulis
850 1514 976 1552 feodis
1010 1517 1048 1552 et
1087 1514 1230 1552 wardis
1268 1514 1367 1551 duas
1404 1525 1560 1550 marcas
1598 1511 1647 1548 ad
1681 1512 1906 1560 predictum
1945 1511 2141 1549 auxilium

434 1576 550 1615 nobis
601 1577 832 1615 faciendum
885 1577 926 1614 in
980 1576 1163 1614 terminis
1213 1576 1413 1625 predictis,
1463 1578 1501 1612 et
1558 1573 1812 1611 liberandum
1864 1574 2044 1612 Johanni
2094 1574 2141 1612 de

435 1639 539 1677 Aure
568 1642 606 1677 et
636 1639 813 1677 Henrico
845 1639 938 1690 (sic)
957 1638 1004 1676 de
1044 1638 1198 1684 Meriet,
1232 1651 1330 1687 quos
1360 1638 1409 1675 ad
1440 1638 1515 1674 hoc
1544 1635 1841 1683 assignavimus
1870 1636 1912 1673 in
1946 1636 2141 1674 comitatu

435 1704 517 1747 tuo,
566 1702 670 1739 sicut
727 1701 951 1750 predictum
1008 1703 1081 1746 est,
1140 1701 1263 1738 taleni
1319 1700 1368 1737 ad
1424 1699 1500 1736 hoc
1549 1695 1700 1735 faciens
1748 1697 2044 1736 districtionem
2092 1698 2142 1736 ad

435 1764 673 1802 mandatum
725 1764 887 1801 illorum
932 1775 982 1801 ne
1031 1763 1177 1800 solutio
1233 1762 1411 1812 predicta
1463 1760 1652 1810 predictis
1705 1760 1889 1798 terminis
1938 1763 2142 1798 remaneat

436 1826 620 1865 facienda
657 1839 728 1875 pro
767 1826 924 1863 defectu
964 1825 1036 1871 tui,
1073 1828 1234 1874 propter
1292 1824 1399 1874 quod
1445 1823 1495 1861 ad
1551 1825 1589 1860 te
1645 1833 1719 1859 nos
1775 1822 1949 1871 graviter
2005 1835 2144 1872 capere

436 1889 665 1928 debeamus.
724 1888 870 1927 Brevia
902 1887 1064 1938 quidem
1095 1891 1246 1933 nostra,
1279 1887 1397 1925 certis
1431 1884 1612 1936 personis
1643 1884 1690 1921 de
1722 1883 1846 1922 ballia
1876 1888 1946 1923 tua
1977 1884 2141 1930 directa,

438 1953 523 1990 sine
561 1952 756 1990 dilatione
794 1950 934 1989 mittas
973 1950 1118 2000 quibus
1157 1950 1401 2000 diriguntur.
1461 1949 1579 1986 Teste
1617 1949 1661 1985 ut
1700 1959 1833 1997 supra.

958 2038 1192 2088 Estriding3
1217 2038 1415 2077 Geraldus
1433 2036 1594 2078 Selvein

1013 2103 1052 2138 et
1092 2100 1268 2139 Thomas
1307 2101 1354 2139 de
1393 2099 1580 2138 Lucton'.

961 2171 1246 2221 Westriding';
1269 2171 1398 2209 Adam
1419 2171 1466 2209 de
1482 2170 1594 2208 Novo

889 2201 893 2259 i
1014 2232 1205 2278 Mercato,
1287 2233 1465 2271 Thomas
1548 2231 1594 2268 de
1684 2233 1725 2270 in
1764 2232 1908 2281 majori
1951 2232 2116 2271 ecclesia

547 2266 775 2305 Eboracum
876 2261 892 2339 <
1122 2296 1127 2301 .
1902 2295 1907 2301 .

1013 2295 1248 2334 Poulmton.
1738 2294 1925 2333 Eboraci.

961 2366 1210 2416 Nortriding'
1227 2379 1235 2412 ;
1297 2366 1493 2404 Ricardus
1546 2365 1593 2403 de

1015 2428 1204 2478 Ripariis,
1261 2428 1491 2467 Willelmus
1546 2429 1593 2467 de

1015 2491 1188 2529 Herles’.

958 2586 1143 2632 Lindes'3
1171 2587 1358 2625 Jollanus
1379 2587 1426 2625 de
1448 2587 1593 2625 Nevill’
1630 2610 1640 2625 x

1010 2655 1049 2688 et
1085 2649 1315 2688 Willelmus
1345 2650 1392 2688 de
1422 2649 1595 2690 Baiocis.

546 2747 661 2785 Line,
870 2600 896 2951 ἶ
958 2720 1193 2771 Hoyland'3
1243 2720 1444 2791 Radulfus
1487 2719 1597 2758 filius
1685 2755 1727 2793 in
1767 2757 1897 2794 casbro
1938 2755 2040 2793 Line

984 2782 1159 2829 Radulfi,
1170 2783 1292 2832 Hugo
1302 2783 1348 2821 de
1359 2783 1400 2821 W
1411 2782 1596 2832 igethoft.
2061 2784 2068 2792 '

957 2853 1187 2892 Ketsteven'
1206 2870 1215 2899 ;
1247 2853 1446 2892 Robertus
1467 2853 1595 2892 Coffin

1009 2919 1048 2954 et
1087 2916 1295 2954 Johannes
1334 2915 1520 2954 Gubaud.

546 3030 818 3069 Norhumbria
878 3008 892 3067 J
956 3002 1164 3041 Galfridus
1202 3002 1310 3039 filius
1350 3002 1549 3045 Galfridijs
1629 3007 1645 3068 l
1681 3003 1722 3040 in
1804 3001 1917 3039 Novo
2001 3000 2143 3039 Castro

885 3072 895 3114 l
956 3064 1184 3103 Alexander
1222 3065 1269 3103 de
1308 3064 1505 3114 Hilton'.‡
1628 3069 1638 3110 J
1736 3076 1852 3112 super
1892 3063 2062 3113 Tynam.

549 3180 660 3218 Nost,
889 3162 892 3166 ’
959 3152 1189 3190 Willelnius
1228 3152 1410 3201 Rusteng
1632 3165 1644 3253 }
1683 3152 1731 3189 in
1824 3153 1988 3216 castro
2089 3150 2143 3187 de

880 3171 895 3263 i
959 3215 1102 3252 Petrus
1141 3215 1291 3253 Botun.
1705 3267 1706 3270 Ἰ
1737 3212 1934 3250 Norwmo.

444 3297 741 3352 *⁴*correeted
758 3321 843 3351 from
859 3327 864 3334 ⁵
880 3294 982 3360 nugo
1000 3320 1192 3351 Pincerna.'
1288 3322 1302 3358 †
1321 3319 1497 3351 Corrected
1514 3319 1604 3349 from
1625 3321 1632 3334 ‘
1647 3317 1827 3349 Johannes
1842 3316 2055 3351 Hamis-ard:

890 3373 902 3414 ἶ
920 3372 1207 3404 Corrected.fron1
1225 3374 1232 3387 ‘
1251 3372 1423 3403 Robertus
1440 3371 1532 3402 filius
1548 3368 1706 3401 Mendr'.’

457 3418 466 3437 1

457 3437 471 3450 α
516 3437 529 3452 n
