2375 3587
181 322 323 368 1236.

185 389 244 427 [m.
264 389 331 426 19.]

1055 203 1106 241 21
1151 201 1356 244 HENRY
1397 204 1478 245 III.
2045 211 2128 251 403

418 408 540 446 quam
593 399 724 445 sperat
776 397 910 446 ipsum
963 410 1057 446 erga
1110 399 1321 436 dominum
1376 412 1508 449 regem
1562 402 1663 439 velle
1715 404 1964 449 continuare,
2018 405 2123 454 (1110(1

419 458 605 507 11011110111
653 471 722 496 sue
761 472 882 508 quam
930 459 1112 497 fecerunt
1152 463 1196 498 ut
1244 461 1482 499 fidelitatem
1523 476 1545 499 a
1590 464 1785 512 Magistro
1834 465 2038 504 Gileberto
2077 467 2124 504 de

419 520 673 559 Commevill'
705 521 788 559 vice
827 521 954 570 ipsius
986 522 1101 560 electi
1140 522 1291 572 juraret
1331 523 1370 560 in
1412 524 1591 562 animam
1633 526 1758 574 ipsius
1798 528 1912 565 electi
1953 527 2124 578 benigne

417 582 711 621 condescendit.
790 583 859 621 Set
897 583 1085 621 dominus
1124 597 1191 621 rex
1230 585 1316 622 vult
1355 597 1421 623 003
1461 586 1559 624 scire
1596 588 1700 636 quod
1751 589 1906 637 quoties
1945 590 2124 629 decetero

416 645 623 693 continget
675 645 882 683 ecclesiam
936 659 1050 684 suam
1100 660 1251 687 vacare,
1302 661 1324 685 a
1377 648 1489 686 nullo
1539 649 1617 687 alio
1671 650 1907 690 fidelitatem
1962 653 2124 702 recipiet

414 707 604 745 dominus
642 720 709 745 rex
748 720 870 757 quam
908 707 957 746 ab
996 720 1041 746 00
1079 708 1147 757 qui
1196 709 1351 758 prefate
1389 710 1553 748 ecclesie
1592 712 1835 760 preficietur.
1923 714 2040 753 Teste
2079 717 2124 753 ut

416 781 550 818 supra.

524 878 600 914 Pro
632 877 837 915 Fratribus
859 878 1483 917 Predicatoribus—Mandatum
1519 883 1579 918 031
1614 881 1914 920 constabulario
1944 883 2123 922 Bristoll'

412 940 517 989 quod
551 940 592 977 in
633 939 749 978 bosco
784 940 888 988 regis
923 940 970 977 de
1006 939 1184 978 Furches
1224 941 1346 979 faciat
1385 941 1530 980 habere
1561 943 1772 981 Fratribus
1803 945 2125 984 Predicatoribus

415 1002 594 1041 Bristoll'
635 1015 698 1039 xv.
736 1001 878 1040 robora
916 1002 964 1040 de
998 1002 1103 1040 dono
1142 1003 1246 1052 regis
1282 1004 1330 1041 ad
1369 1005 1504 1042 focum
1540 1018 1671 1052 suum,
1708 1006 1786 1044 nisi
1826 1020 1871 1045 ea
1910 1008 2125 1047 habuerint

414 1077 483 1114 per
513 1064 623 1102 aliud
655 1064 897 1102 mandatum
930 1064 1033 1113 regis
1071 1065 1339 1113 predecessori
1376 1079 1447 1104 suo
1481 1066 1695 1106 directum.
1755 1069 1872 1107 Teste
1907 1072 1951 1107 ut
1989 1084 2122 1120 supra.

524 1162 604 1198 Pro
655 1162 886 1209 ‹j'yeestrensi
923 1163 1102 1210 episcopo,
1143 1164 1290 1200 domini
1339 1165 1433 1211 reglis
1480 1165 2026 1205 cancellarim—Mandatum
2066 1174 2125 1206 est

415 1223 544 1261 Alano
584 1223 631 1261 de
670 1223 913 1261 Geudeford’
956 1224 1061 1273 quod
1105 1223 1151 1262 (10
1200 1224 1355 1263 (111011113
1395 1225 1600 1274 palefridis
1640 1239 1811 1276 quorum
1852 1241 1979 1267 unum
2017 1229 2125 1268 dedit

414 1285 536 1324 abbas
578 1286 626 1324 de
666 1286 853 1324 -Jerevall'
891 1286 1056 1325 domino
1094 1287 1177 1336 regi
1217 1290 1256 1325 et
1295 1288 1467 1326 alterum
1508 1288 1629 1327 abbas
1670 1290 1816 1328 Rivall'
1858 1291 1904 1329 de
1943 1291 2124 1341 partibus

415 1348 628 1398 aquilonis,
665 1348 870 1387 meliorem
907 1352 945 1387 et
979 1349 1337 1399 competentiorem
1377 1350 1459 1399 regi
1494 1351 1633 1390 mittat
1673 1352 1721 1390 ad
1760 1366 1859 1402 opus
1898 1355 1944 1392 R.
1985 1354 2123 1404 Cyces-

415 1411 561 1450 trensis
595 1411 783 1461 episcopi,
817 1411 1045 1450 cancellarii
1079 1412 1194 1461 regis,
1227 1411 1290 1451 cui
1325 1412 1441 1450 illum
1478 1413 1586 1451 dedit
1620 1427 1698 1452 rex.
1759 1415 1876 1453 Teste
1911 1420 1956 1454 ut
1991 1429 2123 1466 supra.

522 1517 578 1553 De
606 1517 818 1564 prisonz'bns
855 1517 1056 1553 e-ieemmiti
1090 1517 1215 1553 E.<·se.1·’
1249 1517 1759 1556 tradem‹lis.-lxla11datuin
1800 1522 1860 1558 est
1899 1520 2125 1559 vicecomiti

415 1578 556 1615 Essex‘
596 1577 701 1627 quod
739 1576 797 1627 iij.
837 1576 1017 1626 prisones
1056 1590 1154 1627 quos
1194 1578 1420 1627 prepositus
1464 1579 1649 1627 magistri
1691 1580 1841 1619 Milicie
1882 1581 2041 1631 Templi
2079 1583 2125 1621 de

416 1639 590 1690 Wyham
628 1642 766 1689 captos
804 1642 914 1677 tenet
960 1642 999 1677 et
1047 1639 1080 1677 ei
1130 1638 1329 1685 liberabit,
1372 1640 1538 1689 recipiat
1579 1641 1664 1679 sine
1704 1642 1898 1681 dilatione
1938 1647 1976 1681 et
2016 1645 2125 1683 salvo

416 1702 456 1739 in
509 1702 640 1751 gaiola
691 1701 795 1751 regis
846 1701 1058 1747 custodiat,
1113 1701 1238 1740 donec
1286 1715 1353 1739 rex
1403 1702 1512 1740 aliud
1567 1703 1659 1741 inde
1714 1705 1948 1754 preceperit.
2009 1706 2126 1745 Teste

416 1776 506 1813 rege
539 1764 646 1814 apud
684 1762 941 1813 Merleberge,
983 1763 1066 1814 xiij.
1109 1763 1170 1802 (110
1211 1763 1459 1804 Decembris.

524 1870 580 1906 De
617 1870 818 1918 quercubus
850 1870 1132 1916 prosternendis
1171 1871 1221 1906 ad
1258 1884 1349 1918 opus·
1390 1870 1642 1918 reglis—Rex
1690 1872 1845 1909 custodi
1894 1873 2039 1912 foreste
2078 1875 2125 1913 de

416 1931 529 1977 Bere,
580 1931 766 1969 salutem.
852 1931 1054 1969 Mittimus
1103 1931 1152 1969 ad
1196 1934 1235 1969 te
1288 1931 1484 1970 Hurtard'
1537 1933 1778 1971 servientem
1835 1938 2019 1974 nostrum
2077 1937 2125 1974 ad

416 1993 644 2032 faciendum
684 1993 882 2043 prosterni
926 1993 967 2031 in
1016 1993 1191 2042 predicta
1240 1993 1390 2032 foresta
1434 1994 1487 2032 xl.
1529 2007 1699 2044 quercus
1739 2000 1777 2034 et
1817 1997 1958 2035 cariari
1998 2011 2125 2049 usque

418 2056 669 2095 Wintoniam
705 2059 845 2095 contra
883 2056 1042 2094 instans
1082 2056 1232 2094 festum
1273 2056 1429 2095 Natalis
1470 2057 1635 2095 Domini
1674 2059 1723 2095 ad
1758 2058 1893 2098 focum
1924 2062 2122 2107 nostrum,

416 2118 681 2169 precipientes
730 2119 835 2168 (1110(1
890 2118 934 2156 111
991 2118 1125 2167 aliquo
1182 2121 1289 2157 certo
1350 2119 1436 2157 loco
1494 2119 1562 2157 ubi
1622 2121 1767 2159 melius
1825 2122 1913 2171 capi
1970 2124 2126 2172 possint

416 2184 547 2231 preter
602 2181 822 2230 cari-agium
880 2180 914 2218 ei
973 2179 1097 2218 facias
1155 2180 1354 2230 predictas
1411 2193 1582 2230 quercus
1640 2182 1812 2230 liberari,
1873 2186 1911 2222 et
1973 2185 2026 2223 sis
2089 2186 2124 2224 ei

416 2243 617 2281 auxilians
653 2243 702 2281 ad
741 2243 927 2281 homines
963 2242 1251 2292 perquirendos
1291 2243 1340 2281 ad
1380 2255 1446 2281 eas
1485 2245 1798 2293 prosternendas
1837 2249 1876 2285 et
1915 2247 2124 2286 cariandas

417 2305 466 2344 ad
505 2305 688 2344 denarios
728 2308 901 2343 nostros.
981 2304 1097 2343 Teste
1137 2308 1181 2342 ut
1220 2317 1354 2354 supra.

525 2420 582 2456 De.
627 2420 726 2467 equis
772 2417 1182 2466 reaia—Mandatum
1231 2420 1291 2456 est
1340 2418 1512 2457 Ricardo
1567 2420 1805 2458 marescallo
1852 2421 1957 2470 (1110(1
2004 2435 2125 2472 equos

417 2480 520 2530 regis
558 2480 626 2530 qui
667 2483 764 2518 sunt
798 2481 840 2518 in
880 2480 1063 2518 custodia
1093 2493 1165 2518 sua
1195 2480 1281 2518 sine
1311 2481 1503 2519 dilatione
1534 2482 1653 2520 ducat
1684 2495 1809 2532 usque
1840 2483 2122 2535 Theokesbyr'‚

417 2546 455 2581 et
494 2556 560 2582 eos
598 2541 738 2580 liberet
786 2542 916 2580 Alano
963 2542 1010 2579 de
1059 2542 1318 2588 Geudeford',
1359 2543 1516 2582 custodi
1557 2543 1729 2582 aliorum
1778 2557 1972 2595 equorum
2020 2547 2124 2596 regis

418 2605 579 2644 ibidem.
659 2607 777 2643 Teste
814 2607 859 2642 ut
898 2617 1031 2654 supra.
1230 2596 1246 2610 ἢ

526 2685 581 2723 Ε1
620 2684 860 2723 mandatum
901 2689 960 2722 est
999 2684 1126 2722 eidem
1168 2683 1296 2721 Alano
1335 2684 1440 2734 quod
1475 2685 1602 2723 dictos
1632 2698 1753 2735 equos
1783 2685 1832 2724 ab
1867 2699 1911 2725 eo
1942 2688 2122 2737 recipiat,

417 2751 456 2786 et
499 2747 646 2785 ballivo
683 2746 838 2785 domini
886 2746 990 2796 regis
1029 2746 1076 2783 de
1125 2745 1390 2795 Theokesbyr'
1438 2747 1543 2796 quod
1593 2747 1642 2785 ad
1690 2748 1797 2797 ipsos
1845 2761 1979 2798 equos,
2021 2750 2124 2788 sicut

419 2811 468 2849 ad
509 2810 608 2848 alios
647 2809 715 2859 qui
755 2811 851 2847 sunt
891 2808 932 2845 in
973 2808 1153 2847 custodia
1201 2821 1285 2854 sua,
1325 2809 1550 2847 necessaria
1588 2809 1716 2848 eidem
1760 2810 1889 2849 Alano
1928 2811 2121 2851 inveniat.

420 2872 536 2911 Teste
574 2876 619 2910 ut
659 2884 791 2921 supra.

525 2989 580 3025 De
617 2995 737 3024 casti-0
774 2988 876 3035 [suffe
909 2986 1101 3023 liberando
1131 2987 1172 3023 J.
1205 2988 1246 3022 cle
1283 2987 1624 3025 Uobelzane.—Rex
1654 2987 1867 3026 Bertramo
1897 2989 1943 3027 de
1975 2989 2121 3039 Crioyl,

417 3051 603 3090 salutem.
678 3049 788 3087 Bene
826 3047 1014 3094 recolitis,
1054 3050 1099 3086 ut
1143 3048 1357 3094 credimus,
1397 3049 1504 3097 quod
1541 3062 1669 3099 nuper
1707 3049 1819 3088 vobis
1858 3050 2041 3090 dedimus
2081 3052 2122 3089 in

418 3111 623 3152 mandatis
670 3111 717 3148 de
763 3112 894 3149 castro
940 3112 1078 3148 nostro
1132 3109 1238 3148 Roffe
1286 3109 1494 3149 liberando
1535 3110 1644 3149 fideli
1682 3115 1819 3150 nostro
1858 3112 2037 3151 <Iohanni
2076 3114 2124 3151 de

419 3174 637 3219 Cobeham,
670 3173 735 3211 cui
762 3172 861 3210 illud
891 3171 1199 3210 custodiendum
1227 3172 1506 3210 commisimus
1535 3173 1727 3223 quamdiu
1759 3173 1874 3212 nobis
1903 3174 2124 3224 placuerit3

419 3241 458 3276 et
505 3236 612 3287 quia,
660 3235 798 3273 eodem
855 3234 1043 3272 johanne
1090 3233 1205 3272 nobis
1253 3234 1485 3281 intimante,
1530 3235 1758 3274 audivimus
1797 3236 1901 3285 quod
1940 3238 2122 3276 nondum

418 3302 597 3338 castrum
643 3296 743 3335 illud
792 3296 827 3334 01
876 3294 1086 3342 liberastis,
1133 3295 1180 3333 de
1229 3309 1308 3346 quo
1358 3297 1581 3346 plurimum
1629 3297 1889 3344 admiramur,
1935 3300 1973 3336 et
2020 3300 2124 3348 quod

420 3361 572 3400 wardas
634 3358 810 3410 ejusdem
864 3357 983 3395 castri
1035 3357 1082 3394 de
1131 3357 1305 3395 termino
1355 3358 1494 3396 Sancti
1544 3359 1699 3395 Andree
1747 3359 1966 3407 recepistis,
2016 3361 2126 3399 vobis
