2375 3587
226 198 307 237 574

294 328 429 374 1237.

290 394 350 430 lin.
373 394 437 432 ld]

1157 201 1342 243 GLOSE
1385 201 1591 244 ROLLS.

523 393 612 430 aliis
668 393 927 443 magnatibus
984 395 1133 433 nostris
1190 395 1388 442 similiter,
1448 399 1500 442 et,
1560 398 1680 445 prout
1745 395 1861 434 nobis
1927 397 2222 440 concesserunt,

524 455 769 493 tricesimam
808 456 1020 494 mobilium
1059 461 1284 496 vestrorum
1323 461 1361 496 et
1400 458 1615 496 hominum
1654 460 1879 496 vestrorum
1914 457 2052 495 eadem
2082 456 2223 494 facilli-

524 520 604 555 tate
643 517 759 555 nobis
796 519 1009 557 concedere
1047 520 1192 565 velitis,
1234 521 1338 558 sicut
1375 520 1548 558 dilectus
1589 523 1628 557 et
1666 519 1796 557 fidelis
1845 522 1981 557 noster
2018 518 2074 556 M.
2114 517 2223 555 filius

525 578 700 624 Geroldi‚
757 580 1005 629 justiciarius
1061 584 1198 619 noster
1253 580 1462 627 Hibernie,
1522 580 1635 619 vobis
1701 581 1860 630 plenius
1921 581 2104 629 exponet,
2166 579 2222 616 sic

523 640 694 690 benigne
745 641 792 679 de
845 645 1014 691 utroque
1065 642 1217 680 auxilio
1267 642 1382 681 nobis
1436 642 1722 681 subvenientes
1774 642 1824 680 ad
1876 654 1949 680 nos
2002 642 2049 679 de
2106 643 2221 678 tanta

522 703 691 752 pecunia
721 704 1005 753 acquietandos
1035 707 1229 754 quantam
1266 705 1432 743 domino
1470 703 1705 753 imperatori
1743 716 1836 742 cum
1874 703 2054 752 predicta
2092 714 2223 740 sorore

522 768 660 803 nostra
688 765 971 808 concessimus,
994 766 1041 804 de
1069 779 1148 816 qua
1177 766 1299 804 simul
1330 769 1369 804 et
1400 766 1491 804 aliis
1522 765 1667 804 debitis
1697 778 1779 804 non
1809 764 2064 803 mediocriter
2092 763 2223 802 adhuc

522 840 595 865 nos
634 827 830 866 sentimus
882 830 1080 877 gravatos,
1125 828 1230 877 quod
1277 827 1510 866 liberalitati
1550 830 1678 866 vestre
1731 827 1956 876 specialiter
2006 825 2223 864 attribuere

522 889 737 927 debeamus
776 889 808 928 si
847 903 869 927 a
908 893 1023 928 tanto
1069 903 1187 928 onere
1226 903 1294 940 per
1341 890 1537 928 auxilium
1586 894 1763 928 vestrum
1812 889 2008 927 fuerimus
2051 887 2221 932 liberati,

523 955 562 989 et
618 952 666 989 ad
724 955 934 1001 perpetuas
992 951 1102 990 vobis
1159 953 1251 991 inde
1307 952 1433 991 teneri
1486 951 1702 990 debeamus
1755 951 1977 1001 gratiarum
2030 949 2220 988 actiones.

526 1014 642 1052 Teste
680 1018 725 1052 ut
764 1027 897 1063 supra.

631 1101 715 1138 Rex
751 1101 907 1139 dilectis
954 1105 992 1139 et
1031 1100 1217 1139 fidelibus
1261 1102 1357 1143 suis,
1382 1100 1624 1146 comitibus,
1665 1099 1894 1145 baronibus,
1934 1097 2145 1144 militibus,
2186 1100 2224 1136 et

522 1162 711 1201 omnibus
778 1163 866 1200 aliis
932 1162 1117 1201 fidelibus
1183 1164 1265 1201 suis
1334 1163 1376 1200 in
1447 1162 1655 1212 Hybernia
1726 1161 1971 1207 constitutis,
2038 1160 2223 1199 salutem.

523 1225 555 1261 F
559 1224 781 1262 idelitatem
838 1228 1012 1263 vestram
1070 1225 1219 1274 pariter
1274 1227 1313 1262 et
1370 1224 1570 1262 laudabile
1623 1223 1837 1261 servicium
1889 1225 2069 1262 vestrum
2121 1221 2227 1272 quod

522 1286 636 1324 nobis
676 1287 798 1324 simul
837 1290 876 1324 et
920 1287 1024 1336 patri
1073 1290 1211 1325 nostro
1258 1286 1528 1336 impendistis,
1569 1286 1673 1324 sicut
1719 1284 1962 1323 multociens
2000 1297 2141 1322 sumus
2179 1296 2225 1321 ea

522 1352 633 1398 parte
671 1348 889 1398 plurimum
929 1349 1272 1393 commendantes,
1312 1352 1446 1398 grates
1490 1348 1582 1385 inde
1616 1346 1727 1385 vobis
1766 1347 1991 1385 exolvimus
2029 1346 2222 1395 copiosas,

521 1410 727 1460 cupientes
766 1424 812 1448 ex
851 1411 988 1448 anima
1026 1413 1225 1459 quantum
1275 1410 1315 1447 in
1365 1409 1480 1447 nobis
1528 1412 1587 1447 est
1630 1408 1802 1458 gratiam
1846 1407 1957 1446 vobis
1996 1407 2225 1457 impendere

521 1478 560 1510 et
617 1473 809 1511 favorem.
911 1473 975 1510 Ex
1031 1476 1222 1510 consueta
1279 1472 1403 1521 igitur
1459 1471 1710 1519 benignitate
1775 1473 1906 1508 vestra
1963 1469 2083 1507 fidem
2140 1469 2222 1519 jam

522 1538 773 1584 reportantes
824 1534 1101 1580 indubitatam,
1150 1534 1198 1571 ad
1246 1546 1409 1583 presens
1457 1546 1526 1571 vos
1577 1533 1766 1570 duximus
1819 1535 1973 1570 attente
2025 1530 2223 1580 rogandos

522 1598 712 1647 quatinus
767 1610 858 1635 cum
920 1597 1050 1635 adhuc
1111 1596 1235 1634 nichil
1289 1595 1405 1635 nobis
1456 1595 1630 1634 feceritis
1675 1595 1722 1632 de
1775 1594 1926 1632 auxilio
1988 1593 2056 1631 illo
2106 1605 2224 1642 super

521 1673 600 1709 quo
665 1673 733 1698 vos
799 1660 1028 1709 rogavimus
1085 1663 1174 1708 post
1230 1658 1490 1708 maritagium
1547 1657 1693 1695 sororis
1751 1660 1899 1702 nostre,
1958 1655 2223 1705 imperatricis

522 1723 855 1767 Alemannorum,
892 1721 1072 1759 videlicet
1113 1722 1159 1758 dc
1194 1720 1350 1758 duabus
1389 1720 1535 1758 marcis
1570 1719 1619 1757 ad
1653 1722 1827 1765 scutum,
1861 1720 1976 1768 quale
2014 1720 2223 1767 magnates

521 1788 559 1822 et
606 1785 738 1822 fideles
785 1784 912 1822 nostri
956 1784 996 1820 in
1037 1783 1184 1832 Anglia
1222 1786 1318 1821 tunc
1358 1781 1473 1820 nobis
1521 1782 1716 1826 fecerunt,
1756 1780 1994 1830 petitionem
2043 1782 2223 1817 nostram

521 1847 797 1886 favorabiliter
866 1846 1083 1895 adimplere
1166 1845 1311 1891 velitis,
1395 1844 1568 1893 gratiam
1653 1843 1779 1892 gratie
1849 1842 2040 1881 addentes
2109 1842 2224 1892 juxta

521 1910 803 1948 liberalitatem
868 1904 1010 1947 iterato
1073 1907 1188 1946 nobis
1250 1907 1476 1956 impensam
1533 1919 1556 1944 a
1612 1905 1800 1954 predictis
1864 1903 2122 1953 magnatibus
2184 1907 2223 1942 et

522 1972 708 2010 fidelibus
765 1971 914 2009 nostris
962 1970 1119 2019 Anglie,
1169 1973 1221 2014 et,
1280 1972 1398 2018 prout
1456 1967 1570 2006 nobis
1627 1969 1922 2012 concesserunt,
1977 1966 2223 2004 tricesimam

522 2034 734 2073 mobilium
810 2036 1034 2071 vestrorum
1116 2032 1254 2069 eadem
1330 2030 1541 2069 facillitate
1616 2028 1730 2067 nobis
1804 2029 2019 2067 concedere
2091 2028 2223 2066 velitis

522 2098 624 2136 sicut
662 2097 832 2134 dilectus
870 2100 908 2133 et
946 2095 1076 2133 fidelis
1124 2098 1260 2132 noster
1307 2094 1362 2131 M.
1412 2093 1520 2130 filius
1567 2092 1745 2137 (ieroldi,
1794 2091 2042 2141 justiciarius
2089 2094 2224 2129 noster

522 2159 729 2203 Hibernie,
766 2157 878 2195 vobis
912 2157 1070 2206 plenius
1101 2159 1285 2205 exponet,
1320 2155 1374 2193 sic
1409 2154 1580 2203 benigne
1611 2153 1761 2191 auxilio
1790 2152 1920 2191 nobis*
1941 2152 2223 2190 subvenientes

520 2222 569 2260 ad
617 2234 688 2259 nos
736 2221 782 2258 de
831 2225 944 2258 tanta
991 2219 1161 2269 pecunia
1208 2217 1493 2268 acquietandos
1539 2219 1735 2265 quantam
1785 2215 1951 2254 domino
1989 2215 2223 2264 imperatori

520 2297 611 2322 cuin
649 2283 827 2333 predicta
865 2295 996 2320 sorore
1036 2286 1174 2319 nostra
1212 2279 1496 2324 concessimus,
1533 2279 1580 2316 de
1613 2290 1692 2327 qua
1726 2277 1849 2315 simul
1882 2280 1921 2315 et
1954 2276 2044 2314 aliis
2078 2276 2222 2315 debitis

520 2359 601 2384 non
640 2345 894 2383 mediocriter
931 2345 1062 2382 adhuc
1101 2356 1174 2381 nos
1213 2343 1410 2380 sentimus
1449 2343 1646 2388 gravatos,
1686 2340 1792 2390 quod
1826 2339 2061 2377 liberalitati
2094 2342 2223 2377 vestre

520 2408 746 2457 specialiter
776 2406 994 2445 attribuere
1028 2405 1257 2449 debeamus,
1290 2404 1322 2442 si
1357 2417 1379 2442 a
1413 2407 1527 2441 tanto
1559 2415 1676 2440 onere
1710 2414 1780 2451 per
1812 2401 2009 2439 auxilium
2043 2404 2221 2439 vestrum

521 2470 717 2508 fuerimus
756 2469 927 2510 liberati,
968 2472 1006 2506 et
1048 2468 1097 2506 ad
1145 2469 1357 2517 perpetuas
1404 2465 1515 2504 vobis
1563 2464 1688 2503 teneri
1736 2463 1952 2502 debeamus
1999 2463 2222 2512 gratiarum

520 2533 711 2571 actiones.
790 2532 906 2569 Teste
946 2534 989 2569 ut
1029 2543 1161 2580 supra.

629 2620 783 2657 Eodem
840 2619 959 2657 modo
1017 2616 1257 2655 mandatum
1315 2618 1375 2654 est
1440 2614 1628 2653 omnibus
1691 2612 1951 2663 magnatibus
2016 2612 2224 2660 Hibernie,

517 2681 702 2720 videlicet
721 2694 785 2719 :—

733 2742 1044 2791 Archiepiscopo
1083 2740 1337 2779 Dublinensi.

734 2805 1045 2854 Archiepiscopo
1083 2804 1322 2842 Armacano.

734 2867 1042 2916 Archiepiscopo
1081 2865 1313 2904 Tuamensi.

732 2930 895 2968 Decano
932 2932 971 2967 et
1008 2928 1186 2978 capitulo
1225 2926 1464 2966 Cassalensi.

733 2992 935 3041 Episcopo
974 2990 1180 3028 Fernensi.

732 3054 933 3103 Episcopo
972 3052 1207 3091 Osseriensi.

731 3115 931 3164 Episcopo
970 3114 1271 3162 Leghelinensi.

731 3177 932 3226 Episcopo
970 3175 1156 3213 Darensi.

731 3238 933 3288 Episcopo
971 3237 1186 3274 Middensi.

728 3301 929 3350 Episcopo
969 3298 1240 3337 Olochorensi.

731 3363 932 3412 Episcopo
971 3361 1207 3399 Arsertensi.
