2375 3587
254 194 337 235 522

322 326 464 372 1237.

313 393 373 431 [111.
390 390 453 424 1611
459 392 482 430 .]

1190 198 1377 241 CLOSE
1423 198 1629 241 ROLLS.

555 394 835 443 respondeant.
901 395 957 433 Et
996 396 1029 433 si
1067 396 1193 445 aliqui
1233 395 1341 434 bosci
1382 396 1464 434 sint
1504 395 1572 444 qui
1621 407 1702 432 non
1742 394 1973 443 pertineant
2012 394 2061 431 ad
2099 393 2259 443 aliquod

551 456 778 494 manerium
817 457 970 495 domini
1010 458 1126 507 regis,
1166 461 1263 496 tunc
1301 457 1488 506 capitalis
1537 457 1787 507 justiciarius
1826 457 1944 494 11111111
1983 456 2182 494 custodiat
2220 458 2259 494 et

551 517 643 556 inde
694 518 875 557 absolute
924 520 1174 569 respondeat.
1254 520 1312 557 De
1365 519 1495 567 parcis
1548 518 1694 556 clausis
1745 518 1884 557 ballivi
1943 518 1990 556 de
2046 517 2260 556 dominicis

552 579 634 618 sint
672 582 856 620 custodes
894 586 932 620 et
968 595 1049 620 non
1090 582 1370 630 respondeant.

660 668 719 705 De
748 668 967 706 forestariis
996 669 1062 718 qui
1094 668 1247 706 feoffati
1278 672 1374 706 sunt
1413 681 1481 717 per
1513 670 1642 706 cartas
1682 670 1720 705 et
1759 668 1825 717 qui
1868 668 2032 705 fuerunt
2071 665 2259 704 disseisiti

552 743 621 778 per
658 729 827 768 ballivos
865 731 1019 768 domini
1059 731 1162 779 regis
1202 731 1259 768 ita
1298 730 1506 779 provisum
1545 732 1618 775 est,
1671 729 1776 779 quod
1824 729 2047 767 rehabeant
2094 728 2260 766 seisinas

553 805 645 830 suas
692 793 732 830 in
783 793 921 831 eodem
969 797 1079 831 statu
1128 793 1167 829 in
1219 805 1296 842 quo
1344 792 1433 830 illas
1484 792 1594 840 prius
1633 791 1891 832 habuerunt:
1949 794 1988 829 et
2026 793 2177 840 postea,
2227 789 2259 827 31

552 854 718 893 domino
775 855 855 904 regi
912 855 1120 903 placuerit,
1181 858 1518 892 suminoneantur
1573 854 1621 891 ad
1679 854 1976 891 ostendendum
2032 854 2259 891 warantum

553 929 684 962 suum,
726 923 765 954 et
803 917 1024 955 secundum
1064 917 1191 966 legem
1233 921 1333 955 terre
1373 917 1637 955 deducantur.

660 1004 805 1043 Postea
844 1005 950 1054 apud
990 1005 1222 1054 Kenynton’
1264 1018 1397 1042 coram
1438 1004 1524 1053 ipso
1563 1004 1729 1042 domino
1768 1016 1858 1053 rege
1897 1006 1936 1041 et
1974 1002 2142 1041 consilio
2189 1014 2261 1039 suo

552 1067 756 1116 provisum
809 1071 882 1109 est,
935 1070 973 1104 et
1022 1067 1090 1116 qui
1141 1067 1215 1104 hoc
1268 1066 1466 1104 concessit
1515 1065 1620 1115 quod
1675 1065 1812 1103 ballivi
1867 1065 1929 1103 sui
1967 1064 2036 1114 qui
2069 1063 2260 1102 mittendi

552 1133 647 1167 sunt
685 1130 733 1167 ad
773 1130 977 1167 nundinas
1015 1129 1076 1167 vel
1123 1128 1217 1166 alibi
1258 1142 1328 1177 pro
1367 1128 1472 1166 vinis
1512 1131 1551 1165 et
1595 1128 1743 1177 pannis
1782 1131 1820 1165 et
1859 1127 1950 1165 aliis
1996 1125 2261 1165 mercandisis

552 1192 600 1229 ad
639 1205 738 1241 opus
785 1191 939 1229 domini
986 1192 1088 1240 regis
1136 1191 1330 1236 emendis,
1380 1191 1471 1239 plus
1519 1202 1600 1227 non
1650 1190 1813 1239 capiant
1862 1189 1911 1227 ad
1958 1201 2058 1238 opus
2105 1187 2260 1226 domini

552 1254 655 1303 regis
711 1267 831 1304 quam
889 1254 972 1303 ipse
1019 1254 1209 1291 dominus
1265 1266 1332 1291 rex
1389 1265 1549 1291 necesse
1607 1251 1809 1297 habuerit,
1862 1264 1936 1290 nec
1993 1251 2084 1300 plus
2140 1263 2259 1300 quam

552 1316 824 1355 continebitur
864 1317 902 1353 in
941 1316 1087 1354 litteris
1134 1316 1288 1353 domini
1338 1315 1441 1363 regis
1489 1315 1545 1352 eis
1595 1327 1714 1363 super
1753 1315 1828 1352 hoc
1873 1313 2146 1359 conficiendis,
2187 1325 2260 1350 nec

551 1379 660 1416 aliud
708 1379 784 1416 nisi
834 1379 872 1416 id
922 1379 1025 1416 unde
1070 1377 1285 1416 habuerint
1325 1377 1441 1415 breve
1480 1377 1635 1414 domini
1677 1377 1780 1423 regis
1819 1377 1868 1414 ad
1907 1379 2145 1414 warantum.
2203 1375 2260 1413 Et

550 1453 642 1479 cum
677 1441 725 1479 ad
766 1441 967 1478 nundinas
1001 1441 1197 1483 venerint,
1231 1440 1369 1478 statim
1409 1439 1574 1488 capiant
1613 1442 1653 1476 et
1692 1440 1780 1476 sine
1813 1439 1934 1488 longa
1967 1451 2079 1476 mora
2109 1449 2260 1475 merces

550 1507 588 1541 et
624 1503 894 1542 mercandisas
928 1516 998 1551 pro
1031 1502 1177 1551 quibus
1212 1502 1264 1540 ibi
1300 1502 1412 1539 missi
1464 1502 1629 1538 fuerunt
1664 1514 1713 1538 ne
1749 1504 1989 1539 mercatores
2028 1499 2152 1549 aliqui
2191 1512 2260 1549 per

551 1579 617 1604 eos
664 1567 813 1615 injuste
864 1572 1082 1614 graventur
1132 1570 1174 1602 ut
1223 1568 1343 1602 antea
1389 1564 1546 1610 gravari
1596 1562 1835 1601 solebant.¹
1880 1563 1936 1600 Et
1985 1562 2122 1602 ballivi
2161 1561 2261 1600 tales

552 1628 727 1665 habeant
778 1628 933 1665 litteras
982 1628 1086 1675 quod
1138 1627 1209 1676 iiij.
1260 1627 1409 1675 legales
1459 1630 1700 1664 mercatores
1749 1627 1796 1663 de
1846 1625 2017 1675 singulis
2066 1623 2260 1662 nundinis

551 1692 772 1729 secundum
820 1690 975 1728 diversa
1024 1703 1169 1739 genera
1216 1689 1561 1727 mercandisarum
1612 1701 1688 1738 que
1734 1689 1784 1726 ad
1824 1701 1925 1738 opus
1963 1687 2118 1726 domini
2157 1686 2260 1736 regis

552 1753 719 1791 emende
771 1756 865 1789 sunt
913 1753 953 1789 in
1003 1752 1079 1790 fide
1127 1765 1206 1801 qua
1253 1752 1337 1789 Deo
1385 1756 1423 1788 et
1463 1750 1629 1788 domino
1677 1751 1757 1800 regi
1796 1753 1983 1788 tenentur
2021 1747 2261 1788 rationabile

553 1815 732 1864 precium
771 1814 983 1864 imponent
1021 1815 1210 1863 predictis
1248 1813 1524 1852 mercandisis.

662 1903 788 1938 Assisa
828 1901 1155 1938 vinorum—Rex
1186 1900 1408 1938 vicecomiti
1438 1898 1624 1944 Eboraci,
1656 1900 1845 1937 salutem.
1905 1898 2156 1948 Precipimus
2186 1896 2259 1936 tibi

551 1964 656 2014 quod
695 1977 763 2013 pei·
802 1966 929 2001 totam
964 1962 1129 2000 bailiam
1162 1966 1274 2000 tuam
1306 1965 1343 2000 et
1382 1962 1423 1998 in
1459 1961 1620 1999 civitate
1654 1961 1827 1999 Eboraci
1870 1964 1908 1999 et
1947 1961 1987 1998 in
2027 1960 2118 1998 aliis
2152 1959 2261 1998 villis

551 2027 592 2064 in
631 2026 776 2076 quibus
815 2026 909 2063 vina
946 2025 1176 2063 venduntur
1223 2024 1434 2063 clammari
1483 2023 1606 2062 facias
1655 2028 1694 2062 et
1744 2024 1916 2061 firmiter
1962 2022 2166 2072 prohiberi
2213 2035 2260 2060 ex

551 2092 661 2138 parte
709 2092 847 2126 nostra
893 2088 998 2136 quod
1047 2087 1287 2125 sexterciuin
1327 2086 1408 2123 vini
1459 2085 1536 2123 albi
1588 2086 1735 2124 Grallici
1774 2099 1855 2123 non
1894 2086 2091 2123 vendatur
2128 2085 2259 2123 carius

550 2165 670 2201 quam
710 2152 758 2188 ad
796 2151 880 2200 viij.
921 2150 1119 2196 denarios,
1161 2154 1199 2188 et
1239 2149 1481 2187 sextercium
1522 2148 1606 2185 vini
1649 2148 1759 2186 rubei
1799 2149 1930 2187 carius
1970 2161 2092 2199 quam
2131 2148 2180 2185 ad
2219 2160 2257 2184 x.

550 2215 747 2258 denarios,
786 2216 823 2250 et
872 2213 976 2261 quod
1024 2213 1177 2249 dolium
1216 2212 1312 2256 vini,
1354 2212 1384 2247 si
1426 2211 1626 2248 vendatur
1667 2211 1706 2248 in
1749 2224 1900 2259 grosso,
1942 2223 2023 2248 non
2062 2210 2259 2248 vendatur

550 2277 681 2315 carius
731 2288 852 2325 quam
905 2275 1031 2312 assisa
1080 2275 1258 2324 predicta
1311 2273 1598 2311 scxterciorum
1649 2273 1854 2321 deposcit3
1908 2276 1946 2311 et
1996 2273 2037 2309 in
2087 2272 2258 2320 singulis

550 2339 657 2376 villis
678 2338 865 2387 predictis
888 2337 1070 2385 deputari
1093 2337 1216 2375 facias
1239 2337 1338 2374 duos
1360 2335 1506 2384 legales
1528 2335 1714 2373 homines
1734 2335 1803 2384 qui
1824 2335 1989 2373 videant
2009 2335 2114 2385 quod
2135 2334 2261 2372 assisa

549 2401 726 2450 predicta
764 2400 861 2438 vini.
903 2404 985 2436 tam
1035 2400 1075 2436 in
1124 2411 1261 2448 grosso
1308 2411 1429 2447 quam
1477 2397 1606 2443 aliter,
1648 2397 1820 2435 firmiter
1858 2397 2106 2442 observetur,
2156 2397 2260 2435 sicut

550 2463 775 2512 predictum
814 2465 886 2505 est,
928 2462 983 2499 ita
1021 2462 1126 2511 quod
1161 2463 1209 2500 ad
1245 2466 1284 2499 te
1313 2465 1351 2498 et
1383 2461 1490 2509 ipsos
1522 2473 1596 2497 nos
1631 2473 1772 2510 capere
1808 2473 1889 2498 non
1925 2459 2165 2504 debeamus;
2206 2462 2257 2505 et,

550 2526 582 2564 31
610 2538 728 2575 quem
760 2524 960 2562 inveneris
990 2525 1056 2573 qui
1081 2525 1219 2561 vinum
1244 2524 1391 2562 vendat
1420 2526 1560 2561 contra
1589 2523 1759 2560 assisam
1791 2522 2013 2572 predictam
2045 2524 2257 2571 postquam

550 2588 589 2625 id
619 2586 827 2625 clammari
858 2586 996 2624 feceris
1030 2590 1069 2624 et
1104 2586 1318 2635 prohiberi,
1349 2586 1443 2622 vina
1479 2584 1605 2633 ipsius
1638 2584 1679 2621 in
1712 2597 1880 2622 manum
1914 2587 2096 2622 nostram
2125 2584 2258 2633 capias

549 2654 587 2688 et
618 2663 663 2687 ea
697 2649 806 2686 salvo
839 2648 1041 2686 custodias
1075 2649 1201 2686 donec
1236 2648 1343 2685 aliud
1380 2646 1471 2684 inde
1505 2646 1816 2695 preceperimus.
1878 2646 1996 2684 Teste
2028 2659 2117 2695 rege
2152 2646 2257 2695 apud

552 2712 707 2758 Kenet‘,
749 2711 817 2761 vij.
858 2710 920 2748 die
959 2710 1179 2748 Februarii.

945 2790 1170 2828 vicecomiti
1208 2788 1385 2827 Devonie
1553 2787 1776 2826 vicecomiti
1816 2787 2010 2836 Notingh'

944 2852 1169 2891 vicecomiti
1210 2850 1408 2890 Cornubie
1519 2787 1782 2943 ⁴{vicecomiti
1822 2849 2008 2889 Cantebr’
2049 2852 2088 2888 et
2131 2849 2259 2888 Hunt'

555 2917 711 2956 Eodem
751 2915 870 2953 modo
912 2915 1167 2957 4vicecomiti
1202 2914 1312 2953 Norf'
1344 2917 1382 2951 et
1413 2912 1513 2951 Suff'
1552 2913 1779 2951 vicecomiti
1817 2912 2003 2951 Lincoln’

555 2980 794 3018 mandatum
835 2982 894 3015 est
925 2961 1168 3015 lvicecomiti
1209 2976 1319 3015 Sui-1³
1552 2975 1776 3013 vicecomiti
1816 2975 2054 3024 Norhampt'

922 3011 1165 3088 {vicecomiti
1206 3038 1352 3076 Buk’et
1390 3038 1487 3076 Bed'
1553 3038 1708 3076 custodi
1748 3037 1931 3086 Quinque
1969 3037 2166 3075 Portuum

552 3104 778 3144 vicecomiti
828 3104 968 3141 Essex‘
1023 3115 1068 3140 eo
1118 3102 1274 3151 adjecto
1319 3101 1423 3149 quod
1473 3101 1514 3138 in
1567 3100 1675 3138 villis
1722 3111 1797 3148 que
1844 3111 1986 3147 parum
2035 3098 2187 3136 distant
2234 3111 2257 3136 a

552 3166 747 3218 portubus
803 3166 844 3202 in
902 3164 1047 3214 quibus
1112 3164 1206 3201 vina
1272 3163 1489 3211 applicant,
1548 3162 1653 3212 quod
1708 3160 1948 3198 sextercium
2005 3160 2088 3197 vini
2144 3159 2255 3198 rubei

551 3231 748 3269 vendatur
785 3228 834 3266 ad
874 3241 910 3265 x.
951 3226 1135 3264 denarios
1174 3230 1213 3263 et
1252 3238 1334 3263 non
1373 3226 1517 3272 carius,
1554 3229 1593 3263 et
1639 3224 1724 3262 vini
1771 3223 1852 3261 albi
1901 3222 2045 3261 Gallici
2083 3222 2132 3259 ad
2171 3221 2255 3271 viij.

551 3298 590 3332 et
645 3293 687 3330 in
740 3290 846 3329 villis
902 3302 977 3339 que
1033 3289 1186 3326 distant
1242 3301 1264 3325 a
1322 3287 1516 3336 portubus
1570 3300 1638 3336 per
1688 3299 1752 3323 xx.
1804 3286 1938 3323 leucas
1989 3287 2028 3322 et
2079 3284 2255 3333 amplius

552 3356 749 3395 vendatur
787 3352 1025 3392 sextercium
1065 3350 1148 3389 vini
1188 3350 1298 3388 rubei
1347 3350 1395 3387 ad
1443 3350 1512 3400 xij.
1556 3349 1742 3388 denarios
1790 3352 1828 3386 et
1867 3347 1951 3387 vini
1990 3345 2070 3385 albi
2111 3346 2254 3385 Gallici

553 3420 601 3458 ad
639 3432 676 3456 x.
717 3420 755 3455 et
794 3428 874 3454 11011
914 3414 1056 3453 carius.
