2375 3587
214 170 269 209 88

277 290 422 337 1235.

268 359 329 399 [m.
355 356 425 395 11.]

1147 165 1332 214 GLOSE
1376 166 1583 214 ROLLS.

622 365 700 401 Pro
756 366 919 403 Mabilza
980 380 1090 403 uxore
1149 367 1323 415 Galfrz’dc'
1378 365 1806 404 Ridet—Mandatum
1845 366 1905 402 est
1948 362 2124 401 Henrico
2162 362 2209 400 de

514 424 761 472 Trublevill’,
800 427 1018 466 senescallo
1059 428 1282 474 Wasconie,
1322 428 1428 478 quod
1457 427 1500 465 in
1532 427 1610 465 fide
1638 440 1716 477 qua
1745 425 1910 465 domino
1939 424 2021 474 regi
2051 426 2211 462 tenetur

512 489 551 524 et
589 486 692 525 sicut
729 501 861 537 regem
900 492 939 527 et
986 490 1181 527 honorem
1239 502 1356 527 suum
1405 489 1551 538 diligit,
1610 489 1771 538 plenam
1829 487 2019 525 seisinam
2066 485 2210 524 habere

508 547 630 586 faciat
668 549 831 588 Mabille
860 550 973 588 uxori
1004 551 1176 589 Galfridi
1214 551 1330 589 Ridel
1368 551 1415 588 de
1454 553 1558 588 terra
1595 550 1642 588 de
1681 549 1809 599 Belyn
1848 552 1887 586 et
1930 549 1977 586 de
2015 547 2132 586 terris
2162 547 2203 585 in

510 609 644 648 insula
681 611 728 649 de
768 611 929 658 Olerun,
968 625 1068 662 quas
1106 613 1212 650 idem
1259 612 1467 650 Galfridus
1507 611 1638 650 tenuit
1676 611 1723 649 de
1763 610 1884 648 ballio
1927 610 2050 660 hujus
2092 608 2209 657 regis,

508 671 567 709 ita
596 673 701 722 quod
751 686 818 710 rex
867 673 1052 712 iteratam
1091 674 1184 712 inde
1232 686 1313 713 non
1357 674 1494 712 audiat
1534 673 1750 723 querelam.
1837 672 1955 710 Teste
1984 684 2074 720 rege
2104 671 2210 721 apud

513 733 782 782 Sandwicum,
813 735 883 786 xij.
924 736 987 774 die
1026 736 1138 774 Maii.

618 843 695 878 Pro
733 843 941 880 hominibus
979 843 1114 880 ιῙαιὌῦἰ
1152 841 1582 880 H11e.s*’.—Mandatum
1612 844 1694 878 *est
1755 839 1904 878 Jacobo
1947 840 2068 878 Hoes'
2108 840 2212 890 quod

510 902 694 941 homines
745 903 919 941 Huberti
972 904 1108 951 Hoes',
1149 916 1248 953 quos
1305 902 1525 941 atachiavit
1573 902 1619 939 de
1667 914 1752 939 esse
1800 914 1932 939 coram
1979 901 2212 951 justiciariis

511 964 693 1014 proximo
740 965 990 1003 itineraturis
1038 966 1087 1003 ad
1136 965 1284 1015 placita
1322 965 1467 1003 foreste
1517 977 1561 1002 eo
1600 963 1705 1013 quod
1754 963 1840 1001 sine
1882 967 2062 1002 waranto
2110 963 2214 1013 regis

511 1026 745 1076 inceperunt
792 1028 974 1066 claudere
1021 1027 1187 1066 boscum
1235 1027 1361 1076 ipsius
1409 1025 1582 1064 Huberti
1631 1025 1678 1062 de
1717 1025 1903 1074 Norrug',
1944 1038 2082 1075 pacem
2120 1025 2213 1063 inde

511 1087 655 1127 habere
684 1089 892 1138 permittat
929 1102 1002 1128 nec
1040 1102 1104 1128 eos
1143 1089 1235 1127 inde
1274 1089 1315 1126 in
1354 1088 1488 1137 aliquo
1522 1088 1762 1132 occasionet,
1798 1086 1892 1137 quia
1925 1100 1993 1125 rex
2022 1088 2069 1126 de
2106 1087 2213 1126 facto

511 1149 582 1188 illo
619 1162 684 1188 eos
723 1150 912 1189 clamavit
950 1150 1112 1200 penitus
1149 1150 1319 1200 quietos.
1406 1149 1522 1188 Teste
1561 1152 1605 1187 ut
1645 1161 1778 1198 supra.

622 1258 699 1294 Pro
744 1260 865 1302 fratre
912 1259 1068 1295 Ii'oberto
1113 1259 1292 1306 minuisti-0
1340 1257 1488 1294 Mc‘lz'cie
1537 1258 1682 1304 Templi
1728 1258 1767 1293 in
1812 1257 1970 1305 Αηῃίιά,
2006 1258 2049 1293 de
2095 1258 2214 1294 damis

512 1319 923 1357 Aat1·s.—ix1an<latuni
960 1322 1019 1357 est
1059 1319 1212 1357 Thome
1250 1319 1297 1357 de
1338 1318 1566 1358 Saumford’
1606 1318 1712 1368 quod
1755 1318 1877 1357 faciat
1914 1317 2059 1357 habere
2099 1318 2214 1356 fratri

513 1380 699 1427 Roberto,
739 1381 934 1430 magistro
967 1381 1119 1419 Milicie
1154 1380 1310 1430 Templi
1348 1380 1390 1418 in
1429 1380 1590 1430 Anglia,
1631 1380 1767 1418 decem
1806 1380 1947 1418 damos
1984 1380 2026 1417 in
2065 1380 2214 1419 foresta

512 1443 560 1480 de
594 1443 763 1481 Braden'
796 1446 936 1481 contra
974 1443 1283 1482 celebrationem
1323 1442 1492 1492 capituli
1531 1442 1593 1481 sui
1632 1442 1842 1492 generalis,
1878 1442 1926 1480 de
1959 1442 2063 1480 dono
2097 1443 2213 1493 regis.

514 1505 631 1543 Teste
670 1518 760 1555 rege
799 1505 903 1555 apud
945 1505 1222 1552 Cantuariam,
1262 1505 1314 1543 ix.
1355 1505 1418 1543 die
1457 1504 1569 1543 Maii.
1654 1504 1729 1542 Per
1766 1504 1899 1554 ipsum
1939 1517 2085 1553 regem.

619 1613 745 1650 Jmlez‘.
824 1614 881 1649 Da
919 1620 1063 1650 extenta
1096 1611 1595 1661 fczeienda.-—Mandatum
1639 1613 1699 1650 est
1741 1610 1967 1657 vicecomiti
2006 1611 2213 1650 Hertford’

512 1674 617 1723 quod
656 1687 724 1723 per
760 1673 904 1723 probos
954 1676 993 1712 et
1042 1674 1189 1723 legales
1239 1674 1424 1712 homines
1463 1673 1510 1712 de
1552 1673 1749 1712 comitatu
1788 1686 1860 1711 suo
1899 1673 2061 1712 extendi
2095 1673 2216 1712 faciat

512 1739 658 1774 terrani
699 1736 859 1774 Radulfi
908 1736 1136 1775 Marescalli
1165 1736 1206 1774 in
1236 1736 1359 1775 ballia
1388 1749 1461 1775 sua
1494 1739 1545 1782 et,
1577 1736 1684 1774 facta
1712 1738 1876 1774 extenta
1905 1735 1987 1782 illa,
2019 1739 2216 1785 quantum

513 1797 663 1836 scilicet
696 1797 826 1836 valeat
857 1798 897 1835 in
934 1797 1162 1843 dominicis,
1192 1797 1420 1847 vilenagiis‚
1452 1796 1684 1843 redditibus,
1708 1800 1745 1835 et
1773 1796 1864 1835 aliis
1893 1796 2066 1835 exitibus
2100 1800 2215 1845 terre,

513 1860 680 1898 eandem
728 1863 933 1898 extentam
979 1859 1052 1898 sub
1101 1859 1234 1910 sigillo
1282 1872 1353 1898 suo
1400 1862 1439 1898 et
1487 1858 1631 1908 sigillis
1678 1871 1817 1897 eorum
1866 1871 1935 1908 per
1971 1871 2071 1908 quos
2111 1860 2217 1899 facta

513 1922 646 1968 fuerit,
695 1921 929 1972 justiciariis
985 1922 1033 1960 ad
1086 1922 1312 1961 custodiam
1360 1921 1581 1960 Judeorum
1630 1920 1846 1970 assignatis
1894 1921 1980 1959 sine
2026 1921 2219 1961 dilatione

515 1984 650 2022 mittat
688 1987 726 2022 et
764 1984 839 2022 hoc
877 1983 1005 2023 breve.
1093 1984 1210 2023 Teste
1248 1996 1337 2034 rege
1376 1986 1421 2021 ut
1460 1996 1593 2033 supra.

623 2062 678 2099 Et
733 2063 973 2100 mandatum
1030 2065 1089 2101 est
1145 2062 1335 2112 predictis
1391 2061 1625 2112 justiciariis
1682 2061 1800 2111 quod,
1851 2074 1943 2100 cum
2001 2061 2218 2100 vicecomes

517 2124 722 2162 Hertford'
757 2125 812 2162 eis
844 2124 998 2163 miserit
1032 2128 1234 2163 extentam
1267 2127 1368 2162 terre
1402 2123 1588 2173 predicte,
1629 2123 1758 2161 eidem
1790 2123 1965 2162 Radulfo
1999 2124 2219 2162 secundum

515 2187 690 2225 valorem
748 2190 849 2225 terre
906 2200 975 2225 sue
1031 2191 1070 2226 et
1126 2186 1395 2236 quantitatem
1452 2185 1575 2224 debiti
1632 2186 1736 2236 quod
1792 2185 1908 2224 debet
1964 2185 2122 2225 Abrahe
2172 2187 2220 2225 de

517 2248 825 2295 Birchamsted',
875 2248 1035 2287 Abrahe
1082 2248 1166 2287 filio
1214 2248 1385 2294 Abrahe,
1417 2248 1519 2298 Elye
1571 2247 1733 2285 Blundo
1789 2250 1828 2286 et
1876 2247 2002 2285 Leoni
2041 2248 2216 2296 Blundo,

517 2310 655 2349 Judeis
685 2311 829 2357 Lond',
861 2310 1120 2350 rationabiles
1151 2310 1346 2349 terminos
1374 2309 1518 2348 habere
1548 2309 1683 2348 faciat.
1758 2309 1874 2348 Teste
1903 2312 1947 2348 ut
1977 2322 2110 2360 supra.

626 2421 706 2457 Pro
768 2421 923 2458 Haben-t«)
972 2421 1004 2457 lc
1055 2418 1569 2457 Faneonem—Mandatum
1622 2421 1681 2456 est
1731 2418 1934 2457 Willelmo
1982 2419 2030 2456 de
2081 2419 2218 2469 Raleg'

518 2482 622 2530 quod
671 2482 884 2532 loquelam,
935 2494 1012 2532 que
1064 2484 1123 2520 est
1172 2493 1306 2520 coram
1355 2494 1400 2519 eo
1452 2493 1588 2519 versus
1645 2479 1868 2519 Robertum
1925 2480 1961 2519 le
2012 2481 2221 2520 Fauconer

518 2543 765 2592 appellatum
804 2544 851 2581 de
889 2547 1018 2582 morte
1056 2543 1248 2590 hominis,
1287 2546 1413 2592 ponat
1452 2542 1492 2580 in
1530 2545 1757 2592 respectum
1792 2554 1926 2580 coram
1964 2555 2054 2593 rege
2092 2555 2219 2593 usque

518 2605 559 2642 in
604 2605 826 2646 crastinum
871 2605 1107 2645 octabarum
1156 2604 1296 2644 Sancti
1343 2604 1545 2643 <Iohannis
1593 2603 1790 2654 Baptiste.
1878 2604 1994 2643 Teste
2039 2618 2129 2655 rege
2175 2607 2220 2643 ut

519 2680 653 2717 supra.

628 2776 706 2812 Pro
744 2776 870 2812 abbate
908 2782 939 2812 et
978 2776 1169 2813 monachis
1207 2776 1249 2812 de
1288 2772 1729 2823 Balara—Mandatum
1767 2775 1828 2811 est
1865 2773 2020 2812 custodi
2057 2773 2221 2813 honoris

521 2837 788 2875 Richemund'
828 2837 934 2887 quod
971 2836 1180 2886 permittat
1215 2836 1401 2876 abbatem
1433 2839 1472 2874 et
1506 2835 1726 2874 monachos
1761 2835 1808 2874 de
1838 2835 1970 2885 Begar
2002 2836 2049 2874 de
2082 2837 2221 2875 ordine

522 2899 776 2938 Cisterciensi
811 2899 1009 2949 percipere
1043 2899 1085 2937 in
1119 2898 1314 2937 nundinis
1348 2898 1488 2938 Sancti
1522 2897 1718 2947 Botulphi
1749 2900 1787 2936 et
1818 2898 1923 2947 apud
1953 2898 2221 2937 Richemund’

522 2964 561 2999 et
609 2960 703 2999 alibi
762 2961 804 2998 in
855 2960 976 2999 ballia
1026 2974 1099 2999 sua
1147 2961 1187 2998 id
1235 2960 1340 3011 quod
1397 2959 1561 2998 nomine
1608 2959 1826 2997 elemosine
1876 2959 2077 3009 percipere
2129 2973 2219 2999 con-

523 3026 751 3069 sueverunt,
801 3027 884 3062 tani
930 3024 977 3061 de
1024 3023 1257 3061 molendino
1322 3035 1443 3072 quam
1496 3021 1585 3059 aliis
1650 3020 1872 3059 redditibus
1939 3026 1976 3059 et
2041 3022 2221 3070 decimis,

523 3084 769 3133 temporibus
818 3085 987 3123 Henrici
1035 3085 1139 3134 regis
1192 3084 1255 3122 avi
1311 3084 1433 3134 hujus
1490 3083 1607 3132 regis,
1660 3082 1822 3121 Ricardi
1878 3083 1981 3132 regis
2033 3085 2223 3123 avunculi

523 3147 644 3197 hujus
682 3148 785 3197 regis
818 3150 856 3185 et
890 3147 1043 3185 domini
1082 3146 1283 3184 Johannis
1321 3145 1424 3195 regis
1462 3144 1587 3194 patris
1625 3144 1748 3195 hujus
1795 3144 1911 3194 regis,
1963 3147 2002 3183 et
2048 3148 2224 3196 tempore

521 3208 639 3247 istius
670 3209 772 3258 regis
802 3211 1018 3258 antequam
1053 3208 1183 3247 honor
1214 3207 1416 3257 predictus
1442 3205 1689 3256 pervenisset
1721 3205 1762 3243 in
1797 3218 1964 3244 manum
1997 3207 2042 3245 P.
2065 3208 2225 3246 comitis

524 3269 765 3316 Brittannie‚
819 3270 875 3308 ita
923 3270 1028 3320 quod
1077 3269 1184 3319 ipsos
1232 3269 1327 3307 inde
1374 3268 1525 3319 injuste
1573 3279 1655 3306 non
1697 3267 1902 3317 impediat.
1980 3268 2095 3308 Teste
2134 3282 2225 3319 rege

524 3332 629 3380 apud
668 3332 942 3378 Cantuariam,
984 3345 1021 3370 x.
1059 3332 1122 3369 die
1162 3330 1275 3370 Maii.
