2375 3587
161 321 305 368 1236.

154 391 219 428 [m.
242 387 314 426 ea]

1040 195 1095 234 20
1136 192 1343 234 HENRY
1386 192 1469 233 III.
2019 190 2101 230 363

396 398 611 447 diligenter
647 398 827 447 inquiras
865 397 933 447 qui
969 397 1050 436 sint
1088 397 1149 434 illi
1189 397 1489 435 consentientes
1524 398 1562 433 et
1611 397 1889 444 receptatores,
1928 396 1967 430 et
2004 405 2104 441 quos

396 460 596 498 inveneris
636 473 704 509 per
742 460 912 509 legalem
952 459 1258 509 inquisitionem
1298 459 1391 496 inde
1430 458 1513 495 fore
1568 457 1800 505 culpabiles,
1843 456 1933 493 illos
1971 454 2105 503 capias

399 525 438 559 et
495 522 536 558 in
593 521 755 570 prisona
806 525 945 559 nostra
1002 521 1110 559 salvo
1176 520 1380 558 custodias
1435 532 1640 568 quousque
1709 518 1817 555 aliud
1884 517 1975 554 inde
2034 515 2105 553 tibi

400 584 707 633 preceperimus.
767 584 823 621 Et
879 583 937 620 ita
989 586 1027 620 te
1076 582 1224 620 habeas
1274 582 1315 619 in
1369 583 1525 631 prefato
1565 581 1726 627 negotio
1764 583 1809 617 ut
1856 593 1931 628 pax
1969 582 2106 616 nostra

398 646 580 684 decetero
636 646 806 684 firmiter
857 645 1102 691 observetur,
1154 647 1193 682 et
1243 657 1292 681 ne
1345 657 1413 693 per
1453 643 1747 692 negligenciam
1786 645 1895 679 tuam
1937 641 1999 678 vel
2039 653 2107 689 per

399 708 600 745 defectum
658 708 706 745 ad
765 711 801 745 te
854 710 1063 756 tamquam
1121 707 1168 743 ad
1227 705 1404 755 precepti
1463 705 1588 742 nostri
1652 706 2017 751 contemptatorem
2070 705 2108 739 et

402 769 727 807 malefactoribus
776 769 1100 808 consentiantem
1158 781 1230 805 nos
1269 767 1444 817 graviter
1496 780 1634 816 capere
1678 764 1937 803 (1000011111εῆῑὲ
2002 764 2108 802 Scire

402 831 524 869 etiam
577 832 700 869 facias
749 830 938 870 omnibus
975 830 1043 880 qui
1095 830 1302 868 libertates
1354 828 1507 866 habent
1558 828 1599 865 in
1651 826 1847 865 comitatu
1900 829 1969 863 tuo
2003 825 2109 874 quod

402 893 539 931 omnia
581 893 759 942 predicta
808 896 846 931 et
898 893 1079 941 singulos
1129 892 1321 930 articulos
1372 891 1571 939 predictos
1625 889 1731 926 infra
1769 887 1979 925 libertates
2021 900 2111 924 suas

402 956 573 993 firmiter
626 956 778 994 faciant
844 954 1058 1001 observari,
1117 954 1221 992 sicut
1286 953 1489 991 voluerint
1556 951 1761 989 libertates
1820 963 1911 987 suas
1978 950 2111 987 illesas

403 1017 608 1063 custodiri,
650 1021 688 1055 et
723 1031 772 1056 ne
810 1018 859 1055 ad
892 1016 1099 1055 libertates
1151 1029 1290 1054 eorum
1341 1028 1510 1053 manum
1558 1025 1757 1063 apponere
1801 1011 2018 1050 debeamus
2072 1017 2110 1048 et

405 1080 509 1118 sicut
543 1080 747 1118 noluerint
799 1080 1037 1129 respondere
1076 1080 1123 1117 de
1177 1077 1566 1128 transgressionibus
1618 1075 1737 1114 factis
1788 1074 1828 1111 in
1876 1073 2112 1112 liberatibus

406 1142 501 1180 suis.
559 1142 675 1180 Teste
705 1145 779 1180 etc.

514 1229 669 1268 Eodem
709 1229 829 1268 modo
868 1228 1108 1267 mandatum
1149 1230 1208 1266 est
1242 1225 1548 1266 vicecomitibus
1584 1224 1715 1270 Berk’,
1758 1223 1886 1269 Wilt',
1926 1222 2060 1261 Suht’.

521 1379 941 1418 GZ‹Jzu=’.—Galfridus
979 1380 1026 1418 de
1065 1379 1211 1417 Aunou
1250 1377 1472 1416 attornavit
1513 1375 1740 1414 Walterum
1789 1373 1941 1412 Jordan
1980 1385 2118 1410 versus

410 1443 603 1480 Everard’
644 1442 775 1480 filium
808 1442 989 1486 Walteri,
1020 1441 1269 1480 Willelmum
1308 1440 1403 1489 Cap’
1434 1442 1472 1477 et
1503 1438 1754 1477 Willelmum
1786 1436 1885 1474 Glis'
1917 1438 2114 1478 tenentes,

410 1505 457 1542 de
509 1519 545 1542 v.
596 1505 814 1554 mesuagiis
862 1508 902 1542 et
954 1505 1007 1554 xj.
1062 1503 1242 1542 solidatis
1299 1506 1337 1540 et
1388 1505 1478 1540 octo
1535 1499 1739 1538 denaratis
1792 1498 1971 1536 redditus
2023 1509 2115 1534 cum

410 1567 666 1616 pertinentiis
705 1567 746 1604 in
786 1565 977 1604 suburbio
1016 1565 1234 1604 Eristollie.

522 1715 600 1750 Pro
640 1714 805 1750 [eicardo
846 1711 1035 1755 Suward',
1077 1713 1118 1747 de
1156 1717 1318 1759 respectu
1359 1707 1811 1758 loquela—Mandatum
1851 1708 1910 1744 est
1944 1703 2118 1743 Roberto

413 1776 460 1814 de
499 1775 720 1813 Lexinton’
761 1777 800 1812 et
839 1773 955 1811 sociis
994 1773 1089 1818 suis,
1113 1771 1349 1822 justiciariis
1381 1770 1485 1820 regis
1518 1767 1818 1814 itinerantibus,
1842 1767 1947 1818 quod
1979 1779 2118 1804 omnes

413 1837 590 1887 loquelas
642 1841 680 1874 et
730 1835 890 1881 assisas‚
941 1848 1017 1885 que
1068 1835 1108 1871 in
1158 1833 1304 1872 itinere
1354 1836 1486 1870 vestro
1538 1832 1620 1883 (sie)
1673 1833 1847 1880 tangunt
1900 1828 2118 1867 Ricardum

416 1900 610 1945 Suward’,
642 1912 761 1949 quem
796 1911 863 1935 rex
897 1911 1024 1947 nuper
1057 1896 1220 1934 arestari
1261 1899 1300 1934 et
1334 1895 1375 1932 in
1410 1894 1572 1943 prisona
1607 1907 1678 1931 sua
1713 1893 1819 1942 apud
1852 1892 1992 1930 Glouc’
2026 1890 2121 1928 fecit

414 1962 599 2008 detineri,
634 1964 788 2011 ponant
821 1960 862 1997 in
898 1952 1123 2009 respectum
1158 1971 1365 2008 quousque
1400 1957 1506 1994 idem
1542 1956 1738 1995 Ricardus
1769 1968 1790 1993 a
1820 1954 1983 2003 prisona
2018 1952 2122 2001 regis

415 2024 620 2070 liberetur,
661 2022 838 2073 exceptis
873 2021 1011 2060 assisis
1051 2034 1152 2059 nove
1191 2019 1415 2072 disseisiige.
1503 2019 1622 2056 Teste
1670 2031 1759 2066 rege
1808 2016 1915 2066 apud
1965 2015 2121 2060 Glouc’,

417 2087 475 2138 iij.
517 2087 579 2125 die
619 2086 734 2124 Julii.

526 2239 581 2275 De
631 2238 813 2285 (πάζῖνιίἰο
866 2237 908 2272 tle
956 2235 1149 2281 &malm-s
1203 2240 1234 2270 et
1287 2233 1470 2281 (ialsriaelo
1526 2229 2005 2268 Bautatt.—llla1]datum
2063 2230 2122 2265 est

417 2299 713 2340 constabulario
745 2297 883 2336 Turris
920 2296 1047 2335 Lond'
1078 2295 1184 2345 quod
1225 2294 1455 2333 &alfridum
1496 2293 1542 2331 de
1578 2292 1784 2341 Burghers
1819 2294 1857 2329 et
1893 2289 2123 2328 Galfridum

418 2364 598 2408 Bauzan,
638 2361 832 2411 prisones,
871 2372 971 2409 quos
1013 2357 1227 2408 justiciarii
1266 2357 1313 2394 de
1352 2357 1489 2394 Banco
1537 2355 1592 2393 eis
1644 2355 1727 2406 (sic)
1778 2352 2008 2391 liberabunt
2056 2364 2126 2400 per

419 2428 651 2475 preceptum
700 2423 816 2473 regis,
866 2421 1030 2471 recipiat
1079 2425 1117 2458 et
1165 2420 1275 2458 salvo
1322 2418 1522 2457 custodiat
1570 2418 1611 2455 in
1664 2416 1842 2466 predicta
1889 2414 2019 2459 Tui-ri,
2068 2413 2125 2451 ita

419 2489 524 2537 quod
576 2490 742 2537 uterque
799 2498 937 2524 eorum
984 2497 1053 2533 per
1092 2497 1131 2521 se
1171 2485 1346 2532 ponatur
1393 2484 1432 2519 et
1480 2483 1621 2518 neuter
1670 2491 1761 2517 cum
1810 2478 1888 2515 alio
1937 2477 2125 2525 loquatur

420 2563 493 2588 nec
531 2549 677 2598 aliquis
716 2548 798 2586 sive
833 2546 1057 2596 predicator
1094 2545 1176 2583 sive
1223 2545 1347 2582 frater
1385 2543 1519 2581 minor
1566 2542 1648 2580 sive
1698 2540 1802 2578 alius
1850 2540 2125 2590 cujuscunque

420 2612 625 2662 religionis
685 2611 767 2648 sive
831 2609 911 2647 alia
966 2620 1202 2657 quecunque
1258 2619 1429 2656 persona
1486 2617 1579 2643 cum
1637 2603 1693 2641 eis
1750 2602 1938 2651 loquatur
1994 2604 2124 2648 preter

420 2674 619 2724 predictos
657 2673 900 2723 justiciarios
939 2671 1043 2719 regis
1081 2673 1120 2707 et
1158 2669 1345 2707 custodes
1392 2667 1611 2705 eorundem
1647 2665 1857 2714 prisonum
1893 2676 1990 2713 quos
2025 2662 2125 2699 tales

421 2750 486 2775 eos
525 2735 714 2774 adhibeat
752 2735 801 2772 ad
840 2734 947 2783 ipsos
985 2732 1268 2771 custodiendos
1307 2731 1354 2768 (10
1391 2729 1536 2779 quibus
1584 2725 1907 2766 constabularius
1950 2724 2126 2762 confidat

423 2806 631 2848 tamquam
675 2797 722 2834 de
766 2809 928 2845 corpore
976 2808 1061 2833 suo.
1149 2794 1204 2831 Et
1250 2793 1373 2831 talem
1427 2790 1682 2840 diligentiam
1735 2795 1912 2838 apponat
1966 2787 2014 2823 ad
2060 2798 2125 2823 eos

422 2860 705 2899 custodiendos
751 2858 857 2908 quod
905 2858 953 2895 ad
992 2870 1138 2906 corpus
1178 2868 1297 2893 suum
1337 2867 1408 2904 pro
1446 2853 1606 2891 defectu
1644 2852 1705 2890 sui
1745 2864 1812 2888 rex
1851 2850 1900 2887 ad
1940 2849 2046 2897 ipsos
2085 2860 2125 2885 se

423 2935 563 2973 capere
601 2934 682 2960 non
720 2920 876 2959 debeat.
952 2921 1070 2957 Teste
1110 2931 1201 2967 rege
1240 2917 1347 2967 apud
1388 2915 1556 2961 Theok’‚
1598 2914 1670 2964 iiij.
1710 2913 1773 2950 die
1811 2911 1923 2949 Julii.

535 3069 613 3105 Pro
651 3068 887 3115 hamensibus
927 3064 1361 3112 Brl’stolli.—Rogerus
1396 3060 1547 3111 Aylard
1587 3062 1626 3098 et
1664 3057 1783 3097 ceteri
1825 3056 2041 3104 burgenses
2080 3054 2127 3090 de

426 3130 618 3168 Bristollo
668 3128 897 3177 supplicant
954 3127 1038 3176 regi
1086 3130 1131 3164 ut
1189 3126 1238 3163 ad
1292 3136 1430 3162 eorum
1490 3121 1727 3160 electionem
1786 3117 1941 3168 possint
1998 3116 2125 3153 facere

425 3194 620 3243 majorem
668 3195 707 3229 et
755 3203 847 3228 eum
897 3202 1099 3228 removere
1147 3187 1325 3238 quolibet
1373 3198 1505 3231 anno;
1557 3187 1595 3221 et
1642 3182 1748 3233 quod
1787 3179 1933 3218 habere
1970 3177 2127 3227 possint

425 3256 581 3304 pondus
619 3253 818 3292 London'.

419 3366 423 3368 i
445 3379 514 3409 *In
539 3377 608 3408 MS.
649 3375 708 3407 the
734 3374 843 3408 words
869 3375 990 3406 ‘Teste
1026 3383 1103 3413 rege
1140 3371 1230 3413 apud
1263 3371 1381 3405 Brist’,
1419 3379 1494 3400 xxx.
1525 3367 1579 3398 die
1603 3365 1726 3401 Junii‚‘
1753 3371 1811 3394 are
1836 3362 2009 3394 cancelled
2035 3361 2116 3392 here
