<?xml version="1.0" encoding="UTF-8"?>
<!DOCTYPE html PUBLIC "-//W3C//DTD XHTML 1.0 Transitional//EN"
    "http://www.w3.org/TR/xhtml1/DTD/xhtml1-transitional.dtd">
<html xmlns="http://www.w3.org/1999/xhtml" xml:lang="en" lang="en">
 <head>
  <title>
</title>
<meta http-equiv="Content-Type" content="text/html;charset=utf-8" />
  <meta name='ocr-system' content='tesseract 3.04.00' />
  <meta name='ocr-capabilities' content='ocr_page ocr_carea ocr_par ocr_line ocrx_word'/>
</head>
<body>
  <div class='ocr_page' id='page_1' title='image "./closerollsofreig03grea_0230.png"; bbox 0 0 2375 3587; ppageno 0'>
   <div class='ocr_carea' id='block_1_1' title="bbox 237 196 318 235">
    <p class='ocr_par' dir='ltr' id='par_1_1' title="bbox 237 196 318 235">
     <span class='ocr_line' id='line_1_1' title="bbox 237 196 318 235; baseline 0 0"><span class='ocrx_word' id='word_1_1' title='bbox 237 196 318 235; x_wconf 77' lang='lat'>218</span> 
     </span>
    </p>
   </div>
   <div class='ocr_carea' id='block_1_2' title="bbox 294 334 436 382">
    <p class='ocr_par' dir='ltr' id='par_1_2' title="bbox 294 334 436 382">
     <span class='ocr_line' id='line_1_2' title="bbox 294 334 436 382; baseline 0.007 -1"><span class='ocrx_word' id='word_1_2' title='bbox 294 334 436 382; x_wconf 83' lang='lat'>1235.</span> 
     </span>
    </p>
   </div>
   <div class='ocr_carea' id='block_1_3' title="bbox 286 401 445 441">
    <p class='ocr_par' dir='ltr' id='par_1_3' title="bbox 286 401 445 441">
     <span class='ocr_line' id='line_1_3' title="bbox 286 401 445 441; baseline -0.006 -9"><span class='ocrx_word' id='word_1_3' title='bbox 286 401 445 441; x_wconf 58' lang='lat' dir='ltr'>[m.w]</span> 
     </span>
    </p>
   </div>
   <div class='ocr_carea' id='block_1_4' title="bbox 276 1481 434 1523">
    <p class='ocr_par' dir='ltr' id='par_1_4' title="bbox 276 1481 434 1523">
     <span class='ocr_line' id='line_1_4' title="bbox 276 1481 434 1523; baseline -0.025 -8"><span class='ocrx_word' id='word_1_4' title='bbox 276 1484 334 1523; x_wconf 80' lang='lat' dir='ltr'>[m.</span> <span class='ocrx_word' id='word_1_5' title='bbox 361 1481 434 1522; x_wconf 67' lang='lat' dir='ltr'>ai]</span> 
     </span>
    </p>
   </div>
   <div class='ocr_carea' id='block_1_5' title="bbox 1164 198 1597 242">
    <p class='ocr_par' dir='ltr' id='par_1_5' title="bbox 1164 198 1597 242">
     <span class='ocr_line' id='line_1_5' title="bbox 1164 198 1597 242; baseline -0.002 -1"><span class='ocrx_word' id='word_1_6' title='bbox 1164 198 1348 242; x_wconf 84' lang='lat' dir='ltr'>CLOSE</span> <span class='ocrx_word' id='word_1_7' title='bbox 1392 199 1597 242; x_wconf 87' lang='lat' dir='ltr'>ROLLS.</span> 
     </span>
    </p>
   </div>
   <div class='ocr_carea' id='block_1_6' title="bbox 1034 296 1259 302">
    <p class='ocr_par' dir='ltr' id='par_1_6' title="bbox 1034 296 1259 302">
     <span class='ocr_line' id='line_1_6' title="bbox 1034 296 1259 302; baseline 0 0"><span class='ocrx_word' id='word_1_8' title='bbox 1034 296 1259 302; x_wconf 95' lang='lat' dir='ltr'> </span> 
     </span>
    </p>
   </div>
   <div class='ocr_carea' id='block_1_7' title="bbox 1264 296 1489 303">
    <p class='ocr_par' dir='ltr' id='par_1_7' title="bbox 1264 296 1489 303">
     <span class='ocr_line' id='line_1_7' title="bbox 1264 296 1489 303; baseline 0 0"><span class='ocrx_word' id='word_1_9' title='bbox 1264 296 1489 303; x_wconf 95' lang='lat' dir='ltr'> </span> 
     </span>
    </p>
   </div>
   <div class='ocr_carea' id='block_1_8' title="bbox 1492 296 1717 302">
    <p class='ocr_par' dir='ltr' id='par_1_8' title="bbox 1492 296 1717 302">
     <span class='ocr_line' id='line_1_8' title="bbox 1492 296 1717 302; baseline 0 0"><span class='ocrx_word' id='word_1_10' title='bbox 1492 296 1717 302; x_wconf 95' lang='lat' dir='ltr'> </span> 
     </span>
    </p>
   </div>
   <div class='ocr_carea' id='block_1_9' title="bbox 524 409 2226 769">
    <p class='ocr_par' dir='ltr' id='par_1_9' title="bbox 524 409 2226 769">
     <span class='ocr_line' id='line_1_9' title="bbox 528 409 2223 461; baseline 0.002 -14"><span class='ocrx_word' id='word_1_11' title='bbox 528 409 744 459; x_wconf 86' lang='lat' dir='ltr'>proborum</span> <span class='ocrx_word' id='word_1_12' title='bbox 783 414 822 449; x_wconf 90' lang='lat' dir='ltr'>et</span> <span class='ocrx_word' id='word_1_13' title='bbox 856 411 1047 461; x_wconf 81' lang='lat' dir='ltr'>legalium</span> <span class='ocrx_word' id='word_1_14' title='bbox 1086 412 1296 450; x_wconf 88' lang='lat' dir='ltr'>hominum</span> <span class='ocrx_word' id='word_1_15' title='bbox 1335 412 1496 450; x_wconf 85' lang='lat' dir='ltr'>extendi</span> <span class='ocrx_word' id='word_1_16' title='bbox 1545 411 1707 456; x_wconf 86' lang='lat' dir='ltr'>faciant,</span> <span class='ocrx_word' id='word_1_17' title='bbox 1758 413 1957 461; x_wconf 88' lang='lat' dir='ltr'>quantum</span> <span class='ocrx_word' id='word_1_18' title='bbox 2013 411 2144 450; x_wconf 75' lang='lat' dir='ltr'>valeat</span> <span class='ocrx_word' id='word_1_19' title='bbox 2181 412 2223 450; x_wconf 92' lang='lat' dir='ltr'>in</span> 
     </span>
     <span class='ocr_line' id='line_1_10' title="bbox 526 471 2226 518; baseline 0.002 -9"><span class='ocrx_word' id='word_1_20' title='bbox 526 471 761 518; x_wconf 72' lang='lat' dir='ltr'><strong>redditibus,</strong></span> <span class='ocrx_word' id='word_1_21' title='bbox 802 473 973 512; x_wconf 85' lang='lat' dir='ltr'>servitiis</span> <span class='ocrx_word' id='word_1_22' title='bbox 1008 476 1046 512; x_wconf 90' lang='lat' dir='ltr'>et</span> <span class='ocrx_word' id='word_1_23' title='bbox 1081 473 1269 512; x_wconf 88' lang='lat' dir='ltr'>omnibus</span> <span class='ocrx_word' id='word_1_24' title='bbox 1308 473 1398 511; x_wconf 88' lang='lat' dir='ltr'>aliis</span> <span class='ocrx_word' id='word_1_25' title='bbox 1437 472 1612 511; x_wconf 75' lang='lat' dir='ltr'>exitibus</span> <span class='ocrx_word' id='word_1_26' title='bbox 1646 476 1763 511; x_wconf 87' lang='lat' dir='ltr'>terre.</span> <span class='ocrx_word' id='word_1_27' title='bbox 1841 473 1897 511; x_wconf 87' lang='lat' dir='ltr'>Et</span> <span class='ocrx_word' id='word_1_28' title='bbox 1935 485 2026 512; x_wconf 88' lang='lat' dir='ltr'>cum</span> <span class='ocrx_word' id='word_1_29' title='bbox 2063 476 2226 513; x_wconf 84' lang='lat' dir='ltr'>extenta</span> 
     </span>
     <span class='ocr_line' id='line_1_11' title="bbox 526 534 2223 581; baseline 0.001 -10"><span class='ocrx_word' id='word_1_30' title='bbox 526 534 596 571; x_wconf 89' lang='lat' dir='ltr'>illa</span> <span class='ocrx_word' id='word_1_31' title='bbox 652 534 759 573; x_wconf 85' lang='lat' dir='ltr'>facta</span> <span class='ocrx_word' id='word_1_32' title='bbox 805 534 937 581; x_wconf 84' lang='lat' dir='ltr'>fuerit,</span> <span class='ocrx_word' id='word_1_33' title='bbox 977 535 1105 573; x_wconf 87' lang='lat' dir='ltr'>eidem</span> <span class='ocrx_word' id='word_1_34' title='bbox 1153 534 1327 573; x_wconf 85' lang='lat' dir='ltr'>Roberto</span> <span class='ocrx_word' id='word_1_35' title='bbox 1384 534 1664 573; x_wconf 74' lang='lat' dir='ltr'>rationabilem</span> <span class='ocrx_word' id='word_1_36' title='bbox 1712 534 1836 573; x_wconf 87' lang='lat' dir='ltr'>finem</span> <span class='ocrx_word' id='word_1_37' title='bbox 1883 537 1922 573; x_wconf 85' lang='lat' dir='ltr'>et</span> <span class='ocrx_word' id='word_1_38' title='bbox 1965 534 2223 574; x_wconf 74' lang='lat' dir='ltr'>rationabiles</span> 
     </span>
     <span class='ocr_line' id='line_1_12' title="bbox 525 595 2224 646; baseline 0.001 -12"><span class='ocrx_word' id='word_1_39' title='bbox 525 595 719 635; x_wconf 87' lang='lat' dir='ltr'>terminos</span> <span class='ocrx_word' id='word_1_40' title='bbox 767 596 912 635; x_wconf 86' lang='lat' dir='ltr'>habere</span> <span class='ocrx_word' id='word_1_41' title='bbox 961 597 1110 635; x_wconf 88' lang='lat' dir='ltr'>faciant</span> <span class='ocrx_word' id='word_1_42' title='bbox 1159 597 1207 634; x_wconf 85' lang='lat' dir='ltr'>ad</span> <span class='ocrx_word' id='word_1_43' title='bbox 1255 595 1389 634; x_wconf 88' lang='lat' dir='ltr'>debita</span> <span class='ocrx_word' id='word_1_44' title='bbox 1441 595 1586 646; x_wconf 90' lang='lat' dir='ltr'>quibus</span> <span class='ocrx_word' id='word_1_45' title='bbox 1638 596 1828 645; x_wconf 88' lang='lat' dir='ltr'>predictis</span> <span class='ocrx_word' id='word_1_46' title='bbox 1874 596 2016 634; x_wconf 83' lang='lat' dir='ltr'>Judeis</span> <span class='ocrx_word' id='word_1_47' title='bbox 2063 598 2224 635; x_wconf 85' lang='lat' dir='ltr'>tenetur</span> 
     </span>
     <span class='ocr_line' id='line_1_13' title="bbox 524 657 2222 707; baseline 0.001 -13"><span class='ocrx_word' id='word_1_48' title='bbox 524 657 724 695; x_wconf 87' lang='lat' dir='ltr'>reddenda</span> <span class='ocrx_word' id='word_1_49' title='bbox 762 658 982 696; x_wconf 87' lang='lat' dir='ltr'>secundum</span> <span class='ocrx_word' id='word_1_50' title='bbox 1016 658 1191 696; x_wconf 89' lang='lat' dir='ltr'>valorem</span> <span class='ocrx_word' id='word_1_51' title='bbox 1225 657 1400 706; x_wconf 74' lang='lat' dir='ltr'>predicte</span> <span class='ocrx_word' id='word_1_52' title='bbox 1439 660 1541 696; x_wconf 87' lang='lat' dir='ltr'>terre</span> <span class='ocrx_word' id='word_1_53' title='bbox 1572 660 1611 696; x_wconf 92' lang='lat' dir='ltr'>et</span> <span class='ocrx_word' id='word_1_54' title='bbox 1647 657 1917 707; x_wconf 77' lang='lat' dir='ltr'>quantitatem</span> <span class='ocrx_word' id='word_1_55' title='bbox 1952 657 2222 707; x_wconf 84' lang='lat' dir='ltr'>predictorum</span> 
     </span>
     <span class='ocr_line' id='line_1_14' title="bbox 525 717 2067 769; baseline 0.001 -14"><span class='ocrx_word' id='word_1_56' title='bbox 525 717 765 757; x_wconf 86' lang='lat' dir='ltr'>debitorum.</span> <span class='ocrx_word' id='word_1_57' title='bbox 842 719 960 757; x_wconf 79' lang='lat' dir='ltr'>Teste</span> <span class='ocrx_word' id='word_1_58' title='bbox 997 731 1087 768; x_wconf 79' lang='lat' dir='ltr'>rege</span> <span class='ocrx_word' id='word_1_59' title='bbox 1125 719 1230 768; x_wconf 88' lang='lat' dir='ltr'>apud</span> <span class='ocrx_word' id='word_1_60' title='bbox 1270 719 1523 764; x_wconf 87' lang='lat' dir='ltr'>Brummore,</span> <span class='ocrx_word' id='word_1_61' title='bbox 1565 717 1676 769; x_wconf 79' lang='lat' dir='ltr'>xviij.</span> <span class='ocrx_word' id='word_1_62' title='bbox 1716 718 1779 756; x_wconf 87' lang='lat' dir='ltr'>die</span> <span class='ocrx_word' id='word_1_63' title='bbox 1819 717 2067 757; x_wconf 80' lang='lat' dir='ltr'>Decembris.</span> 
     </span>
    </p>
   </div>
   <div class='ocr_carea' id='block_1_10' title="bbox 521 804 2223 1039">
    <p class='ocr_par' dir='ltr' id='par_1_10' title="bbox 521 804 2223 1039">
     <span class='ocr_line' id='line_1_15' title="bbox 631 804 2223 855; baseline 0.001 -14"><span class='ocrx_word' id='word_1_64' title='bbox 631 805 688 841; x_wconf 76' lang='lat' dir='ltr'>De</span> <span class='ocrx_word' id='word_1_65' title='bbox 722 806 909 841; x_wconf 75' lang='lat' dir='ltr'><strong><em>roboribus</em></strong></span> <span class='ocrx_word' id='word_1_66' title='bbox 942 804 1356 843; x_wconf 59' lang='lat' dir='ltr'>‹latia—Mandatum</span> <span class='ocrx_word' id='word_1_67' title='bbox 1390 807 1449 843; x_wconf 89' lang='lat' dir='ltr'>est</span> <span class='ocrx_word' id='word_1_68' title='bbox 1483 804 1664 843; x_wconf 63' lang='lat' dir='ltr'>&lt;Iohanni</span> <span class='ocrx_word' id='word_1_69' title='bbox 1710 804 1758 842; x_wconf 89' lang='lat' dir='ltr'>de</span> <span class='ocrx_word' id='word_1_70' title='bbox 1805 804 1966 851; x_wconf 81' lang='lat' dir='ltr'>Neviss‘,</span> <span class='ocrx_word' id='word_1_71' title='bbox 2001 804 2223 855; x_wconf 87' lang='lat' dir='ltr'>justiciario</span> 
     </span>
     <span class='ocr_line' id='line_1_16' title="bbox 521 864 2222 915; baseline 0.002 -14"><span class='ocrx_word' id='word_1_72' title='bbox 521 865 680 910; x_wconf 84' lang='lat' dir='ltr'>foreste,</span> <span class='ocrx_word' id='word_1_73' title='bbox 746 865 851 914; x_wconf 86' lang='lat' dir='ltr'>quod</span> <span class='ocrx_word' id='word_1_74' title='bbox 916 865 958 902; x_wconf 90' lang='lat' dir='ltr'>in</span> <span class='ocrx_word' id='word_1_75' title='bbox 1019 865 1168 903; x_wconf 85' lang='lat' dir='ltr'>foresta</span> <span class='ocrx_word' id='word_1_76' title='bbox 1232 866 1279 903; x_wconf 91' lang='lat' dir='ltr'>de</span> <span class='ocrx_word' id='word_1_77' title='bbox 1345 865 1566 915; x_wconf 82' lang='lat' dir='ltr'>Graveling</span> <span class='ocrx_word' id='word_1_78' title='bbox 1630 865 1752 903; x_wconf 85' lang='lat' dir='ltr'>faciat</span> <span class='ocrx_word' id='word_1_79' title='bbox 1817 864 1963 904; x_wconf 82' lang='lat' dir='ltr'>habere</span> <span class='ocrx_word' id='word_1_80' title='bbox 2028 865 2222 905; x_wconf 87' lang='lat' dir='ltr'>fratribus</span> 
     </span>
     <span class='ocr_line' id='line_1_17' title="bbox 524 926 2221 977; baseline 0.002 -13"><span class='ocrx_word' id='word_1_81' title='bbox 524 926 749 976; x_wconf 78' lang='lat' dir='ltr'>Hospitalis</span> <span class='ocrx_word' id='word_1_82' title='bbox 803 927 942 966; x_wconf 86' lang='lat' dir='ltr'>Sancti</span> <span class='ocrx_word' id='word_1_83' title='bbox 995 927 1196 966; x_wconf 71' lang='lat' dir='ltr'>&lt;Iohannis</span> <span class='ocrx_word' id='word_1_84' title='bbox 1243 928 1290 966; x_wconf 87' lang='lat' dir='ltr'>de</span> <span class='ocrx_word' id='word_1_85' title='bbox 1344 928 1512 966; x_wconf 89' lang='lat' dir='ltr'>Wilton&#39;</span> <span class='ocrx_word' id='word_1_86' title='bbox 1562 927 1739 977; x_wconf 85' lang='lat' dir='ltr'>quinque</span> <span class='ocrx_word' id='word_1_87' title='bbox 1789 926 1931 966; x_wconf 83' lang='lat' dir='ltr'>robora</span> <span class='ocrx_word' id='word_1_88' title='bbox 1982 927 2031 966; x_wconf 88' lang='lat' dir='ltr'>ad</span> <span class='ocrx_word' id='word_1_89' title='bbox 2083 927 2221 967; x_wconf 82' lang='lat' dir='ltr'>focum</span> 
     </span>
     <span class='ocr_line' id='line_1_18' title="bbox 522 989 1039 1039; baseline 0.002 -13"><span class='ocrx_word' id='word_1_90' title='bbox 522 1002 653 1034; x_wconf 86' lang='lat' dir='ltr'>suum,</span> <span class='ocrx_word' id='word_1_91' title='bbox 695 989 742 1027; x_wconf 88' lang='lat' dir='ltr'>de</span> <span class='ocrx_word' id='word_1_92' title='bbox 780 989 885 1027; x_wconf 91' lang='lat' dir='ltr'>dono</span> <span class='ocrx_word' id='word_1_93' title='bbox 923 989 1039 1039; x_wconf 83' lang='lat' dir='ltr'>regis.</span> 
     </span>
    </p>
   </div>
   <div class='ocr_carea' id='block_1_11' title="bbox 519 1075 2221 1436">
    <p class='ocr_par' dir='ltr' id='par_1_11' title="bbox 519 1075 2221 1436">
     <span class='ocr_line' id='line_1_19' title="bbox 628 1075 2220 1126; baseline 0.001 -13"><span class='ocrx_word' id='word_1_94' title='bbox 628 1077 684 1113; x_wconf 74' lang='lat' dir='ltr'>De</span> <span class='ocrx_word' id='word_1_95' title='bbox 741 1078 920 1114; x_wconf 66' lang='lat' dir='ltr'>tradendo</span> <span class='ocrx_word' id='word_1_96' title='bbox 976 1078 1019 1114; x_wconf 77' lang='lat' dir='ltr'>in</span> <span class='ocrx_word' id='word_1_97' title='bbox 1074 1077 1408 1124; x_wconf 77' lang='lat' dir='ltr'>ballium.-—Quia</span> <span class='ocrx_word' id='word_1_98' title='bbox 1464 1090 1531 1115; x_wconf 81' lang='lat' dir='ltr'>rex</span> <span class='ocrx_word' id='word_1_99' title='bbox 1587 1077 1738 1126; x_wconf 82' lang='lat' dir='ltr'>accepit</span> <span class='ocrx_word' id='word_1_100' title='bbox 1794 1089 1865 1125; x_wconf 84' lang='lat' dir='ltr'>per</span> <span class='ocrx_word' id='word_1_101' title='bbox 1914 1075 2220 1126; x_wconf 77' lang='lat' dir='ltr'>inquisitionem</span> 
     </span>
     <span class='ocr_line' id='line_1_20' title="bbox 520 1138 2221 1189; baseline 0 -12"><span class='ocrx_word' id='word_1_102' title='bbox 520 1141 595 1177; x_wconf 87' lang='lat' dir='ltr'>etc.</span> <span class='ocrx_word' id='word_1_103' title='bbox 636 1138 739 1189; x_wconf 86' lang='lat' dir='ltr'>quod</span> <span class='ocrx_word' id='word_1_104' title='bbox 789 1138 931 1177; x_wconf 82' lang='lat' dir='ltr'>Simon</span> <span class='ocrx_word' id='word_1_105' title='bbox 979 1138 1164 1188; x_wconf 84' lang='lat' dir='ltr'>Duzeper</span> <span class='ocrx_word' id='word_1_106' title='bbox 1210 1141 1249 1177; x_wconf 92' lang='lat' dir='ltr'>et</span> <span class='ocrx_word' id='word_1_107' title='bbox 1297 1139 1526 1177; x_wconf 88' lang='lat' dir='ltr'>Willelmus</span> <span class='ocrx_word' id='word_1_108' title='bbox 1573 1139 1768 1189; x_wconf 83' lang='lat' dir='ltr'>Duzeper,</span> <span class='ocrx_word' id='word_1_109' title='bbox 1818 1138 1955 1177; x_wconf 87' lang='lat' dir='ltr'>rettati</span> <span class='ocrx_word' id='word_1_110' title='bbox 1998 1138 2046 1176; x_wconf 88' lang='lat' dir='ltr'>de</span> <span class='ocrx_word' id='word_1_111' title='bbox 2092 1141 2221 1177; x_wconf 84' lang='lat' dir='ltr'>morte</span> 
     </span>
     <span class='ocr_line' id='line_1_21' title="bbox 520 1199 2220 1246; baseline 0.001 -9"><span class='ocrx_word' id='word_1_112' title='bbox 520 1200 721 1238; x_wconf 80' lang='lat' dir='ltr'>Johannis</span> <span class='ocrx_word' id='word_1_113' title='bbox 759 1201 912 1246; x_wconf 74' lang='lat' dir='ltr'>Bamm,</span> <span class='ocrx_word' id='word_1_114' title='bbox 952 1200 1090 1238; x_wconf 87' lang='lat' dir='ltr'>rettati</span> <span class='ocrx_word' id='word_1_115' title='bbox 1129 1203 1225 1239; x_wconf 88' lang='lat' dir='ltr'>sunt</span> <span class='ocrx_word' id='word_1_116' title='bbox 1263 1200 1311 1239; x_wconf 87' lang='lat' dir='ltr'>de</span> <span class='ocrx_word' id='word_1_117' title='bbox 1348 1203 1477 1239; x_wconf 88' lang='lat' dir='ltr'>morte</span> <span class='ocrx_word' id='word_1_118' title='bbox 1517 1200 1588 1238; x_wconf 89' lang='lat' dir='ltr'>illa</span> <span class='ocrx_word' id='word_1_119' title='bbox 1625 1200 1716 1239; x_wconf 91' lang='lat' dir='ltr'>odio</span> <span class='ocrx_word' id='word_1_120' title='bbox 1754 1203 1793 1238; x_wconf 87' lang='lat' dir='ltr'>et</span> <span class='ocrx_word' id='word_1_121' title='bbox 1835 1199 1929 1245; x_wconf 88' lang='lat' dir='ltr'>atia,</span> <span class='ocrx_word' id='word_1_122' title='bbox 1979 1202 2018 1238; x_wconf 91' lang='lat' dir='ltr'>et</span> <span class='ocrx_word' id='word_1_123' title='bbox 2056 1212 2136 1238; x_wconf 91' lang='lat' dir='ltr'>non</span> <span class='ocrx_word' id='word_1_124' title='bbox 2174 1212 2220 1238; x_wconf 90' lang='lat' dir='ltr'>eo</span> 
     </span>
     <span class='ocr_line' id='line_1_22' title="bbox 519 1261 2221 1312; baseline -0.001 -12"><span class='ocrx_word' id='word_1_125' title='bbox 519 1262 625 1312; x_wconf 84' lang='lat' dir='ltr'>quod</span> <span class='ocrx_word' id='word_1_126' title='bbox 670 1262 762 1300; x_wconf 90' lang='lat' dir='ltr'>inde</span> <span class='ocrx_word' id='word_1_127' title='bbox 812 1261 1031 1311; x_wconf 73' lang='lat' dir='ltr'>culpabiles</span> <span class='ocrx_word' id='word_1_128' title='bbox 1088 1262 1184 1308; x_wconf 89' lang='lat' dir='ltr'>sint,</span> <span class='ocrx_word' id='word_1_129' title='bbox 1233 1262 1473 1300; x_wconf 83' lang='lat' dir='ltr'>mandatum</span> <span class='ocrx_word' id='word_1_130' title='bbox 1526 1266 1585 1301; x_wconf 91' lang='lat' dir='ltr'>est</span> <span class='ocrx_word' id='word_1_131' title='bbox 1632 1261 1858 1300; x_wconf 77' lang='lat' dir='ltr'>vicecomiti</span> <span class='ocrx_word' id='word_1_132' title='bbox 1912 1261 2065 1300; x_wconf 84' lang='lat' dir='ltr'>Oxonie</span> <span class='ocrx_word' id='word_1_133' title='bbox 2115 1261 2221 1311; x_wconf 88' lang='lat' dir='ltr'>quod</span> 
     </span>
     <span class='ocr_line' id='line_1_23' title="bbox 519 1323 2219 1375; baseline -0.001 -13"><span class='ocrx_word' id='word_1_134' title='bbox 519 1324 625 1374; x_wconf 85' lang='lat' dir='ltr'>quod</span> <span class='ocrx_word' id='word_1_135' title='bbox 663 1324 696 1362; x_wconf 88' lang='lat' dir='ltr'>si</span> <span class='ocrx_word' id='word_1_136' title='bbox 740 1327 905 1374; x_wconf 87' lang='lat' dir='ltr'>uterque</span> <span class='ocrx_word' id='word_1_137' title='bbox 943 1324 1213 1373; x_wconf 85' lang='lat' dir='ltr'>predictorum</span> <span class='ocrx_word' id='word_1_138' title='bbox 1268 1324 1457 1375; x_wconf 87' lang='lat' dir='ltr'>Symonis</span> <span class='ocrx_word' id='word_1_139' title='bbox 1507 1327 1545 1363; x_wconf 85' lang='lat' dir='ltr'>et</span> <span class='ocrx_word' id='word_1_140' title='bbox 1591 1323 1785 1363; x_wconf 88' lang='lat' dir='ltr'>Willelmi</span> <span class='ocrx_word' id='word_1_141' title='bbox 1837 1323 2035 1362; x_wconf 79' lang='lat' dir='ltr'>invenerit</span> <span class='ocrx_word' id='word_1_142' title='bbox 2074 1323 2109 1361; x_wconf 89' lang='lat' dir='ltr'>ei</span> <span class='ocrx_word' id='word_1_143' title='bbox 2147 1323 2219 1373; x_wconf 83' lang='lat' dir='ltr'>xij.</span> 
     </span>
     <span class='ocr_line' id='line_1_24' title="bbox 519 1385 2202 1436; baseline 0.001 -12"><span class='ocrx_word' id='word_1_144' title='bbox 519 1386 662 1436; x_wconf 87' lang='lat' dir='ltr'>probos</span> <span class='ocrx_word' id='word_1_145' title='bbox 701 1389 739 1424; x_wconf 89' lang='lat' dir='ltr'>et</span> <span class='ocrx_word' id='word_1_146' title='bbox 777 1386 924 1436; x_wconf 85' lang='lat' dir='ltr'>legales</span> <span class='ocrx_word' id='word_1_147' title='bbox 962 1390 1052 1432; x_wconf 63' lang='lat' dir='ltr'>etc„</span> <span class='ocrx_word' id='word_1_148' title='bbox 1093 1390 1190 1425; x_wconf 88' lang='lat' dir='ltr'>tunc</span> <span class='ocrx_word' id='word_1_149' title='bbox 1229 1399 1295 1425; x_wconf 92' lang='lat' dir='ltr'>eos</span> <span class='ocrx_word' id='word_1_150' title='bbox 1334 1387 1466 1425; x_wconf 83' lang='lat' dir='ltr'>tradat</span> <span class='ocrx_word' id='word_1_151' title='bbox 1504 1386 1546 1424; x_wconf 92' lang='lat' dir='ltr'>in</span> <span class='ocrx_word' id='word_1_152' title='bbox 1585 1385 1769 1424; x_wconf 85' lang='lat' dir='ltr'>ballium.</span> <span class='ocrx_word' id='word_1_153' title='bbox 1830 1386 1947 1424; x_wconf 84' lang='lat' dir='ltr'>Teste</span> <span class='ocrx_word' id='word_1_154' title='bbox 1984 1388 2030 1423; x_wconf 88' lang='lat' dir='ltr'>ut</span> <span class='ocrx_word' id='word_1_155' title='bbox 2068 1398 2202 1435; x_wconf 90' lang='lat' dir='ltr'>supra.</span> 
     </span>
    </p>
   </div>
   <div class='ocr_carea' id='block_1_12' title="bbox 517 1471 2220 1761">
    <p class='ocr_par' dir='ltr' id='par_1_12' title="bbox 517 1471 2220 1761">
     <span class='ocr_line' id='line_1_25' title="bbox 630 1471 2219 1522; baseline -0.001 -11"><span class='ocrx_word' id='word_1_156' title='bbox 630 1476 682 1511; x_wconf 71' lang='lat' dir='ltr'>De</span> <span class='ocrx_word' id='word_1_157' title='bbox 729 1475 834 1522; x_wconf 74' lang='lat' dir='ltr'>apris</span> <span class='ocrx_word' id='word_1_158' title='bbox 881 1482 913 1511; x_wconf 73' lang='lat' dir='ltr'>et</span> <span class='ocrx_word' id='word_1_159' title='bbox 961 1475 1051 1512; x_wconf 62' lang='lat' dir='ltr'>lasis</span> <span class='ocrx_word' id='word_1_160' title='bbox 1097 1475 1211 1513; x_wconf 67' lang='lat' dir='ltr'>«latis.</span> <span class='ocrx_word' id='word_1_161' title='bbox 1239 1498 1291 1501; x_wconf 97' lang='lat'><strong>—</strong></span> <span class='ocrx_word' id='word_1_162' title='bbox 1321 1473 1562 1512; x_wconf 87' lang='lat' dir='ltr'>Mandatum</span> <span class='ocrx_word' id='word_1_163' title='bbox 1610 1476 1670 1512; x_wconf 91' lang='lat' dir='ltr'>est</span> <span class='ocrx_word' id='word_1_164' title='bbox 1717 1471 2016 1511; x_wconf 75' lang='lat' dir='ltr'>constabulario</span> <span class='ocrx_word' id='word_1_165' title='bbox 2080 1471 2219 1511; x_wconf 77' lang='lat' dir='ltr'>Sancti</span> 
     </span>
     <span class='ocr_line' id='line_1_26' title="bbox 519 1533 2220 1586; baseline -0.001 -12"><span class='ocrx_word' id='word_1_166' title='bbox 519 1536 711 1574; x_wconf 65' lang='lat' dir='ltr'>Briavelli</span> <span class='ocrx_word' id='word_1_167' title='bbox 758 1536 863 1586; x_wconf 90' lang='lat' dir='ltr'>quod</span> <span class='ocrx_word' id='word_1_168' title='bbox 911 1536 958 1574; x_wconf 90' lang='lat' dir='ltr'>de</span> <span class='ocrx_word' id='word_1_169' title='bbox 1005 1535 1112 1585; x_wconf 84' lang='lat' dir='ltr'>apris</span> <span class='ocrx_word' id='word_1_170' title='bbox 1165 1539 1203 1574; x_wconf 89' lang='lat' dir='ltr'>et</span> <span class='ocrx_word' id='word_1_171' title='bbox 1252 1536 1353 1586; x_wconf 89' lang='lat' dir='ltr'>layis</span> <span class='ocrx_word' id='word_1_172' title='bbox 1402 1536 1505 1585; x_wconf 80' lang='lat' dir='ltr'>regis</span> <span class='ocrx_word' id='word_1_173' title='bbox 1557 1535 1625 1585; x_wconf 90' lang='lat' dir='ltr'>qui</span> <span class='ocrx_word' id='word_1_174' title='bbox 1678 1537 1776 1574; x_wconf 87' lang='lat' dir='ltr'>sunt</span> <span class='ocrx_word' id='word_1_175' title='bbox 1828 1534 1870 1572; x_wconf 90' lang='lat' dir='ltr'>in</span> <span class='ocrx_word' id='word_1_176' title='bbox 1917 1533 2100 1573; x_wconf 85' lang='lat' dir='ltr'>custodia</span> <span class='ocrx_word' id='word_1_177' title='bbox 2147 1546 2220 1572; x_wconf 84' lang='lat' dir='ltr'>sua</span> 
     </span>
     <span class='ocr_line' id='line_1_27' title="bbox 518 1595 2218 1647; baseline -0.002 -11"><span class='ocrx_word' id='word_1_178' title='bbox 518 1598 664 1636; x_wconf 82' lang='lat' dir='ltr'>habere</span> <span class='ocrx_word' id='word_1_179' title='bbox 702 1598 822 1636; x_wconf 85' lang='lat' dir='ltr'>faciat</span> <span class='ocrx_word' id='word_1_180' title='bbox 860 1597 1086 1636; x_wconf 68' lang='lat' dir='ltr'>vicecomiti</span> <span class='ocrx_word' id='word_1_181' title='bbox 1135 1597 1277 1636; x_wconf 83' lang='lat' dir='ltr'>Glouc’</span> <span class='ocrx_word' id='word_1_182' title='bbox 1318 1610 1447 1635; x_wconf 88' lang='lat' dir='ltr'>unum</span> <span class='ocrx_word' id='word_1_183' title='bbox 1486 1610 1629 1647; x_wconf 89' lang='lat' dir='ltr'>aprum</span> <span class='ocrx_word' id='word_1_184' title='bbox 1669 1600 1708 1635; x_wconf 92' lang='lat' dir='ltr'>et</span> <span class='ocrx_word' id='word_1_185' title='bbox 1746 1596 1846 1634; x_wconf 86' lang='lat' dir='ltr'>duas</span> <span class='ocrx_word' id='word_1_186' title='bbox 1885 1595 1996 1646; x_wconf 84' lang='lat' dir='ltr'>layas</span> <span class='ocrx_word' id='word_1_187' title='bbox 2033 1595 2082 1634; x_wconf 90' lang='lat' dir='ltr'>ad</span> <span class='ocrx_word' id='word_1_188' title='bbox 2118 1607 2218 1645; x_wconf 88' lang='lat' dir='ltr'>opus</span> 
     </span>
     <span class='ocr_line' id='line_1_28' title="bbox 518 1657 2217 1711; baseline -0.002 -12"><span class='ocrx_word' id='word_1_189' title='bbox 518 1661 714 1711; x_wconf 86' lang='lat' dir='ltr'>Alyenore</span> <span class='ocrx_word' id='word_1_190' title='bbox 752 1660 1050 1709; x_wconf 79' lang='lat' dir='ltr'>consanguinee</span> <span class='ocrx_word' id='word_1_191' title='bbox 1097 1660 1216 1708; x_wconf 78' lang='lat' dir='ltr'>regis.</span> <span class='ocrx_word' id='word_1_192' title='bbox 1293 1660 1410 1698; x_wconf 82' lang='lat' dir='ltr'>Teste</span> <span class='ocrx_word' id='word_1_193' title='bbox 1458 1672 1547 1708; x_wconf 82' lang='lat' dir='ltr'>rege</span> <span class='ocrx_word' id='word_1_194' title='bbox 1592 1659 1699 1709; x_wconf 88' lang='lat' dir='ltr'>apud</span> <span class='ocrx_word' id='word_1_195' title='bbox 1747 1657 2096 1703; x_wconf 87' lang='lat' dir='ltr'>Christeschirch’‚</span> <span class='ocrx_word' id='word_1_196' title='bbox 2137 1657 2217 1695; x_wconf 82' lang='lat' dir='ltr'>xix.</span> 
     </span>
     <span class='ocr_line' id='line_1_29' title="bbox 517 1722 864 1761; baseline -0.003 0"><span class='ocrx_word' id='word_1_197' title='bbox 517 1723 580 1761; x_wconf 87' lang='lat' dir='ltr'>die</span> <span class='ocrx_word' id='word_1_198' title='bbox 619 1722 864 1761; x_wconf 85' lang='lat' dir='ltr'>Decembris.</span> 
     </span>
    </p>
   </div>
   <div class='ocr_carea' id='block_1_13' title="bbox 517 1806 2217 2045">
    <p class='ocr_par' dir='ltr' id='par_1_13' title="bbox 517 1806 2217 2045">
     <span class='ocr_line' id='line_1_30' title="bbox 626 1806 2217 1857; baseline -0.002 -10"><span class='ocrx_word' id='word_1_199' title='bbox 626 1811 704 1847; x_wconf 75' lang='lat' dir='ltr'>Pro</span> <span class='ocrx_word' id='word_1_200' title='bbox 748 1810 931 1847; x_wconf 64' lang='lat' dir='ltr'>willelmo</span> <span class='ocrx_word' id='word_1_201' title='bbox 971 1812 1012 1846; x_wconf 58' lang='lat' dir='ltr'>(lc</span> <span class='ocrx_word' id='word_1_202' title='bbox 1052 1808 1443 1857; x_wconf 66' lang='lat' dir='ltr'>say.—t1a11dat11111</span> <span class='ocrx_word' id='word_1_203' title='bbox 1495 1810 1555 1846; x_wconf 90' lang='lat' dir='ltr'>est</span> <span class='ocrx_word' id='word_1_204' title='bbox 1604 1806 1902 1846; x_wconf 76' lang='lat' dir='ltr'>constabulario</span> <span class='ocrx_word' id='word_1_205' title='bbox 1951 1806 2070 1845; x_wconf 86' lang='lat' dir='ltr'>Dovr⁷</span> <span class='ocrx_word' id='word_1_206' title='bbox 2112 1806 2217 1856; x_wconf 82' lang='lat' dir='ltr'>quod</span> 
     </span>
     <span class='ocr_line' id='line_1_31' title="bbox 518 1868 2217 1922; baseline -0.002 -13"><span class='ocrx_word' id='word_1_207' title='bbox 518 1872 726 1922; x_wconf 86' lang='lat' dir='ltr'>permittat</span> <span class='ocrx_word' id='word_1_208' title='bbox 758 1872 962 1910; x_wconf 89' lang='lat' dir='ltr'>Willelmo</span> <span class='ocrx_word' id='word_1_209' title='bbox 995 1872 1042 1909; x_wconf 86' lang='lat' dir='ltr'>de</span> <span class='ocrx_word' id='word_1_210' title='bbox 1076 1871 1154 1921; x_wconf 83' lang='lat' dir='ltr'>Say</span> <span class='ocrx_word' id='word_1_211' title='bbox 1185 1870 1330 1908; x_wconf 88' lang='lat' dir='ltr'>habere</span> <span class='ocrx_word' id='word_1_212' title='bbox 1361 1874 1588 1920; x_wconf 86' lang='lat' dir='ltr'>respectum</span> <span class='ocrx_word' id='word_1_213' title='bbox 1623 1869 1669 1907; x_wconf 90' lang='lat' dir='ltr'>de</span> <span class='ocrx_word' id='word_1_214' title='bbox 1704 1869 1824 1908; x_wconf 88' lang='lat' dir='ltr'>domo</span> <span class='ocrx_word' id='word_1_215' title='bbox 1856 1882 1928 1907; x_wconf 89' lang='lat' dir='ltr'>sua</span> <span class='ocrx_word' id='word_1_216' title='bbox 1959 1868 2143 1907; x_wconf 88' lang='lat' dir='ltr'>facienda</span> <span class='ocrx_word' id='word_1_217' title='bbox 2175 1868 2217 1906; x_wconf 91' lang='lat' dir='ltr'>in</span> 
     </span>
     <span class='ocr_line' id='line_1_32' title="bbox 517 1930 2216 1982; baseline -0.002 -10"><span class='ocrx_word' id='word_1_218' title='bbox 517 1937 647 1972; x_wconf 85' lang='lat' dir='ltr'>castro</span> <span class='ocrx_word' id='word_1_219' title='bbox 680 1933 801 1971; x_wconf 84' lang='lat' dir='ltr'>Dovr&#39;</span> <span class='ocrx_word' id='word_1_220' title='bbox 838 1946 962 1982; x_wconf 85' lang='lat' dir='ltr'>usque</span> <span class='ocrx_word' id='word_1_221' title='bbox 996 1933 1044 1971; x_wconf 81' lang='lat' dir='ltr'>ad</span> <span class='ocrx_word' id='word_1_222' title='bbox 1078 1933 1298 1971; x_wconf 78' lang='lat' dir='ltr'>instantem</span> <span class='ocrx_word' id='word_1_223' title='bbox 1335 1932 1705 1981; x_wconf 76' lang='lat' dir='ltr'>Quadrageshnam,</span> <span class='ocrx_word' id='word_1_224' title='bbox 1746 1943 1854 1969; x_wconf 85' lang='lat' dir='ltr'>anno</span> <span class='ocrx_word' id='word_1_225' title='bbox 1892 1930 2005 1980; x_wconf 86' lang='lat' dir='ltr'>regni</span> <span class='ocrx_word' id='word_1_226' title='bbox 2043 1932 2117 1969; x_wconf 89' lang='lat' dir='ltr'>etc.</span> <span class='ocrx_word' id='word_1_227' title='bbox 2150 1943 2216 1968; x_wconf 77' lang='lat' dir='ltr'>xx.</span> 
     </span>
     <span class='ocr_line' id='line_1_33' title="bbox 518 1992 1963 2045; baseline -0.002 -11"><span class='ocrx_word' id='word_1_228' title='bbox 518 1996 635 2034; x_wconf 85' lang='lat' dir='ltr'>Teste</span> <span class='ocrx_word' id='word_1_229' title='bbox 673 2009 762 2045; x_wconf 79' lang='lat' dir='ltr'>rege</span> <span class='ocrx_word' id='word_1_230' title='bbox 800 1995 905 2044; x_wconf 86' lang='lat' dir='ltr'>apud</span> <span class='ocrx_word' id='word_1_231' title='bbox 945 1995 1105 2033; x_wconf 84' lang='lat' dir='ltr'>Bellum</span> <span class='ocrx_word' id='word_1_232' title='bbox 1144 1995 1299 2033; x_wconf 85' lang='lat' dir='ltr'>Locum</span> <span class='ocrx_word' id='word_1_233' title='bbox 1338 1994 1471 2043; x_wconf 80' lang='lat' dir='ltr'>Regis,</span> <span class='ocrx_word' id='word_1_234' title='bbox 1511 2007 1576 2032; x_wconf 84' lang='lat' dir='ltr'>xx.</span> <span class='ocrx_word' id='word_1_235' title='bbox 1617 1993 1679 2031; x_wconf 88' lang='lat' dir='ltr'>die</span> <span class='ocrx_word' id='word_1_236' title='bbox 1718 1992 1963 2031; x_wconf 85' lang='lat' dir='ltr'>Decembris.</span> 
     </span>
    </p>
   </div>
   <div class='ocr_carea' id='block_1_14' title="bbox 516 2078 2219 2318">
    <p class='ocr_par' dir='ltr' id='par_1_14' title="bbox 516 2078 2219 2318">
     <span class='ocr_line' id='line_1_34' title="bbox 628 2078 2216 2131; baseline -0.003 -11"><span class='ocrx_word' id='word_1_237' title='bbox 628 2084 704 2120; x_wconf 74' lang='lat' dir='ltr'>Pro</span> <span class='ocrx_word' id='word_1_238' title='bbox 745 2097 857 2119; x_wconf 64' lang='lat' dir='ltr'>uxore</span> <span class='ocrx_word' id='word_1_239' title='bbox 898 2084 1099 2131; x_wconf 17' lang='lat' dir='ltr'>(Vr&#39;odljfridi</span> <span class='ocrx_word' id='word_1_240' title='bbox 1136 2084 1178 2119; x_wconf 71' lang='lat' dir='ltr'>&lt;Ie</span> <span class='ocrx_word' id='word_1_241' title='bbox 1218 2080 1758 2119; x_wconf 76' lang='lat' dir='ltr'>Crauczmzb&#39;.——Mandatum</span> <span class='ocrx_word' id='word_1_242' title='bbox 1797 2082 1858 2118; x_wconf 80' lang='lat' dir='ltr'>est</span> <span class='ocrx_word' id='word_1_243' title='bbox 1897 2080 1935 2118; x_wconf 84' lang='lat' dir='ltr'>J.</span> <span class='ocrx_word' id='word_1_244' title='bbox 1975 2080 2023 2118; x_wconf 79' lang='lat' dir='ltr'>de</span> <span class='ocrx_word' id='word_1_245' title='bbox 2056 2078 2216 2126; x_wconf 83' lang='lat' dir='ltr'>Nevill’,</span> 
     </span>
     <span class='ocr_line' id='line_1_35' title="bbox 516 2139 2219 2195; baseline -0.002 -12"><span class='ocrx_word' id='word_1_246' title='bbox 516 2145 738 2195; x_wconf 84' lang='lat' dir='ltr'>justiciario</span> <span class='ocrx_word' id='word_1_247' title='bbox 785 2145 943 2190; x_wconf 81' lang='lat' dir='ltr'>foreste,</span> <span class='ocrx_word' id='word_1_248' title='bbox 987 2144 1092 2193; x_wconf 82' lang='lat' dir='ltr'>quod</span> <span class='ocrx_word' id='word_1_249' title='bbox 1137 2145 1178 2181; x_wconf 92' lang='lat' dir='ltr'>in</span> <span class='ocrx_word' id='word_1_250' title='bbox 1229 2143 1346 2182; x_wconf 90' lang='lat' dir='ltr'>bosco</span> <span class='ocrx_word' id='word_1_251' title='bbox 1395 2144 1442 2181; x_wconf 89' lang='lat' dir='ltr'>de</span> <span class='ocrx_word' id='word_1_252' title='bbox 1493 2143 1685 2182; x_wconf 87' lang='lat' dir='ltr'>Shothor&#39;</span> <span class='ocrx_word' id='word_1_253' title='bbox 1735 2142 1856 2181; x_wconf 86' lang='lat' dir='ltr'>faciat</span> <span class='ocrx_word' id='word_1_254' title='bbox 1908 2140 2053 2180; x_wconf 88' lang='lat' dir='ltr'>habere</span> <span class='ocrx_word' id='word_1_255' title='bbox 2092 2139 2219 2180; x_wconf 89' lang='lat' dir='ltr'>Alicie</span> 
     </span>
     <span class='ocr_line' id='line_1_36' title="bbox 517 2202 2219 2255; baseline -0.002 -11"><span class='ocrx_word' id='word_1_256' title='bbox 517 2207 630 2246; x_wconf 82' lang='lat' dir='ltr'>uxori</span> <span class='ocrx_word' id='word_1_257' title='bbox 670 2207 875 2245; x_wconf 84' lang='lat' dir='ltr'>Godefridi</span> <span class='ocrx_word' id='word_1_258' title='bbox 914 2207 961 2244; x_wconf 86' lang='lat' dir='ltr'>de</span> <span class='ocrx_word' id='word_1_259' title='bbox 1000 2205 1240 2244; x_wconf 84' lang='lat' dir='ltr'>Craucumb’</span> <span class='ocrx_word' id='word_1_260' title='bbox 1280 2205 1510 2255; x_wconf 85' lang='lat' dir='ltr'>quindecim</span> <span class='ocrx_word' id='word_1_261' title='bbox 1550 2204 1692 2243; x_wconf 84' lang='lat' dir='ltr'>robora</span> <span class='ocrx_word' id='word_1_262' title='bbox 1736 2204 1785 2242; x_wconf 88' lang='lat' dir='ltr'>ad</span> <span class='ocrx_word' id='word_1_263' title='bbox 1823 2204 1958 2242; x_wconf 88' lang='lat' dir='ltr'>focum</span> <span class='ocrx_word' id='word_1_264' title='bbox 1998 2215 2130 2249; x_wconf 91' lang='lat' dir='ltr'>suum,</span> <span class='ocrx_word' id='word_1_265' title='bbox 2171 2202 2219 2240; x_wconf 88' lang='lat' dir='ltr'>de</span> 
     </span>
     <span class='ocr_line' id='line_1_37' title="bbox 517 2268 1225 2318; baseline -0.004 -10"><span class='ocrx_word' id='word_1_266' title='bbox 517 2270 623 2308; x_wconf 86' lang='lat' dir='ltr'>dono</span> <span class='ocrx_word' id='word_1_267' title='bbox 661 2269 777 2318; x_wconf 81' lang='lat' dir='ltr'>regis.</span> <span class='ocrx_word' id='word_1_268' title='bbox 854 2268 970 2307; x_wconf 85' lang='lat' dir='ltr'>Teste</span> <span class='ocrx_word' id='word_1_269' title='bbox 1009 2272 1054 2306; x_wconf 86' lang='lat' dir='ltr'>ut</span> <span class='ocrx_word' id='word_1_270' title='bbox 1092 2281 1225 2317; x_wconf 85' lang='lat' dir='ltr'>supra.</span> 
     </span>
    </p>
   </div>
   <div class='ocr_carea' id='block_1_15' title="bbox 516 2351 2221 2965">
    <p class='ocr_par' dir='ltr' id='par_1_15' title="bbox 516 2351 2221 2965">
     <span class='ocr_line' id='line_1_38' title="bbox 628 2351 2218 2403; baseline -0.004 -9"><span class='ocrx_word' id='word_1_271' title='bbox 628 2359 704 2394; x_wconf 72' lang='lat' dir='ltr'>Pro</span> <span class='ocrx_word' id='word_1_272' title='bbox 743 2358 918 2394; x_wconf 53' lang='lat' dir='ltr'>‚Iohanne</span> <span class='ocrx_word' id='word_1_273' title='bbox 955 2358 997 2392; x_wconf 71' lang='lat' dir='ltr'>de</span> <span class='ocrx_word' id='word_1_274' title='bbox 1046 2355 1334 2403; x_wconf 43' lang='lat' dir='ltr'>nursia—Rex</span> <span class='ocrx_word' id='word_1_275' title='bbox 1390 2353 1587 2392; x_wconf 84' lang='lat' dir='ltr'>concessit</span> <span class='ocrx_word' id='word_1_276' title='bbox 1636 2352 1817 2391; x_wconf 80' lang='lat' dir='ltr'>Johanni</span> <span class='ocrx_word' id='word_1_277' title='bbox 1866 2352 1913 2390; x_wconf 89' lang='lat' dir='ltr'>de</span> <span class='ocrx_word' id='word_1_278' title='bbox 1964 2351 2101 2401; x_wconf 84' lang='lat' dir='ltr'>Burgo</span> <span class='ocrx_word' id='word_1_279' title='bbox 2150 2363 2218 2401; x_wconf 89' lang='lat' dir='ltr'>per</span> 
     </span>
     <span class='ocr_line' id='line_1_39' title="bbox 517 2413 2219 2467; baseline -0.004 -10"><span class='ocrx_word' id='word_1_280' title='bbox 517 2422 668 2458; x_wconf 86' lang='lat' dir='ltr'>cartam</span> <span class='ocrx_word' id='word_1_281' title='bbox 708 2431 821 2456; x_wconf 80' lang='lat' dir='ltr'>suani</span> <span class='ocrx_word' id='word_1_282' title='bbox 860 2418 966 2467; x_wconf 82' lang='lat' dir='ltr'>quod</span> <span class='ocrx_word' id='word_1_283' title='bbox 1004 2416 1169 2455; x_wconf 87' lang='lat' dir='ltr'>boscum</span> <span class='ocrx_word' id='word_1_284' title='bbox 1208 2429 1327 2455; x_wconf 88' lang='lat' dir='ltr'>suum</span> <span class='ocrx_word' id='word_1_285' title='bbox 1357 2416 1403 2454; x_wconf 87' lang='lat' dir='ltr'>de</span> <span class='ocrx_word' id='word_1_286' title='bbox 1436 2415 1657 2464; x_wconf 81' lang='lat' dir='ltr'>Wakerleg’</span> <span class='ocrx_word' id='word_1_287' title='bbox 1691 2414 1875 2453; x_wconf 85' lang='lat' dir='ltr'>claudere</span> <span class='ocrx_word' id='word_1_288' title='bbox 1908 2413 2035 2463; x_wconf 84' lang='lat' dir='ltr'>possit</span> <span class='ocrx_word' id='word_1_289' title='bbox 2069 2413 2219 2452; x_wconf 87' lang='lat' dir='ltr'>fossato</span> 
     </span>
     <span class='ocr_line' id='line_1_40' title="bbox 517 2474 2221 2530; baseline -0.004 -11"><span class='ocrx_word' id='word_1_290' title='bbox 517 2485 556 2519; x_wconf 86' lang='lat' dir='ltr'>et</span> <span class='ocrx_word' id='word_1_291' title='bbox 594 2481 709 2530; x_wconf 78' lang='lat' dir='ltr'>haya,</span> <span class='ocrx_word' id='word_1_292' title='bbox 750 2484 789 2518; x_wconf 84' lang='lat' dir='ltr'>et</span> <span class='ocrx_word' id='word_1_293' title='bbox 826 2491 991 2528; x_wconf 83' lang='lat' dir='ltr'>parcum</span> <span class='ocrx_word' id='word_1_294' title='bbox 1041 2479 1134 2516; x_wconf 90' lang='lat' dir='ltr'>inde</span> <span class='ocrx_word' id='word_1_295' title='bbox 1184 2478 1304 2517; x_wconf 81' lang='lat' dir='ltr'>faciat</span> <span class='ocrx_word' id='word_1_296' title='bbox 1349 2491 1440 2517; x_wconf 88' lang='lat' dir='ltr'>cum</span> <span class='ocrx_word' id='word_1_297' title='bbox 1483 2489 1564 2515; x_wconf 92' lang='lat' dir='ltr'>uno</span> <span class='ocrx_word' id='word_1_298' title='bbox 1609 2477 1774 2522; x_wconf 77' lang='lat' dir='ltr'>saltum,</span> <span class='ocrx_word' id='word_1_299' title='bbox 1815 2478 1854 2514; x_wconf 90' lang='lat' dir='ltr'>et</span> <span class='ocrx_word' id='word_1_300' title='bbox 1902 2488 1973 2525; x_wconf 89' lang='lat' dir='ltr'>pro</span> <span class='ocrx_word' id='word_1_301' title='bbox 2011 2474 2221 2513; x_wconf 86' lang='lat' dir='ltr'>voluntate</span> 
     </span>
     <span class='ocr_line' id='line_1_41' title="bbox 517 2536 2221 2591; baseline -0.004 -10"><span class='ocrx_word' id='word_1_302' title='bbox 517 2556 589 2582; x_wconf 87' lang='lat' dir='ltr'>sua</span> <span class='ocrx_word' id='word_1_303' title='bbox 640 2542 732 2580; x_wconf 90' lang='lat' dir='ltr'>inde</span> <span class='ocrx_word' id='word_1_304' title='bbox 787 2542 988 2591; x_wconf 83' lang='lat' dir='ltr'>disponat,</span> <span class='ocrx_word' id='word_1_305' title='bbox 1042 2541 1188 2579; x_wconf 71' lang='lat' dir='ltr'>vendat</span> <span class='ocrx_word' id='word_1_306' title='bbox 1237 2544 1276 2579; x_wconf 88' lang='lat' dir='ltr'>et</span> <span class='ocrx_word' id='word_1_307' title='bbox 1325 2543 1492 2578; x_wconf 87' lang='lat' dir='ltr'>essartet</span> <span class='ocrx_word' id='word_1_308' title='bbox 1542 2539 1628 2577; x_wconf 88' lang='lat' dir='ltr'>sine</span> <span class='ocrx_word' id='word_1_309' title='bbox 1676 2539 1765 2577; x_wconf 88' lang='lat' dir='ltr'>visu</span> <span class='ocrx_word' id='word_1_310' title='bbox 1816 2541 1855 2576; x_wconf 87' lang='lat' dir='ltr'>et</span> <span class='ocrx_word' id='word_1_311' title='bbox 1903 2536 2221 2576; x_wconf 85' lang='lat' dir='ltr'>contradictione</span> 
     </span>
     <span class='ocr_line' id='line_1_42' title="bbox 516 2599 2221 2650; baseline -0.004 -7"><span class='ocrx_word' id='word_1_312' title='bbox 516 2605 830 2650; x_wconf 79' lang='lat' dir='ltr'>forestariorum,</span> <span class='ocrx_word' id='word_1_313' title='bbox 867 2603 1148 2642; x_wconf 83' lang='lat' dir='ltr'>viridariorum</span> <span class='ocrx_word' id='word_1_314' title='bbox 1187 2606 1227 2641; x_wconf 90' lang='lat' dir='ltr'>et</span> <span class='ocrx_word' id='word_1_315' title='bbox 1265 2603 1447 2641; x_wconf 88' lang='lat' dir='ltr'>omnium</span> <span class='ocrx_word' id='word_1_316' title='bbox 1487 2601 1769 2639; x_wconf 85' lang='lat' dir='ltr'>ministrorum</span> <span class='ocrx_word' id='word_1_317' title='bbox 1809 2612 1999 2644; x_wconf 73' lang='lat' dir='ltr'>suorum5</span> <span class='ocrx_word' id='word_1_318' title='bbox 2038 2601 2077 2637; x_wconf 89' lang='lat' dir='ltr'>et</span> <span class='ocrx_word' id='word_1_319' title='bbox 2115 2599 2221 2649; x_wconf 89' lang='lat' dir='ltr'>quod</span> 
     </span>
     <span class='ocr_line' id='line_1_43' title="bbox 516 2661 2220 2718; baseline -0.004 -13"><span class='ocrx_word' id='word_1_320' title='bbox 516 2667 718 2718; x_wconf 84' lang='lat' dir='ltr'>predictus</span> <span class='ocrx_word' id='word_1_321' title='bbox 756 2666 898 2704; x_wconf 87' lang='lat' dir='ltr'>boscus</span> <span class='ocrx_word' id='word_1_322' title='bbox 931 2665 1090 2714; x_wconf 87' lang='lat' dir='ltr'>quietus</span> <span class='ocrx_word' id='word_1_323' title='bbox 1120 2664 1172 2703; x_wconf 89' lang='lat' dir='ltr'>sit</span> <span class='ocrx_word' id='word_1_324' title='bbox 1210 2665 1251 2702; x_wconf 91' lang='lat' dir='ltr'>in</span> <span class='ocrx_word' id='word_1_325' title='bbox 1282 2668 1522 2714; x_wconf 87' lang='lat' dir='ltr'>perpetuum</span> <span class='ocrx_word' id='word_1_326' title='bbox 1552 2663 1599 2701; x_wconf 90' lang='lat' dir='ltr'>de</span> <span class='ocrx_word' id='word_1_327' title='bbox 1628 2666 1755 2709; x_wconf 86' lang='lat' dir='ltr'>vasto,</span> <span class='ocrx_word' id='word_1_328' title='bbox 1787 2661 1967 2712; x_wconf 82' lang='lat' dir='ltr'>regardo,</span> <span class='ocrx_word' id='word_1_329' title='bbox 2007 2661 2220 2699; x_wconf 85' lang='lat' dir='ltr'>venatione</span> 
     </span>
     <span class='ocr_line' id='line_1_44' title="bbox 517 2722 2220 2776; baseline -0.005 -8"><span class='ocrx_word' id='word_1_330' title='bbox 517 2733 556 2768; x_wconf 82' lang='lat' dir='ltr'>et</span> <span class='ocrx_word' id='word_1_331' title='bbox 603 2729 650 2767; x_wconf 86' lang='lat' dir='ltr'>de</span> <span class='ocrx_word' id='word_1_332' title='bbox 696 2727 895 2769; x_wconf 85' lang='lat' dir='ltr'>omnibus,</span> <span class='ocrx_word' id='word_1_333' title='bbox 944 2740 1020 2776; x_wconf 89' lang='lat' dir='ltr'>que</span> <span class='ocrx_word' id='word_1_334' title='bbox 1070 2726 1120 2764; x_wconf 86' lang='lat' dir='ltr'>ad</span> <span class='ocrx_word' id='word_1_335' title='bbox 1172 2726 1364 2764; x_wconf 84' lang='lat' dir='ltr'>forestam</span> <span class='ocrx_word' id='word_1_336' title='bbox 1416 2726 1478 2764; x_wconf 83' lang='lat' dir='ltr'>vel</span> <span class='ocrx_word' id='word_1_337' title='bbox 1529 2724 1761 2763; x_wconf 83' lang='lat' dir='ltr'>forestarios</span> <span class='ocrx_word' id='word_1_338' title='bbox 1800 2724 1863 2762; x_wconf 79' lang='lat' dir='ltr'>vel</span> <span class='ocrx_word' id='word_1_339' title='bbox 1912 2722 2121 2762; x_wconf 84' lang='lat' dir='ltr'>viridarios</span> <span class='ocrx_word' id='word_1_340' title='bbox 2159 2722 2220 2762; x_wconf 82' lang='lat' dir='ltr'>vel</span> 
     </span>
     <span class='ocr_line' id='line_1_45' title="bbox 517 2783 2220 2838; baseline -0.005 -8"><span class='ocrx_word' id='word_1_341' title='bbox 517 2804 654 2830; x_wconf 88' lang='lat' dir='ltr'>eorum</span> <span class='ocrx_word' id='word_1_342' title='bbox 704 2790 910 2828; x_wconf 86' lang='lat' dir='ltr'>ministros</span> <span class='ocrx_word' id='word_1_343' title='bbox 959 2789 1175 2838; x_wconf 82' lang='lat' dir='ltr'>pertinent,</span> <span class='ocrx_word' id='word_1_344' title='bbox 1227 2789 1332 2826; x_wconf 86' lang='lat' dir='ltr'>sicut</span> <span class='ocrx_word' id='word_1_345' title='bbox 1381 2787 1540 2837; x_wconf 88' lang='lat' dir='ltr'>plenius</span> <span class='ocrx_word' id='word_1_346' title='bbox 1589 2786 1822 2826; x_wconf 87' lang='lat' dir='ltr'>continetur</span> <span class='ocrx_word' id='word_1_347' title='bbox 1868 2786 1910 2823; x_wconf 92' lang='lat' dir='ltr'>in</span> <span class='ocrx_word' id='word_1_348' title='bbox 1959 2787 2070 2824; x_wconf 85' lang='lat' dir='ltr'>carta</span> <span class='ocrx_word' id='word_1_349' title='bbox 2115 2783 2220 2835; x_wconf 86' lang='lat' dir='ltr'>regis</span> 
     </span>
     <span class='ocr_line' id='line_1_46' title="bbox 517 2847 2220 2904; baseline -0.004 -12"><span class='ocrx_word' id='word_1_350' title='bbox 517 2867 638 2904; x_wconf 89' lang='lat' dir='ltr'>quam</span> <span class='ocrx_word' id='word_1_351' title='bbox 677 2853 805 2891; x_wconf 88' lang='lat' dir='ltr'>eidem</span> <span class='ocrx_word' id='word_1_352' title='bbox 853 2851 1032 2890; x_wconf 81' lang='lat' dir='ltr'>Johanni</span> <span class='ocrx_word' id='word_1_353' title='bbox 1073 2851 1165 2889; x_wconf 89' lang='lat' dir='ltr'>inde</span> <span class='ocrx_word' id='word_1_354' title='bbox 1203 2851 1288 2889; x_wconf 89' lang='lat' dir='ltr'>fieri</span> <span class='ocrx_word' id='word_1_355' title='bbox 1327 2851 1433 2889; x_wconf 84' lang='lat' dir='ltr'>fecit.</span> <span class='ocrx_word' id='word_1_356' title='bbox 1510 2849 1565 2887; x_wconf 88' lang='lat' dir='ltr'>Et</span> <span class='ocrx_word' id='word_1_357' title='bbox 1603 2849 1844 2887; x_wconf 87' lang='lat' dir='ltr'>mandatum</span> <span class='ocrx_word' id='word_1_358' title='bbox 1874 2851 1934 2887; x_wconf 90' lang='lat' dir='ltr'>est</span> <span class='ocrx_word' id='word_1_359' title='bbox 1964 2847 2143 2886; x_wconf 85' lang='lat' dir='ltr'>Johanni</span> <span class='ocrx_word' id='word_1_360' title='bbox 2172 2847 2220 2885; x_wconf 88' lang='lat' dir='ltr'>de</span> 
     </span>
     <span class='ocr_line' id='line_1_47' title="bbox 518 2908 2219 2965; baseline -0.005 -11"><span class='ocrx_word' id='word_1_361' title='bbox 518 2915 678 2962; x_wconf 86' lang='lat' dir='ltr'>Nevill’,</span> <span class='ocrx_word' id='word_1_362' title='bbox 709 2913 932 2965; x_wconf 87' lang='lat' dir='ltr'>justiciario</span> <span class='ocrx_word' id='word_1_363' title='bbox 971 2913 1129 2958; x_wconf 86' lang='lat' dir='ltr'>foreste,</span> <span class='ocrx_word' id='word_1_364' title='bbox 1167 2913 1273 2962; x_wconf 81' lang='lat' dir='ltr'>quod</span> <span class='ocrx_word' id='word_1_365' title='bbox 1311 2912 1351 2950; x_wconf 92' lang='lat' dir='ltr'>id</span> <span class='ocrx_word' id='word_1_366' title='bbox 1390 2912 1476 2950; x_wconf 89' lang='lat' dir='ltr'>sine</span> <span class='ocrx_word' id='word_1_367' title='bbox 1524 2911 1816 2961; x_wconf 89' lang='lat' dir='ltr'>impedimento</span> <span class='ocrx_word' id='word_1_368' title='bbox 1866 2910 1952 2948; x_wconf 86' lang='lat' dir='ltr'>fieri</span> <span class='ocrx_word' id='word_1_369' title='bbox 1996 2908 2219 2959; x_wconf 88' lang='lat' dir='ltr'>permittat.</span> 
     </span>
    </p>
   </div>
   <div class='ocr_carea' id='block_1_16' title="bbox 517 2979 885 3026">
    <p class='ocr_par' dir='ltr' id='par_1_16' title="bbox 517 2979 885 3026">
     <span class='ocr_line' id='line_1_48' title="bbox 517 2979 885 3026; baseline -0.011 -9"><span class='ocrx_word' id='word_1_370' title='bbox 517 2980 633 3017; x_wconf 85' lang='lat' dir='ltr'>Teste</span> <span class='ocrx_word' id='word_1_371' title='bbox 670 2979 715 3015; x_wconf 89' lang='lat' dir='ltr'>ut</span> <span class='ocrx_word' id='word_1_372' title='bbox 753 2989 885 3026; x_wconf 86' lang='lat' dir='ltr'>supra.</span> 
     </span>
    </p>
   </div>
   <div class='ocr_carea' id='block_1_17' title="bbox 513 3057 2217 3419">
    <p class='ocr_par' dir='ltr' id='par_1_17' title="bbox 513 3057 2217 3359">
     <span class='ocr_line' id='line_1_49' title="bbox 626 3057 2217 3111; baseline -0.004 -10"><span class='ocrx_word' id='word_1_373' title='bbox 626 3066 680 3101; x_wconf 71' lang='lat' dir='ltr'>De</span> <span class='ocrx_word' id='word_1_374' title='bbox 710 3064 868 3111; x_wconf 67' lang='lat' dir='ltr'>tallaffl&#39;o</span> <span class='ocrx_word' id='word_1_375' title='bbox 897 3065 978 3099; x_wconf 66' lang='lat' dir='ltr'>salse</span> <span class='ocrx_word' id='word_1_376' title='bbox 1007 3064 1048 3099; x_wconf 66' lang='lat' dir='ltr'>de</span> <span class='ocrx_word' id='word_1_377' title='bbox 1083 3060 1447 3109; x_wconf 59' lang='lat' dir='ltr'>waltham—Quia</span> <span class='ocrx_word' id='word_1_378' title='bbox 1485 3074 1553 3099; x_wconf 81' lang='lat' dir='ltr'>rex</span> <span class='ocrx_word' id='word_1_379' title='bbox 1591 3059 1797 3098; x_wconf 86' lang='lat' dir='ltr'>dominica</span> <span class='ocrx_word' id='word_1_380' title='bbox 1829 3072 1900 3097; x_wconf 87' lang='lat' dir='ltr'>sua</span> <span class='ocrx_word' id='word_1_381' title='bbox 1929 3071 1998 3108; x_wconf 88' lang='lat' dir='ltr'>per</span> <span class='ocrx_word' id='word_1_382' title='bbox 2027 3057 2217 3108; x_wconf 85' lang='lat' dir='ltr'>Angliam</span> 
     </span>
     <span class='ocr_line' id='line_1_50' title="bbox 518 3118 2217 3171; baseline -0.004 -7"><span class='ocrx_word' id='word_1_383' title='bbox 518 3127 613 3165; x_wconf 85' lang='lat' dir='ltr'>fecit</span> <span class='ocrx_word' id='word_1_384' title='bbox 660 3125 822 3171; x_wconf 84' lang='lat' dir='ltr'>talliari,</span> <span class='ocrx_word' id='word_1_385' title='bbox 870 3124 1110 3162; x_wconf 87' lang='lat' dir='ltr'>mandatum</span> <span class='ocrx_word' id='word_1_386' title='bbox 1164 3127 1224 3162; x_wconf 85' lang='lat' dir='ltr'>est</span> <span class='ocrx_word' id='word_1_387' title='bbox 1276 3123 1504 3162; x_wconf 85' lang='lat' dir='ltr'>vicecomiti</span> <span class='ocrx_word' id='word_1_388' title='bbox 1553 3122 1667 3161; x_wconf 87' lang='lat' dir='ltr'>Linc’</span> <span class='ocrx_word' id='word_1_389' title='bbox 1717 3122 1823 3171; x_wconf 87' lang='lat' dir='ltr'>quod</span> <span class='ocrx_word' id='word_1_390' title='bbox 1878 3121 1926 3159; x_wconf 93' lang='lat' dir='ltr'>de</span> <span class='ocrx_word' id='word_1_391' title='bbox 1981 3118 2217 3159; x_wconf 87' lang='lat' dir='ltr'>hominibus</span> 
     </span>
     <span class='ocr_line' id='line_1_51' title="bbox 518 3180 2217 3234; baseline -0.005 -7"><span class='ocrx_word' id='word_1_392' title='bbox 518 3188 612 3227; x_wconf 83' lang='lat' dir='ltr'>soke</span> <span class='ocrx_word' id='word_1_393' title='bbox 650 3188 697 3225; x_wconf 91' lang='lat' dir='ltr'>de</span> <span class='ocrx_word' id='word_1_394' title='bbox 736 3186 943 3224; x_wconf 87' lang='lat' dir='ltr'>Waltham</span> <span class='ocrx_word' id='word_1_395' title='bbox 981 3185 1049 3234; x_wconf 90' lang='lat' dir='ltr'>qui</span> <span class='ocrx_word' id='word_1_396' title='bbox 1096 3188 1192 3223; x_wconf 90' lang='lat' dir='ltr'>sunt</span> <span class='ocrx_word' id='word_1_397' title='bbox 1239 3185 1281 3222; x_wconf 88' lang='lat' dir='ltr'>in</span> <span class='ocrx_word' id='word_1_398' title='bbox 1330 3198 1456 3222; x_wconf 89' lang='lat' dir='ltr'>manu</span> <span class='ocrx_word' id='word_1_399' title='bbox 1498 3184 1643 3234; x_wconf 54' lang='lat' dir='ltr'>[Rng&#39;15</span> <span class='ocrx_word' id='word_1_400' title='bbox 1682 3182 1883 3221; x_wconf 86' lang='lat' dir='ltr'>Johannis</span> <span class='ocrx_word' id='word_1_401' title='bbox 1922 3181 1997 3219; x_wconf 88' lang='lat' dir='ltr'>filii</span> <span class='ocrx_word' id='word_1_402' title='bbox 2036 3180 2217 3230; x_wconf 87' lang='lat' dir='ltr'>Philippi</span> 
     </span>
     <span class='ocr_line' id='line_1_52' title="bbox 516 3242 2217 3297; baseline -0.005 -8"><span class='ocrx_word' id='word_1_403' title='bbox 516 3250 552 3289; x_wconf 90' lang='lat' dir='ltr'>ei</span> <span class='ocrx_word' id='word_1_404' title='bbox 599 3247 836 3288; x_wconf 86' lang='lat' dir='ltr'>rationabile</span> <span class='ocrx_word' id='word_1_405' title='bbox 882 3247 1094 3297; x_wconf 83' lang='lat' dir='ltr'>tallagium</span> <span class='ocrx_word' id='word_1_406' title='bbox 1141 3246 1286 3286; x_wconf 84' lang='lat' dir='ltr'>habere</span> <span class='ocrx_word' id='word_1_407' title='bbox 1333 3247 1468 3285; x_wconf 88' lang='lat' dir='ltr'>faciat.</span> <span class='ocrx_word' id='word_1_408' title='bbox 1550 3245 1669 3284; x_wconf 84' lang='lat' dir='ltr'>Teste</span> <span class='ocrx_word' id='word_1_409' title='bbox 1716 3256 1808 3294; x_wconf 83' lang='lat' dir='ltr'>rege</span> <span class='ocrx_word' id='word_1_410' title='bbox 1854 3243 1960 3293; x_wconf 87' lang='lat' dir='ltr'>apud</span> <span class='ocrx_word' id='word_1_411' title='bbox 2008 3242 2217 3282; x_wconf 82' lang='lat' dir='ltr'>Waltham</span> 
     </span>
     <span class='ocr_line' id='line_1_53' title="bbox 513 3306 1570 3359; baseline -0.006 -9"><span class='ocrx_word' id='word_1_412' title='bbox 513 3309 808 3350; x_wconf 83' lang='lat' dir='ltr'>Wintoniensis</span> <span class='ocrx_word' id='word_1_413' title='bbox 849 3308 1039 3358; x_wconf 85' lang='lat' dir='ltr'>episcopi,</span> <span class='ocrx_word' id='word_1_414' title='bbox 1080 3307 1177 3359; x_wconf 82' lang='lat' dir='ltr'>xxij.</span> <span class='ocrx_word' id='word_1_415' title='bbox 1219 3308 1281 3347; x_wconf 88' lang='lat' dir='ltr'>die</span> <span class='ocrx_word' id='word_1_416' title='bbox 1322 3306 1570 3347; x_wconf 89' lang='lat' dir='ltr'>Decembris.</span> 
     </span>
    </p>

    <p class='ocr_par' dir='ltr' id='par_1_18' title="bbox 1259 3385 1481 3419">
     <span class='ocr_line' id='line_1_54' title="bbox 1259 3385 1481 3419; baseline 0 -1"><span class='ocrx_word' id='word_1_417' title='bbox 1259 3385 1481 3419; x_wconf 84' lang='lat' dir='ltr'>*Cancelled.</span> 
     </span>
    </p>
   </div>
   <div class='ocr_carea' id='block_1_18' title="bbox 541 3366 1686 3379">
    <p class='ocr_par' dir='ltr' id='par_1_19' title="bbox 541 3366 1686 3379">
     <span class='ocr_line' id='line_1_55' title="bbox 541 3366 1686 3379; baseline 0 0"><span class='ocrx_word' id='word_1_418' title='bbox 541 3366 1686 3379; x_wconf 95' lang='lat' dir='ltr'> </span> 
     </span>
    </p>
   </div>
  </div>
 </body>
</html>
