2375 3587
250 207 273 245 5
279 206 334 245 20

310 336 451 384 1237.

301 403 464 442 [maw]

1185 208 1370 251 CLOSE
1410 207 1614 250 ROLLS.

657 403 811 442 Alanus
858 405 965 443 filius
1004 405 1125 449 War’,
1161 405 1382 443 attornavit
1410 405 1496 442 loco
1525 415 1597 442 suo
1631 402 1863 440 -Johannem
1893 401 1941 438 de
1985 398 2247 449 Gopeshull’*

547 466 596 502 ad
634 465 873 504 lucrandum
913 467 974 504 vel
1013 467 1261 516 perdendum
1300 467 1341 503 in
1381 465 1541 515 loquela
1578 477 1653 513 que
1692 466 1751 501 est
1789 463 1831 500 in
1865 462 2062 501 comitatu
2094 461 2247 499 Wiltes'

547 531 686 565 contra
735 529 958 567 Henricum
1009 529 1056 567 de
1109 528 1332 573 Chanflur',
1385 532 1592 566 tenentem
1641 526 1689 563 de
1740 539 1805 563 xx.
1857 528 1897 562 et
1947 524 2017 573 vij.
2067 522 2248 562 solidatis

547 590 725 629 redditus
773 591 815 628 in
863 591 1065 635 Hulecot’,
1111 594 1150 628 et
1204 592 1257 640 vj.
1299 590 1481 628 solidatis
1528 592 1567 627 et
1610 588 1695 637 viij.
1741 587 1946 625 denar-atis
1989 585 2168 624 redditus
2206 585 2248 622 in

550 652 711 691 Shalke.
772 653 887 691 Teste
926 666 1015 701 rege
1051 653 1157 701 apud
1196 653 1444 702 Kenynton',
1485 651 1543 701 iij.
1584 650 1646 688 die
1685 649 1906 687 Februarii.

654 783 894 821 Mandatum
934 786 994 820 est
1034 782 1248 820 baronibus
1291 783 1338 820 de
1389 782 1596 821 Scaccario
1645 781 1750 830 quod
1799 779 2048 817 summoneri
2096 778 2248 816 faciant

549 845 765 894 Hugonem
788 845 900 883 Wak‘
923 848 961 882 et
991 845 1239 890 Johammm,
1270 858 1433 883 uxorem
1464 844 1564 893 ejus,
1596 847 1635 881 et
1665 843 1938 881 Eustachium
1968 842 2015 879 de
2047 840 2250 880 Stutevill'

546 908 650 957 quod
695 908 777 945 sint
824 920 957 945 coram
1006 907 1061 945 eis
1109 907 1150 944 in
1199 906 1351 945 octabis
1382 907 1518 944 Clausi
1548 906 1701 944 Pasche
1732 905 1781 943 ad
1810 903 2137 954 respondendum
2169 902 2250 951 regi

548 970 594 1007 de
623 969 767 1008 debitis
805 983 879 1018 que
919 969 1137 1007 Nicholaus
1175 970 1222 1007 de
1254 969 1456 1008 Stutevill'
1496 969 1579 1017 regi
1615 967 1766 1012 debuit,
1811 970 1849 1004 et
1888 967 1937 1005 ad
1976 965 2250 1014 recipiendum

546 1033 743 1083 judicium
783 1045 900 1069 suum
949 1032 1038 1081 quis
1085 1045 1223 1070 eorum
1277 1031 1514 1080 respondere
1564 1030 1704 1068 debeat
1756 1030 1803 1067 de
1851 1028 2041 1078 predictis
2093 1026 2250 1072 debitis,

546 1095 649 1144 quod
688 1095 848 1144 quidem
887 1094 1083 1144 judicium
1123 1094 1179 1131 eis
1217 1094 1365 1132 facient
1406 1092 1627 1131 secundum
1671 1091 2008 1130 consuetudinem
2055 1089 2251 1129 Scaccarii

546 1157 661 1205 regis.
721 1156 835 1194 Teste
875 1169 964 1205 rege
1003 1156 1107 1204 apud
1148 1155 1392 1206 Kenynton',
1433 1155 1507 1204 iiij.
1547 1154 1610 1191 die
1658 1153 1880 1191 Februarii.

654 1286 862 1323 Johannes
901 1285 947 1322 de
985 1283 1161 1334 Kirkeby
1199 1284 1422 1322 attornavit
1460 1283 1547 1321 loco
1585 1295 1657 1321 suo
1709 1282 1934 1320 Walterum
1974 1282 2021 1320 de
2061 1281 2250 1319 Tatham'

548 1350 596 1386 ad
635 1348 873 1386 lucrandum
913 1347 975 1385 vel
1015 1347 1264 1395 perdendum
1303 1347 1345 1383 in
1381 1345 1540 1395 loquela
1571 1358 1646 1394 que
1680 1348 1741 1383 est
1774 1345 1815 1382 in
1850 1344 2046 1383 comitatu
2081 1343 2252 1382 Eboraci

547 1411 652 1449 inter
701 1424 792 1448 eum
832 1415 871 1448 et
921 1410 1153 1447 <Iohannem
1194 1410 1241 1446 (10
1276 1409 1479 1458 Curtenay
1513 1411 1552 1445 et
1586 1407 1842 1453 Matillidem,
1883 1420 2045 1446 uxorem
2084 1407 2184 1457 ejus,
2215 1409 2254 1444 et

547 1473 777 1511 Johannem
827 1473 873 1509 (10
922 1471 1106 1509 Kanfeud
1155 1471 1202 1509 de
1250 1469 1613 1509 consuetudinibus
1655 1472 1694 1507 et
1734 1469 1924 1508 serviciis.
2009 1469 2126 1506 Teste
2164 1481 2254 1518 rege

546 1535 652 1585 apud
690 1535 846 1579 Keneff,
891 1548 924 1572 v.
966 1534 1028 1571 die
1078 1533 1299 1571 Februarii.

655 1664 855 1702 Radulfus
894 1663 1002 1701 filius
1042 1663 1223 1700 Bernard
1262 1662 1487 1700 attornavit
1525 1662 1612 1700 1000
1650 1674 1722 1699 5110
1761 1661 1992 1699 Galfridum
2031 1661 2067 1699 10
2107 1661 2254 1712 Moyne

548 1728 596 1765 ad
635 1727 874 1765 lucrandum
915 1726 976 1764 vel
1016 1726 1264 1775 perdendum
1305 1725 1346 1762 in
1385 1724 1543 1773 loquela
1581 1737 1657 1774 que
1696 1726 1756 1761 est
1795 1723 1836 1761 in
1875 1723 2072 1762 comitatu
2104 1723 2256 1762 Kancie

546 1790 652 1827 inter
690 1803 781 1827 eum
822 1793 860 1826 et
900 1789 1119 1826 Ricardum
1159 1788 1207 1825 de
1246 1787 1506 1836 Berghested’
1555 1787 1602 1824 de
1650 1786 1766 1823 feodo
1813 1786 1973 1824 dimidii
2020 1786 2163 1824 militis
2211 1787 2253 1825 in

547 1851 768 1902 Bykenore.
829 1851 946 1889 Teste
986 1863 1075 1899 rege
1116 1853 1160 1887 ut
1198 1862 1333 1898 supra.

657 1963 857 2002 Henricus
895 1963 942 2001 de
983 1962 1190 2002 Scaccario
1228 1961 1449 2000 attornavit
1487 1961 1574 1999 loco
1620 1973 1692 1998 suo
1740 1960 1939 1998 Thomam
1981 1961 2167 2011 Ivyngho
2205 1963 2255 2000 ad

549 2027 788 2066 lucrandum
841 2026 903 2063 vel
953 2025 1200 2074 perdendum
1250 2024 1291 2061 in
1342 2023 1500 2073 loquela
1551 2036 1626 2072 que
1675 2026 1734 2061 est
1772 2022 1814 2060 in
1854 2022 2050 2062 comitatu
2090 2023 2252 2062 Berkes'

548 2090 654 2128 inter
693 2102 785 2127 eum
825 2092 863 2125 et
904 2087 1128 2124 Walterum
1167 2087 1214 2124 de
1252 2086 1290 2124 10
1338 2086 1437 2124 Rive
1487 2086 1534 2123 de
1581 2086 1612 2134 j.
1659 2088 1846 2123 carucata
1885 2088 1987 2123 terre
2025 2086 2066 2123 in
2117 2086 2250 2125 Botel-

549 2151 783 2190 hamested‘.
843 2151 961 2188 Teste
999 2162 1088 2198 rege
1128 2152 1172 2186 ut
1211 2161 1345 2198 supra.

658 2262 899 2301 Mandatum
938 2264 998 2299 est
1036 2260 1262 2298 vicecomiti
1301 2259 1412 2297 Norf'
1452 2259 1559 2309 quod
1610 2257 1755 2296 habere
1806 2259 1928 2297 faciat
1981 2259 2156 2299 Roberto
2205 2261 2253 2299 de

551 2327 779 2371 Sotindon',
820 2324 974 2363 custodi
1012 2323 1266 2373 episcopatus
1298 2321 1577 2365 Norwicensis‚
1613 2325 1822 2359 returnum
1857 2322 2041 2360 omnium
2074 2322 2255 2362 brevium

549 2390 654 2439 regis
703 2400 778 2437 que
830 2387 878 2424 ad
936 2399 1027 2423 eum
1080 2388 1277 2423 venerunt
1328 2388 1419 2433 post
1457 2383 1709 2422 vacationem
1749 2384 1918 2433 predicti
1974 2385 2252 2435 episcopatus†

548 2451 741 2503 quamdiu
778 2449 898 2487 fuerit
937 2448 978 2485 in
1018 2461 1143 2486 manu
1183 2447 1312 2497 regis³s
1354 2450 1394 2485 et
1433 2447 1614 2485 decetero
1652 2449 1823 2484 ventura
1862 2449 1957 2485 sunt
1996 2447 2043 2486 de
2098 2448 2258 2498 placitis

549 2519 588 2553 et
652 2512 820 2563 loquelis
885 2510 1049 2549 emersis
1116 2510 1178 2548 vel
1247 2508 1549 2559 emergentibus
1613 2508 1721 2546 infra
1792 2508 2019 2548 libertatem
2086 2512 2254 2560 predicti

548 2577 800 2626 episcopatus
838 2573 1032 2624 quamdiu
1071 2573 1192 2610 fuerit
1231 2572 1272 2609 in
1311 2584 1437 2609 manu
1475 2570 1580 2620 regis
1611 2571 1748 2609 eodem
1781 2572 1900 2609 modo
1931 2585 2009 2621 quo
2043 2576 2254 2611 returnum

548 2640 649 2677 illud
706 2637 791 2675 fieri
845 2635 1055 2675 consuevit
1104 2638 1284 2684 tempore
1342 2634 1418 2671 Th.
1476 2633 1681 2683 quondam
1738 2634 2006 2673 Norwicensis
2063 2635 2252 2685 episcopi,

550 2700 790 2751 superstitis,
831 2702 870 2737 et
907 2698 1011 2748 quod
1057 2697 1110 2735 sis
1149 2697 1278 2734 eidem
1317 2695 1492 2734 Roberto
1531 2695 1572 2732 in
1611 2695 1809 2733 auxilium
1855 2696 1897 2734 in
1949 2696 2029 2734 hiis
2079 2711 2155 2750 que
2206 2699 2255 2737 ad

549 2763 774 2813 predictum
827 2764 1038 2798 returnum
1090 2759 1294 2809 pertinent
1331 2763 1370 2796 et
1419 2757 1509 2795 aliis
1547 2770 1621 2807 que
1666 2758 1925 2797 commodum
1974 2762 2013 2797 et
2060 2760 2254 2800 honorem

549 2825 653 2876 regis
691 2823 912 2873 respiciunt
950 2821 1095 2860 melius
1134 2820 1407 2870 expediendis.

659 2937 719 2975 De
757 2935 988 2974 narratione
1027 2934 1241 2973 descensus
1300 2933 1349 2972 ab
1401 2932 1722 2972 antecessoribus
1771 2933 1813 2971 in
1852 2932 1961 2971 brevi
1999 2934 2046 2972 de
2084 2937 2193 2974 recto
2231 2949 2254 2973 a

552 3004 732 3049 tempore
771 2998 825 3037 H.
866 2998 970 3046 regis
1009 2996 1116 3035 senis
1155 2996 1253 3034 anni
1292 2999 1332 3034 et
1364 2995 1457 3039 diei,
1492 2995 1699 3045 provisum
1733 2999 1793 3033 est
1825 2996 1930 3045 quod
1963 2996 2143 3035 decetero
2173 3011 2255 3036 non

552 3063 624 3101 fiat
661 3059 911 3109 computatio
958 3072 981 3096 a
1029 3061 1113 3096 tam
1161 3058 1383 3108 longinquo
1431 3060 1612 3107 tempore
1659 3060 1719 3095 set
1756 3071 1779 3095 0
1816 3060 1995 3106 tempore
2042 3059 2147 3108 regis
2200 3060 2254 3098 H.

552 3125 616 3163 avi
663 3121 817 3161 domini
866 3121 995 3170 regis3
1054 3123 1094 3158 et
1141 3119 1288 3158 habeat
1335 3120 1469 3158 locum
1518 3119 1596 3157 ista
1634 3119 1870 3158 constitutio
1916 3123 1955 3158 et
1992 3120 2170 3170 vigorem
2209 3122 2258 3159 ad

553 3187 818 3225 Pentecosten
876 3195 983 3220 anno
1040 3182 1143 3231 regis
1193 3181 1312 3220 istius
1361 3182 1442 3232 xxj.
1496 3184 1535 3219 et
1587 3194 1668 3219 non
1719 3184 1825 3227 ante,
1876 3183 1915 3219 et
1963 3180 2098 3220 brevia
2146 3184 2257 3233 prius

552 3250 768 3298 impetrata
805 3245 1036 3295 procedant.
1108 3244 1227 3293 [Note
1247 3244 1290 3281 in
1311 3244 1380 3281 the
1400 3244 1575 3293 margin]
1608 3246 1862 3292 Appi-obatur.

963 3344 977 3358 ⁸
994 3345 999 3356 ¹
1016 3341 1060 3371 Et
1089 3340 1275 3371 Robertum
1305 3340 1347 3372 de
1380 3339 1581 3380 Waneting’
1614 3340 1729 3371 erased
1757 3340 1846 3371 here.

1118 3395 1134 3431 †
1159 3392 1262 3423 These
1286 3393 1393 3424 words
1416 3393 1532 3424 erased
1547 3393 1582 3423 in
1597 3392 1692 3424 MSS.
