2375 3587
221 222 302 264 170

277 351 421 400 1235.

266 418 324 458 [m.
343 416 434 457 im]

1148 224 1335 269 GLOSE
1374 225 1580 269 ROLLS.

516 423 716 469 misimus,
756 423 824 473 qui
863 426 1023 463 strenue
1061 427 1100 463 et
1137 427 1322 474 potenter
1360 437 1429 462 sue
1466 423 1645 462 instabat
1682 424 1920 462 defensioni.
2009 424 2058 462 In
2097 423 2211 473 cujus

515 485 638 523 etiam
676 485 877 535 presentia
914 489 953 525 et
991 486 1260 536 predictorum
1299 485 1577 524 multitudinis
1615 489 1864 524 armatorum
1901 486 2051 536 juravit
2093 498 2212 535 super

514 560 652 586 verum
690 560 831 597 corpus
870 548 1021 588 Christi
1059 548 1163 599 quod
1201 560 1273 586 nec
1306 560 1444 597 pacem
1483 560 1576 586 cum
1615 560 1705 597 rege
1738 548 1907 587 Francie
1940 548 2088 587 fecerat
2138 559 2210 586 nec

512 609 635 647 etiam
685 622 777 648 cum
823 622 868 648 eo
919 612 1135 648 tractatum
1194 609 1288 647 inde
1353 609 1562 647 habuerat.
1650 609 1778 655 Licet,
1830 609 1863 647 si
1913 609 2075 659 quidem
2127 609 2210 658 ipse

512 683 658 717 comes,
710 674 755 710 ut
805 671 1063 721 prediximus,
1115 671 1157 708 in
1209 669 1325 709 nobis
1377 670 1537 709 nullum
1585 670 1776 720 repererit
1822 670 2037 718 defectum,
2085 671 2210 708 immo

512 733 627 782 juxta
681 733 987 772 conventionem
1044 733 1150 771 inter
1198 745 1270 771 nos
1323 732 1506 770 habitam
1553 735 1592 771 et
1639 733 1746 771 ultra
1800 733 1837 771 ei
1892 745 2048 782 semper
2095 732 2209 771 satis-

513 795 725 834 fecerimus
772 808 841 844 per
887 795 1010 833 finem
1058 807 1178 845 quem
1225 807 1317 833 cum
1355 807 1401 833 eo
1439 794 1609 833 fecimus
1647 795 1820 844 singulis
1858 795 2026 841 vicibus,
2066 794 2210 845 quibus

512 860 673 906 propter
698 857 773 895 hoc
801 857 851 895 ad
880 869 954 894 nos
981 856 1092 894 venit
1121 856 1183 895 vel
1213 856 1338 902 misit,
1367 859 1407 895 et
1436 857 1477 895 id
1504 856 1611 895 idem
1646 857 1778 895 adhuc
1805 857 1934 895 facere
1960 869 2031 906 pro
2060 855 2210 895 viribus

512 919 660 957 nostris
708 931 884 957 essemus
933 918 1075 967 parati,
1126 920 1263 956 tamen
1316 930 1409 956 cum
1447 918 1598 968 injuria
1651 931 1735 965 sua,
1792 921 1926 968 spreta
1987 917 2080 956 fidei
2142 930 2210 955 sue

511 980 702 1029 religione
730 983 769 1018 et
798 982 1047 1018 sacramento
1075 979 1122 1017 de
1152 979 1261 1018 fideli
1290 979 1452 1018 servitio
1480 979 1595 1018 nobis
1624 979 1805 1029 prestito,
1828 979 1916 1018 sine
1937 993 1982 1018 eo
2002 980 2107 1029 quod
2137 992 2210 1017 nos

510 1042 705 1080 diffideret
741 1042 802 1080 vel
840 1041 991 1091 aliquid
1029 1040 1144 1079 nobis
1182 1041 1404 1088 mandaret,
1445 1054 1468 1079 a
1506 1041 1622 1080 nobis
1658 1042 1820 1080 recessit
1850 1044 1889 1080 et
1923 1041 2005 1090 regi
2040 1040 2209 1079 Francie

511 1103 679 1149 adhesit,
720 1103 955 1152 homagium
993 1102 1028 1140 ei
1064 1102 1215 1141 faciens
1254 1105 1293 1141 et
1330 1103 1499 1141 reddens
1545 1103 1673 1141 eidem
1721 1103 1770 1141 ad
1818 1102 2208 1141 exhereditationem

510 1169 690 1204 nostram
734 1164 957 1214 predictum
1001 1167 1179 1203 castrum
1224 1165 1363 1204 Sancti
1411 1164 1552 1204 Jacobi
1595 1167 1634 1203 et
1679 1168 1858 1204 castrum
1905 1165 2067 1203 Celsum
2105 1164 2210 1214 quod

511 1227 765 1265 Theobaldus
817 1226 984 1275 Orespin
1041 1226 1171 1265 tenuit
1222 1227 1269 1265 de
1319 1226 1434 1265 nobis
1484 1227 1531 1265 de
1580 1227 1779 1266 comitatu
1835 1227 2115 1277 Andegavensi
2172 1228 2211 1264 et

509 1292 686 1328 castrum
724 1289 770 1326 de
809 1288 976 1338 Haroyl,
1014 1288 1120 1338 quod
1158 1290 1217 1327 est
1255 1289 1302 1326 de
1340 1289 1536 1327 comitatu
1571 1292 1710 1328 nostro
1743 1288 1934 1328 Pictavie.
1993 1289 2051 1327 Ne
2088 1287 2211 1338 igitur

511 1364 627 1400 super
664 1350 870 1400 premissis
901 1350 956 1388 rei
986 1350 1133 1391 veritas
1162 1363 1232 1389 vos
1261 1350 1402 1388 lateret
1431 1351 1493 1389 vel
1531 1364 1581 1389 ne
1610 1363 1679 1400 per
1707 1351 1880 1402 alicujus
1909 1350 2208 1400 suggestionem

509 1413 645 1451 minus
682 1412 896 1451 veridicam
935 1412 1146 1450 crederetis
1184 1412 1441 1462 aliquatenus
1480 1413 1634 1451 dictum
1673 1413 1863 1451 comitem
1901 1425 1970 1462 per
2007 1412 2209 1450 defectum

509 1478 693 1513 nostrum
750 1488 772 1512 a
840 1473 954 1513 nobis
1022 1475 1242 1521 recessisse,
1299 1474 1494 1524 premissa
1559 1474 1768 1514 sanctitati
1834 1478 1964 1514 vestre
2030 1474 2209 1513 seriatim

509 1537 698 1575 duximus
746 1537 989 1582 intimanda,
1030 1537 1300 1586 supplicantes
1349 1537 1546 1576 attentius
1595 1537 1786 1587 quatinus
1834 1536 1967 1586 ipsum
2005 1536 2208 1583 comitem,

510 1603 555 1638 ut
602 1599 651 1638 ad
698 1599 908 1637 servitium
956 1602 1140 1637 nostrum
1188 1602 1228 1637 et
1274 1599 1511 1638 fidelitatem
1569 1602 1750 1638 nostram
1805 1599 1938 1638 redeat
1997 1602 2036 1637 et
2093 1611 2212 1648 super

509 1661 702 1711 peccunia
740 1674 762 1698 a
799 1660 914 1699 nobis
952 1664 1111 1710 recepta
1147 1663 1186 1699 et
1224 1661 1365 1699 castris
1404 1660 1594 1710 predictis
1632 1674 1701 1710 per
1746 1660 1881 1710 ipsum
1920 1661 2003 1710 regi
2044 1660 2211 1699 Francis

509 1723 689 1761 liberatis
737 1721 853 1760 nobis
900 1722 1135 1768 satisfaciat,
1184 1735 1254 1771 per
1307 1734 1519 1761 censuram
1580 1721 1894 1762 ecclesiasticam
1955 1722 2209 1762 coherceatis.

509 1785 628 1824 Teste
667 1798 730 1823 me
769 1784 854 1834 ipso
892 1785 997 1834 apud
1038 1784 1457 1823 Westmonasterium.

621 1912 1026 1963 Wiywnioe—Abbas
1073 1913 1120 1951 de
1168 1913 1370 1951 Evesham
1418 1914 1639 1952 attornavit
1687 1913 1871 1963 priorem-
1907 1917 1946 1952 et
1988 1913 2209 1963 supriorem

507 1975 555 2014 de
594 1975 798 2014 Evesham
838 1975 878 2012 in
916 1975 1074 2024 loquela
1111 1987 1186 2024 que
1225 1975 1475 2013 summonita
1513 1979 1573 2014 est
1611 1988 1745 2014 coram
1783 1975 1947 2014 domino
1985 1989 2075 2026 rege
2106 1975 2211 2014 inter

507 2037 640 2087 ipsum
680 2036 865 2075 abbatem
904 2039 943 2075 et
982 2037 1207 2075 Walter-um
1246 2037 1293 2075 de
1332 2037 1445 2076 Bello
1486 2038 1638 2087 Campo
1677 2038 1724 2076 de
1762 2037 2002 2088 quibusdam
2050 2037 2210 2088 injuriis

507 2099 635 2137 eidem
674 2098 809 2137 abbati
846 2111 916 2148 per
952 2098 1086 2148 ipsum
1127 2098 1351 2136 Walterum
1390 2099 1438 2137 de
1476 2099 1591 2137 Bello
1622 2099 1774 2149 Campo
1807 2099 1937 2146 factis,
1975 2102 2019 2138 ut
2049 2099 2209 2138 dicitur.

508 2161 626 2199 Teste
666 2173 770 2211 rege.

617 2289 915 2338 Stiff’.—Hug0
971 2289 1019 2327 de
1077 2289 1190 2336 Veer,
1250 2302 1383 2328 comes
1444 2289 1610 2336 Oxonie,
1659 2291 1880 2329 attornavit
1919 2291 2120 2340 Rogerum
2159 2290 2207 2328 de

507 2352 694 2389 Audhain
742 2354 781 2390 et
830 2351 1051 2389 Robertum
1098 2352 1134 2390 le
1183 2351 1373 2402 Serjaunt
1420 2364 1557 2390 versus
1605 2351 1827 2390 Robertum
1874 2352 2006 2390 filium
2064 2351 2204 2398 Alicie‚

506 2416 723 2462 petentem,
762 2414 810 2451 de
848 2413 993 2462 viginti
1032 2416 1071 2452 et
1109 2414 1185 2464 iiij.
1208 2414 1311 2452 acris
1350 2417 1452 2453 terre
1490 2426 1582 2452 011111
1621 2414 1878 2463 pertinentiis
1921 2414 1963 2452 in
2004 2414 2206 2452 Audham.

614 2559 975 2607 Norf'.—Claricia
1024 2571 1123 2597 uxor
1170 2559 1363 2598 Willelmi
1409 2560 1446 2598 10
1495 2559 1648 2598 Mercer
1694 2560 1915 2599 attornavit
1955 2560 2206 2599 Willelmum

506 2620 637 2658 virum
685 2633 803 2658 suum
850 2633 987 2659 versus
1035 2620 1287 2659 Willelmum
1331 2621 1378 2659 de
1425 2621 1649 2659 Plumsted'
1698 2624 1737 2660 et
1785 2622 2005 2661 Goditham
2043 2634 2207 2660 uxorem

505 2682 604 2732 ejus,
652 2682 853 2731 Rogerum
901 2682 1106 2721 Forheved
1145 2686 1184 2720 et
1228 2683 1474 2721 Willelmum
1512 2683 1548 2721 10
1588 2683 1713 2729 Το101·,
1754 2686 1953 2730 tenentes,
1992 2684 2040 2722 de
2079 2683 2208 2723 tribus

506 2743 723 2793 mesuagiis
761 2756 853 2782 cum
892 2744 1147 2793 pertinentiis
1184 2744 1227 2781 in
1265 2744 1459 2783 Norwico.

611 2848 791 2897 Rogerus
858 2847 906 2885 de
973 2847 1191 2886 Mortemer
1246 2847 1468 2886 attornavit
1531 2848 1750 2886 Ricardum
1806 2849 1869 2887 del
1926 2849 2012 2900 Kay
2068 2861 2207 2888 versus

506 2909 770 2948 Godefridum
808 2909 855 2947 de
893 2909 1072 2955 Midlers,
1112 2912 1330 2955 tenentem,
1371 2910 1418 2948 de
1456 2909 1673 2948 medietate
1711 2910 1833 2949 unius
1880 2914 2064 2949 carucate
2102 2913 2206 2950 terre

505 2984 598 3009 cum
637 2970 893 3020 pertinentiis
931 2971 973 3008 in
1012 2971 1184 3020 Rising’.

612 3115 1032 3163 mucia—Dionisia,
1061 3115 1147 3154 filia
1175 3116 1333 3154 Radulfi
1360 3117 1407 3154 de
1438 3116 1682 3166 Hastingel',
1714 3117 1937 3156 attornavit
1966 3117 2205 3156 Michaelem

504 3178 552 3216 de
589 3178 777 3223 Neuton',
808 3177 940 3215 virum
989 3190 1120 3224 suum,
1161 3191 1298 3216 versus
1336 3178 1586 3217 Willelmum
1624 3179 1671 3216 de
1710 3178 1934 3225 Herdesol',
1975 3178 2205 3217 Johannem

505 3240 552 3278 de
590 3239 807 3277 Herdesol'=
836 3241 875 3277 et
914 3241 1114 3288 Rogerum
1152 3240 1200 3278 de
1238 3240 1424 3278 Herdsol'
1471 3240 1518 3278 de
1556 3240 1916 3278 consuetudinibus
1954 3242 1993 3279 et
2030 3240 2206 3279 serviciis

505 3314 580 3351 que
618 3301 785 3350 predicti
826 3300 1000 3340 Michael
1038 3304 1077 3340 et
1116 3301 1300 3340 Dionisia
1339 3304 1484 3351 petunt
1522 3314 1658 3341 versus
1701 3302 1899 3352 predictos
1943 3302 2207 3349 Willelmum,

507 3363 739 3401 Johannem
778 3365 816 3401 et
857 3363 1058 3412 Rogerum
1098 3363 1145 3401 de
1183 3365 1415 3402 tenemento
1453 3363 1495 3401 in
1537 3362 1693 3402 Cumb'.
