2375 3587
255 202 338 242 400

313 324 453 370 1236.

309 391 367 429 [m.
395 390 462 429 19]

1184 207 1370 252 OLOSE
1414 207 1620 251 ROLLS.

656 401 734 438 Pro
777 403 961 440 Willelmo
994 405 1036 441 (Ie
1066 403 1326 451 Ralegl'.—Et
1355 404 1595 443 mandatum
1627 407 1686 443 est
1718 404 1848 443 eidem
1879 406 1985 455 quod
2021 405 2063 443 in
2098 405 2247 444 foresta

548 462 652 510 regis
689 462 736 501 de
783 464 998 503 Bernwud'
1036 465 1158 504 faciat
1207 464 1353 503 habere
1403 466 1608 505 Willelmo
1655 467 1702 505 de
1750 467 1887 516 Raleg’
1928 467 1972 518 ij.
2022 468 2162 505 damas
2208 470 2247 506 et

549 523 591 573 ij.
631 523 771 573 bissas‚
809 527 857 565 de
891 527 996 566 dono
1034 527 1151 577 regis.
1225 527 1342 566 Teste
1381 530 1426 567 ut
1465 542 1599 578 supra.

654 612 894 654 Mandatum
950 620 1010 656 est
1078 617 1376 657 constabulario
1443 617 1564 655 Dovr'
1621 617 1727 666 quod
1783 617 1968 666 quotiens
2032 616 2243 663 Robertus,

543 673 759 714 advocatus
854 678 1044 725 Bethun’,
1133 679 1312 718 decetero
1386 677 1540 717 venerit
1613 678 1662 716 ad
1744 681 1907 727 portum
1992 678 2115 717 Dovr’
2196 679 2246 716 ad

543 737 890 777 transfretandum
938 754 1074 780 versus
1120 744 1254 791 partes
1301 753 1393 779 suas
1440 740 1503 778 vel
1551 739 1592 777 in
1635 740 1833 778 veniendo
1881 740 1922 777 in
1963 740 2151 789 Angliam
2199 741 2246 778 de

543 798 726 847 partibus
795 802 890 848 suis,
954 816 1035 841 non
1106 803 1301 853 impediat
1371 803 1505 852 ipsum
1576 802 1673 852 quin
1744 815 1882 840 versus
1950 805 2083 851 partes
2154 815 2245 840 suas

542 862 802 902 transfretare
848 868 888 903 et
938 865 980 903 in
1034 868 1152 915 portu
1209 878 1279 904 suo
1334 865 1534 914 applicare
1591 864 1718 914 possit
1775 877 1866 903 cum
1923 864 2019 903 illuc
2075 865 2242 903 venerit.

546 922 664 962 Teste
702 927 747 963 ut
785 939 917 975 supra.

652 1029 730 1065 Pro
775 1032 960 1069 abbatissa
1006 1034 1049 1069 ‹le
1098 1033 1321 1078 Gmlestowe,
1362 1034 1405 1068 de
1446 1030 1952 1070 renaaona—Mandatum
1992 1032 2052 1068 est
2090 1031 2245 1079 Rogero

543 1089 721 1128 vadletto
757 1091 902 1140 Rogeri
941 1093 988 1131 de
1026 1093 1243 1140 Assewell',
1283 1092 1441 1132 custodi
1480 1092 1707 1131 venationis
1747 1105 1816 1130 sue
1855 1092 1962 1141 apud
1997 1090 2243 1138 Wodestok‘,

544 1152 650 1200 quod
689 1151 834 1191 habere
874 1154 996 1193 faciat
1034 1156 1081 1193 de
1119 1155 1333 1194 venatione
1371 1155 1475 1203 regis
1514 1167 1590 1205 que
1629 1157 1688 1192 est
1726 1154 1766 1191 in
1808 1153 1991 1192 custodia
2029 1166 2101 1191 sua
2139 1153 2244 1202 apud

546 1212 775 1253 Wodestok'
815 1218 854 1254 et
892 1215 1039 1255 ibidem
1087 1220 1204 1266 capta
1252 1217 1331 1255 fuit
1378 1229 1518 1266 nuper,
1559 1217 1656 1254 dum
1705 1215 1854 1254 ibidem
1899 1228 2055 1254 moram
2096 1215 2243 1254 faceret

544 1287 624 1320 rex,
665 1276 861 1315 decimam
911 1277 1080 1317 bestiam
1119 1278 1321 1317 abbatisse
1368 1281 1406 1316 et
1449 1278 1668 1317 conventui
1707 1277 1754 1315 de
1805 1277 2042 1315 Godestowe
2080 1277 2244 1315 nomine

544 1337 708 1376 decime.
768 1339 884 1377 Teste
923 1353 1013 1389 rege
1051 1341 1157 1390 apud
1196 1341 1429 1390 Bampton',
1471 1340 1544 1389 iiij.
1587 1340 1650 1379 die
1689 1339 1937 1378 Decembris.

653 1464 727 1500 Pro
766 1466 892 1501 abbate
931 1466 972 1501 de
1015 1465 1345 1503 mrumst—Rex
1393 1464 1549 1513 Rogero
1588 1463 1634 1501 de
1683 1463 1836 1509 Essem
1888 1464 2074 1502 salutem.
2143 1466 2241 1503 Inti-

542 1528 698 1562 matum
737 1529 796 1564 est
836 1525 951 1564 nobis
999 1540 1045 1564 ex
1084 1530 1194 1576 parte
1242 1527 1385 1576 prioris
1423 1530 1463 1564 et
1508 1538 1771 1564 monacorum
1811 1525 1858 1563 de
1898 1526 2082 1563 Furneis'
2122 1528 2240 1576 quod,

542 1587 747 1626 occasione
786 1588 967 1626 mandati
1007 1589 1135 1626 nostri
1172 1589 1276 1638 quod
1316 1588 1428 1626 vobis
1469 1588 1638 1625 fecimus
1673 1587 1719 1625 de
1757 1588 1952 1636 capienda
1991 1588 2031 1625 in
2072 1602 2240 1627 manum

543 1654 723 1688 nostram
745 1650 953 1688 baroniam
992 1665 1112 1700 quam
1153 1650 1274 1689 abbas
1314 1651 1360 1689 de
1401 1651 1585 1688 Furneis'
1627 1650 1757 1688 tenuit
1795 1650 1843 1687 de
1875 1650 1991 1688 nobis
2029 1651 2072 1688 in
2111 1653 2241 1701 capite

541 1713 748 1751 occasione
787 1714 929 1751 mortis
968 1715 1146 1763 ejusdem
1186 1713 1355 1760 abbatis,
1395 1726 1464 1751 vos
1504 1713 1630 1751 seisiri
1670 1712 1823 1750 fecistis
1862 1712 1903 1749 in
1943 1726 2110 1751 manum
2149 1727 2238 1752 nos-

541 1779 647 1813 tram
686 1778 813 1814 totam
852 1776 1056 1815 abbatiam
1095 1777 1141 1814 de
1181 1777 1352 1815 Furneis
1400 1789 1492 1815 cum
1541 1775 1812 1825 pertinentiis.
1889 1777 1942 1814 Et
1991 1776 2081 1814 ideo
2129 1776 2241 1815 vobis

541 1838 782 1875 mandamus
852 1839 957 1887 quod
1014 1842 1170 1876 retenta
1226 1839 1267 1876 in
1325 1851 1449 1876 manu
1505 1840 1644 1876 nostra
1700 1838 1784 1875 sola
1850 1838 2032 1876 custodia
2088 1839 2240 1876 servitii

543 1899 734 1937 Willelmi
772 1900 844 1937 filii
883 1900 1105 1947 Michaelis,
1145 1901 1250 1950 quod
1286 1901 1393 1938 idem
1432 1899 1555 1938 abbas
1602 1899 1744 1937 habuit
1784 1899 1823 1936 in
1864 1913 1990 1938 manu
2030 1911 2102 1938 sua
2141 1900 2237 1938 dum

539 1961 639 1999 vixit
677 1967 714 1999 et
752 1962 857 2011 quod
895 1962 1041 2000 dicitur
1074 1962 1238 2000 baronia
1277 1963 1402 2011 ipsius
1443 1961 1611 2008 abbatis,
1644 1961 1751 2010 ipsos
1799 1974 1986 2000 monacos
2034 1961 2238 2000 abbatiam

540 2036 654 2061 suam
702 2037 793 2062 cum
841 2025 1028 2063 omnibus
1076 2025 1332 2074 pertinentiis
1391 2025 1472 2063 suis
1530 2025 1571 2062 in
1630 2037 1725 2074 pace
1782 2027 1918 2063 tenere
1976 2024 2237 2074 permittatis.

543 2086 658 2124 Teste
696 2099 785 2136 rege
825 2089 869 2125 ut
908 2100 1040 2136 supra.

646 2195 724 2231 Pro
771 2195 946 2232 Joleanne
993 2197 1035 2231 ‹Ie
1084 2195 1374 2233 [salma—Rex
1423 2194 1640 2232 baronibus
1692 2195 1739 2232 de
1789 2194 2010 2240 Scaccario,
2050 2194 2236 2232 salutem.

539 2255 689 2293 Datum
727 2259 787 2294 est
819 2256 933 2294 nobis
980 2257 1152 2306 intelligi
1184 2257 1288 2306 quod
1322 2270 1391 2295 vos
1425 2257 1472 2294 de
1507 2257 1586 2294 fine
1620 2269 1738 2306 quem
1774 2256 1983 2294 Johannes
2023 2257 2070 2294 de
2102 2257 2236 2295 Balun

538 2317 747 2356 nobiscum
782 2319 876 2357 fecit
907 2324 1124 2368 antequam
1161 2319 1494 2368 desponsaremus
1530 2318 1709 2368 reginam
1744 2322 1924 2356 nostram
1958 2319 2038 2356 fere
2077 2318 2239 2358 biennio

538 2379 672 2428 elapso
718 2393 861 2418 aurum
908 2381 1042 2431 regine
1105 2385 1240 2419 nostre
1287 2381 1447 2430 exigitis
1495 2393 1564 2430 per
1624 2380 1983 2418 sommonitionem
2041 2380 2237 2420 Scaccarii

538 2442 678 2480 nostri.
749 2443 802 2481 Et
841 2443 935 2493 quia
974 2444 1159 2493 iniquum
1198 2446 1302 2482 esset
1340 2443 1389 2481 ab
1422 2444 1509 2492 ipso
1543 2443 1699 2492 exigere
1732 2443 1781 2480 ad
1814 2444 1919 2492 quod
1953 2456 2035 2481 non
2064 2446 2236 2490 tenetur,

538 2516 630 2542 cum
669 2505 824 2542 nullam
863 2505 1101 2543 haberemus
1141 2507 1321 2552 reginam
1361 2509 1539 2554 tempore
1593 2518 1670 2555 quo
1708 2505 1831 2543 finem
1876 2504 2088 2543 nobiscum
2128 2505 2235 2552 fecit,

539 2566 649 2604 vobis
680 2567 920 2606 mandamus
949 2569 1054 2617 quod
1085 2568 1132 2606 de
1160 2568 1357 2606 demanda
1389 2568 1458 2605 illa
1489 2568 1622 2616 ipsum
1654 2567 1887 2605 Johanneiii
1922 2580 2059 2616 pacem
2091 2567 2236 2607 habere

536 2628 707 2667 faciatis.
784 2629 899 2668 Teste
938 2643 1002 2668 me
1040 2630 1126 2679 ipso
1164 2630 1270 2680 apud
1309 2629 1567 2678 Mei-leberge,
1607 2629 1676 2679 vij.
1717 2629 1779 2667 die
1816 2629 2062 2670 Decembris.

644 2743 722 2779 Pro
755 2756 847 2790 resse.
914 2744 969 2779 De
1013 2744 1172 2790 flammis
1219 2742 1691 2780 emendis,—Mandatum
1723 2744 1783 2780 est
1813 2742 2039 2780 vicecomiti
2079 2742 2236 2781 Wiltes’

536 2804 640 2852 quod
670 2803 748 2841 emi
778 2804 898 2842 faciat
928 2804 966 2841 in
999 2803 1119 2842 ballia
1149 2818 1220 2842 sua
1249 2805 1490 2854 quingentas
1522 2804 1696 2852 gallinas
1729 2807 1869 2842 contra
1899 2804 2058 2842 instans
2087 2805 2234 2842 festum

539 2865 693 2903 Natalis
747 2865 913 2903 Domini
952 2869 990 2904 et
1039 2880 1104 2904 eas
1151 2866 1297 2904 habeat
1345 2867 1450 2915 apud
1490 2865 1741 2903 Wintoniam
1789 2865 1830 2902 in
1878 2866 2018 2914 vigilia
2065 2867 2234 2916 predicti

537 2927 629 2964 festi
667 2928 903 2976 tempestive
962 2927 1188 2966 liberandas
1236 2927 1395 2966 ballivis
1444 2928 1549 2976 regis
1596 2927 1759 2965 ibidem.
1838 2928 1893 2965 Et
1933 2930 2094 2966 custum
2131 2929 2235 2977 quod

537 2987 583 3026 ad
633 2987 708 3026 hoc
755 2988 932 3037 posuerit
978 3001 1046 3026 rex
1093 2989 1128 3027 ei
1176 2989 1287 3027 reddi
1336 2989 1456 3026 faciet
1504 2987 1667 3026 ibidem.
1728 2988 1845 3027 Teste
1884 3001 1948 3026 me
1996 2988 2082 3038 ipso
2129 2989 2235 3038 apud

537 3048 782 3099 Merleberg',
822 3050 890 3100 vij.
931 3050 993 3088 die
1033 3051 1279 3090 Decembris.

643 3128 797 3166 Eodem
836 3129 954 3166 modo
997 3129 1183 3167 scribitur
1230 3129 1532 3168 vicecomitibus
1582 3129 1798 3177 Suhampt’
1838 3131 1877 3166 et
1920 3128 2036 3167 Dors'
2077 3128 2233 3178 utrique

535 3189 583 3227 de
621 3190 659 3229 d.
698 3189 874 3238 gallinis.

642 3302 720 3338 Pro
771 3302 820 3341 G.
864 3302 1096 3347 Μανεεσρῑίο,
1141 3304 1270 3339 comite
1312 3302 1764 3340 Penbr'.—Mandatum
1811 3303 1871 3339 est
1919 3300 2135 3339 baronibus
2183 3302 2231 3339 de

537 3363 743 3402 Scaccario
772 3363 877 3413 quod
910 3363 957 3401 de
991 3363 1134 3402 debitis
1165 3377 1239 3414 que
1273 3364 1440 3413 exigunt
1469 3378 1491 3402 a
1524 3364 1573 3403 G.
1607 3362 1857 3410 Marescffllo,
1891 3363 2036 3402 comite
2067 3362 2227 3410 Peubr‘,
