2375 3587
148 337 174 382 1
184 338 212 383 2
221 337 247 383 3
255 335 299 384 5.

137 402 197 443 [m.
223 402 318 444 ιω]

1029 215 1081 256 19
1125 213 1332 255 HENRY
1372 213 1455 255 ΙΠ.
2013 214 2087 256 17]

500 409 950 459 Εεεειτζ-Βθςώεῄᾶιις
997 409 1044 447 (16
1091 408 1215 447 Bothi
1262 411 1301 447 et
1350 408 1478 447 Alicia
1525 421 1625 447 uxor
1662 409 1748 459 ejus
1786 410 2095 447 attornaverunt

392 473 643 512 Willelmum
697 473 745 510 de
790 472 971 510 Burneh’
1020 474 1060 510 et
1106 471 1326 510 Ricardum
1373 470 1505 508 filium
1562 471 1671 509 Petri
1728 484 1865 510 versus
1921 471 2094 521 priorem

389 535 602 585 hospitalis
631 535 678 572 de
708 534 820 573 Novo
847 534 968 580 Loco,
999 533 1302 579 deforcfflntem,
1334 533 1382 571 de
1410 533 1677 583 quadraginta
1707 533 1888 572 solidatis
1916 533 2095 572 redditus

390 610 483 636 cum
522 596 778 646 pertinentiis
815 596 857 633 in
896 597 1093 634 Dunton'.

497 690 862 741 quff’.*Eufemia
891 691 939 728 (16
970 690 1101 729 Stowe
1130 689 1351 728 attornavit
1373 689 1625 727 Willelmum
1654 689 1786 727 filium
1816 703 1934 728 suum
1958 704 2095 730 versus

389 752 643 790 Rannulfum
687 752 955 802 capellanum,
1003 751 1213 791 Simonem
1261 751 1377 789 Ketel
1425 753 1465 789 et
1512 749 1736 789 Robertum
1783 751 1830 789 de
1878 752 2094 802 Langetot,

388 818 583 861 tenentes,
624 815 670 853 de
716 814 1011 864 quinquaginta
1057 817 1096 852 et
1143 803 1298 851 duabus
1346 813 1447 852 acris
1494 815 1533 851 et
1581 825 1663 850 una
1710 813 1807 851 roda
1853 816 1955 852 terre
2002 827 2094 853 cum

388 877 644 927 pertinentiis
682 877 724 914 in
766 876 911 915 Stowe.

495 956 580 993 Rex
616 954 852 1005 justiciariis
900 955 983 993 suis
1030 954 1215 1003 proximo
1264 954 1514 992 itineraturis
1555 954 1595 991 in
1634 953 1830 992 comitatu
1889 955 2093 994 Hertford'

389 1016 574 1054 salutem.
653 1017 800 1056 Sciatis
856 1017 965 1066 quod
1015 1016 1225 1054 Johaiines
1279 1016 1405 1054 Kach'
1459 1016 1569 1054 venit
1626 1028 1761 1054 coram
1818 1016 1934 1054 nobis
1990 1018 2096 1067 apud

390 1080 587 1119 Sanctum
612 1080 877 1118 Edmundum
906 1079 970 1117 die
1002 1079 1167 1118 Sabbati
1196 1079 1380 1128 proxima
1409 1081 1503 1117 ante
1535 1078 1712 1117 mediam
1738 1079 2095 1129 Quadragesimam

388 1144 427 1180 et
465 1142 580 1191 petiit
619 1145 782 1180 terram.

506 1246 926 1297 [Suff’.]—Katerina‚
962 1259 1062 1285 uxor
1096 1245 1307 1284 Michaelis
1340 1245 1387 1283 de
1421 1244 1568 1291 Subir',
1602 1245 1823 1284 attornavit
1855 1245 2096 1285 Michaelem

388 1309 435 1346 de
484 1308 630 1355 Subir'‚
675 1309 808 1347 virum
856 1321 989 1354 suum,
1039 1321 1178 1346 versus
1225 1307 1473 1346 abbatissam
1520 1308 1568 1346 de
1615 1308 1823 1357 Meuling',
1873 1310 2095 1354 tenentem,

387 1370 434 1409 de
472 1374 613 1421 quater
651 1371 796 1421 viginti
835 1371 937 1409 acris
977 1373 1079 1409 terre
1117 1383 1210 1409 cum
1249 1369 1507 1419 pertinentiis
1546 1370 1587 1406 in
1628 1369 1811 1408 Corned‘.

494 1451 579 1489 Rex
613 1450 911 1489 constabulario
946 1463 1017 1488 suo
1051 1450 1199 1488 Dovor’
1235 1449 1422 1487 salutem.
1503 1449 1744 1487 Monstravit
1778 1448 1893 1487 nobis
1926 1449 2097 1488 dilectus

388 1514 427 1550 et
464 1512 594 1550 fidelis
632 1515 781 1558 noster,
817 1525 950 1550 comes
989 1513 1036 1550 de
1072 1512 1213 1562 Gysn',
1247 1511 1352 1561 quod
1391 1511 1491 1549 alias
1530 1523 1599 1560 per
1637 1513 1871 1560 preceptum
1910 1514 2096 1549 nostrum

387 1574 494 1613 facta
540 1574 618 1613 fuit
663 1574 872 1623 inquisitio
930 1575 972 1611 in
1027 1577 1148 1623 portu
1206 1576 1345 1612 nostro
1392 1573 1554 1618 Dovor',
1604 1575 1742 1611 utrum
1790 1573 1942 1611 scilicet
1989 1573 2095 1612 idem

387 1649 520 1675 comes
554 1639 592 1675 et
626 1637 790 1675 heredes
825 1636 887 1675 sui
919 1636 1045 1686 quieti
1079 1649 1164 1674 esse
1203 1635 1392 1674 deberent
1430 1635 1478 1673 de
1516 1635 1661 1684 paagio
1694 1636 1874 1684 parando
1908 1635 1950 1673 in
1978 1638 2096 1685 portu

388 1698 590 1748 predict0;
621 1711 690 1748 per
719 1711 841 1748 quam
872 1698 1036 1748 quidem
1066 1697 1373 1747 inquisitionem
1399 1699 1495 1734 tunc
1526 1697 1676 1734 factam
1706 1699 1842 1746 aperte
1871 1696 2094 1744 constabat,

388 1763 433 1799 ut
463 1760 573 1806 dicit,
604 1760 830 1810 predictum
860 1761 1049 1799 comitem
1079 1764 1118 1798 et
1147 1760 1313 1798 heredes
1343 1772 1436 1797 suos
1466 1771 1488 1796 a
1518 1759 1763 1808 prestatione
1793 1759 1926 1808 paagii
1956 1758 2097 1797 debere

388 1835 472 1861 esse
511 1823 667 1872 quietos
704 1822 746 1860 in
786 1825 904 1872 portu
943 1825 1082 1861 nostro
1115 1822 1306 1872 predicto,
1339 1821 1443 1860 sicut
1478 1821 1774 1870 predecessores
1813 1821 1875 1859 sui
1915 1821 2095 1860 fuerunt.

388 1885 444 1923 Et
482 1885 569 1923 ideo
601 1884 675 1924 tibi
713 1884 956 1934 precipimus
995 1884 1114 1934 quod,
1160 1884 1193 1922 si
1236 1883 1310 1923 tibi
1348 1883 1577 1922 constiterit
1618 1882 1926 1933 inquisitionem
1964 1883 2095 1932 ipsam

389 1946 444 1985 sic
482 1947 632 1986 factam
671 1946 795 1985 fuisse
832 1948 872 1985 et
909 1959 979 1996 per
1017 1946 1188 1984 eandem
1226 1945 1534 1995 inquisitionem
1582 1945 1783 1994 prefatum
1827 1945 2017 1983 comitem
2057 1948 2096 1984 et

388 2009 551 2048 heredes
609 2022 700 2047 suos
756 2008 1063 2047 immunitatem
1119 2008 1233 2046 illam
1280 2007 1425 2046 habere
1481 2006 1635 2053 debere,
1686 2010 1730 2045 tu
1778 2007 1951 2045 eundem
1999 2010 2097 2046 tunc

388 2071 588 2110 eundem*
616 2071 806 2110 comitem
836 2074 874 2109 et
907 2071 1073 2109 heredes
1107 2070 1218 2120 ejus†
1256 2069 1305 2109 ab
1340 2069 1549 2108 exactione
1583 2068 1715 2119 paagii
1753 2068 1902 2107 ibidem
1940 2069 2097 2119 quietos

388 2146 472 2172 esse
511 2134 736 2184 permittas.
808 2133 926 2172 Teste
970 2146 1061 2183 rege
1106 2133 1212 2182 apud
1256 2132 1550 2182 Framelingh'‚
1599 2145 1636 2171 x.
1684 2131 1747 2170 die
1795 2131 1950 2170 Marcii.
2022 2132 2098 2171 Per

388 2208 536 2246 regem.

496 2275 580 2314 Rex
619 2275 845 2314 vicecomiti
883 2274 991 2313 Leic'
1027 2276 1066 2313 et
1097 2274 1204 2312 War’
1244 2273 1430 2312 salutem.
1506 2273 1548 2311 Si
1581 2272 1814 2323 Stephanus
1843 2272 1891 2310 de
1923 2272 2096 2323 Segrave

388 2337 588 2376 invenerit
643 2336 717 2376 tibi
773 2336 922 2375 bonam
979 2338 1019 2375 et
1075 2335 1343 2375 sufficientem
1402 2335 1661 2374 securitatem
1714 2333 1900 2372 veniendi
1958 2347 2093 2373 coram

389 2399 606 2438 baronibus
637 2399 786 2437 nostris
816 2399 864 2437 de
900 2398 1107 2438 Seaccario
1141 2411 1164 2436 a
1196 2398 1259 2436 (116
1293 2397 1446 2437 Pasche
1480 2397 1522 2435 in
1554 2410 1618 2435 xv.
1655 2396 1739 2434 dies
1773 2396 1823 2434 ad
1861 2399 2095 2446 compotum

389 2475 507 2500 suum
545 2461 792 2500 reddendum
830 2463 869 2499 et
907 2461 957 2499 ad
995 2460 1320 2510 respondendum
1355 2460 1402 2498 de
1442 2459 1703 2499 comitatibus
1742 2472 1842 2508 quos
1876 2458 2020 2497 habuit
2052 2459 2094 2497 in

389 2537 515 2563 manu
564 2537 636 2563 sua
684 2523 733 2562 ad
785 2523 1015 2562 faciendum
1064 2523 1157 2560 inde
1209 2522 1314 2572 quod
1365 2522 1413 2560 de
1463 2521 1551 2572 jure
1600 2521 1728 2560 facere
1777 2519 1948 2567 debebit,
1997 2523 2095 2560 tunc

390 2589 515 2625 terras
554 2598 646 2624 suas
684 2588 722 2623 et
760 2585 907 2623 catalla
944 2584 987 2622 in
1026 2583 1149 2623 ballia
1187 2586 1269 2630 tua,
1301 2596 1377 2633 que
1416 2583 1557 2632 cepisti
1605 2582 1647 2621 in
1695 2595 1865 2620 manum
1913 2584 2094 2621 nostram

389 2648 597 2688 occasione
635 2647 783 2686 defalte
822 2660 944 2697 quam
983 2659 1110 2696 nuper
1142 2646 1237 2685 fecit
1275 2658 1411 2685 coram
1450 2644 1670 2684 baronibus
1709 2645 1757 2683 de
1794 2644 2017 2691 Scaccario‚
2059 2644 2094 2683 ei

389 2710 600 2761 replegiari
651 2709 774 2748 facias
818 2712 857 2748 et
904 2709 975 2747 illa
1018 2709 1054 2747 ei
1104 2709 1145 2746 in
1195 2721 1291 2758 pace
1343 2707 1541 2746 dimittas.
1628 2707 1684 2746 Et
1731 2719 1824 2745 cum
1873 2706 2093 2756 replegiata

390 2773 541 2812 fuerint
592 2774 631 2811 et
681 2771 833 2822 plegios
880 2771 930 2810 ab
978 2784 1024 2810 eo
1071 2770 1279 2820 receperis,
1335 2772 1433 2808 tunc
1486 2769 1655 2808 nomina
1712 2769 1939 2819 plegiorum
1995 2768 2094 2808 scire

389 2835 513 2874 facias
550 2833 854 2873 vicecomitibus
892 2832 1077 2880 Eboraci,
1111 2833 1242 2879 Linc’,
1277 2832 1496 2881 Wigornie,
1537 2831 1717 2882 Noting’,
1758 2830 1903 2881 Derby,
1938 2831 2094 2877 Norht’‚

389 2897 536 2944 Rotel',
584 2895 702 2943 Buk’,
752 2895 979 2941 Bedeford’‚
1028 2894 1298 2944 Cantebrigie‚
1348 2894 1569 2939 Huntind'‚
1619 2893 1688 2932 ubi
1732 2893 1839 2931 idem
1887 2892 1927 2931 S.
1968 2895 2095 2931 terras

389 2959 523 3005 habet,
562 2961 602 2997 et
639 2957 785 3008 quibus
823 2957 980 2996 litteras
1017 2961 1177 2996 nostras
1220 2957 1407 2995 misimus
1446 2957 1493 2994 de
1532 2956 1649 2995 terris
1698 2955 1780 2994 suis
1828 2954 2094 3003 replegiandis

390 3021 593 3072 quamcito
640 3020 881 3058 mandatum
928 3022 1046 3058 tuum
1093 3019 1300 3068 receperit.
1360 3019 1478 3057 Teste
1516 3031 1608 3068 rege
1646 3020 1691 3056 ut
1729 3030 1862 3067 supra.
1921 3016 1997 3054 Per
2029 3015 2090 3053 W.

389 3084 437 3122 de
474 3083 628 3132 Raleg'.

496 3162 552 3200 Et
600 3161 749 3210 singuli
795 3160 1050 3199 vicecomites
1097 3160 1265 3209 predicti
1311 3159 1464 3198 habent
1510 3160 1667 3198 litteras
1715 3158 1763 3196 de
1810 3156 1925 3195 terris
1964 3155 2092 3205 ipsius

391 3224 433 3264 S.
473 3223 754 3274 replegiandis‚
794 3234 887 3261 cum
926 3223 1146 3261 vicecomes
1184 3222 1293 3261 Leic’
1334 3225 1372 3261 et
1414 3222 1522 3261 War'
1568 3221 1826 3260 securitatem
1868 3218 2091 3268 predictam

390 3286 446 3325 eis
484 3286 584 3325 scire
621 3285 773 3324 fecerit.
850 3284 967 3323 Teste
1007 3287 1051 3323 ut
1091 3297 1224 3334 supra.

458 3386 472 3400 ³
488 3384 541 3415 Sic
564 3383 599 3414 in
623 3383 694 3414 MS.
788 3382 916 3420 †After
943 3382 1052 3423 'ejus’
1076 3381 1133 3413 the
1158 3381 1267 3413 words
1297 3386 1349 3413 ‘et
1372 3391 1489 3412 omnes
1513 3380 1613 3411 suos'
1640 3380 1723 3410 have
1747 3378 1828 3409 been
1851 3376 2032 3409 cancelled.
