2375 3587
214 140 294 178 10ss

270 269 415 318 1235.

254 335 430 376 [msam

1146 148 1331 193 OLOSE
1366 148 1570 194 ROLLs.

509 336 695 377 similiter
768 340 853 380 fieri
927 342 1113 382 volumus
1187 357 1256 393 per
1330 344 1545 382 consilium
1620 343 1905 393 predictorum.
1998 341 2198 385 Ceterum,

507 400 600 448 quia
648 402 788 441 datum
838 407 898 443 est
945 404 1059 444 nobis
1119 406 1292 455 intelligi
1361 407 1467 456 quod
1526 406 1673 445 solutio
1722 405 1868 444 finium
1920 417 2072 450 eorum,
2130 402 2200 453 qui

506 462 612 511 capti
668 464 833 504 fuerunt
888 467 929 504 in
988 467 1168 517 predicto
1224 467 1340 513 bello,
1399 480 1468 516 per
1523 468 1688 506 dilectos
1744 470 1783 506 et
1849 466 1985 505 fideles
2041 467 2200 503 nostros

504 523 722 564 Ricardum
768 528 815 566 de
861 528 998 578 Burgo
1045 532 1082 567 et
1122 529 1347 567 Walterum
1395 530 1442 567 de
1490 530 1704 568 Radeford'
1752 529 1958 578 inpeditur
2004 540 2048 567 eo
2095 525 2200 576 quod

503 597 667 635 corpora
713 589 983 638 predictorum
1029 590 1211 628 detinent
1249 591 1513 639 inprisonata,
1553 591 1809 629 intendentes
1854 602 1992 629 eorum
2037 600 2201 638 corpora

503 647 707 696 redimere,
741 650 798 689 ita
830 652 935 701 quod
969 664 1042 690 nos
1076 652 1125 689 ad
1157 659 1281 690 terras
1316 654 1354 690 et
1386 654 1621 691 tenementa
1653 665 1792 691 eorum
1826 644 1897 702 pro
1927 650 2200 700 redemptione

503 721 586 756 sua,
625 723 701 760 que
739 713 788 750 ad
834 726 907 752 nos
953 714 1141 763 pertinet,
1181 726 1255 752 1100
1293 726 1552 763 caperemus;
1602 727 1694 753 cum
1734 714 1789 753 sic
1836 714 2087 763 contingeret
2133 724 2199 750 eos

503 769 562 809 bis
593 772 749 819 redimi,
781 775 886 823 quod
917 775 1078 824 penitus
1110 775 1296 824 iniquum
1328 778 1367 813 et
1397 776 1510 814 omni
1544 776 1623 826 juri
1655 776 1863 814 dissonum
1903 788 1988 814 esse
2025 774 2197 819 videtur,

502 833 685 873 dedimus
722 836 777 874 eis
816 836 858 874 in
892 837 1094 875 mandatis
1129 837 1235 887 quod
1272 849 1437 887 corpora
1475 838 1749 887 predictorum
1782 837 1895 876 vobis
1932 837 2116 882 liberent,
2153 847 2199 874 00

502 897 637 933 tamen
686 897 742 935 eis
780 898 889 936 salvo
935 898 1054 948 quod,
1095 898 1199 937 sicut
1246 899 1369 938 moris
1417 902 1477 938 est
1523 899 1565 938 in
1604 899 1694 938 aliis
1741 899 1888 949 regnis,
1929 898 2105 937 habeant
2151 897 2199 935 de

501 957 670 1006 singulis
708 959 906 998 militibus
944 960 1173 1009 prisonibus
1207 963 1371 999 centum
1405 961 1552 1000 solidos
1586 964 1625 1000 et
1663 961 1897 1000 hernasium
1931 961 2197 1011 singulorum.

501 1019 602 1065 Quia
639 1021 760 1058 etiam
792 1021 1029 1060 venerabilis
1067 1025 1179 1072 pater
1220 1023 1268 1061 R.
1310 1023 1584 1074 Cycestrensis
1622 1024 1831 1073 episcopus
1862 1025 1900 1062 et
1937 1022 2199 1062 cancellarius

499 1083 635 1119 noster
685 1083 962 1121 executionem
1013 1084 1134 1122 officii
1187 1085 1249 1123 sui
1302 1085 1343 1123 in
1393 1088 1498 1124 terra
1550 1088 1689 1125 nostra
1742 1085 1944 1136 Hybernie
1994 1083 2199 1124 commisit

498 1142 672 1181 Roberto
719 1144 894 1191 Luterel,
935 1146 1185 1185 thesaurario
1226 1147 1366 1186 Sancti
1405 1148 1570 1186 Patricii
1609 1146 1793 1193 Dublin’,
1833 1150 1872 1185 et
1918 1159 2101 1185 neccesse
2138 1148 2198 1184 est

497 1204 601 1252 quod
657 1206 834 1244 consiliis
884 1210 923 1245 et
976 1207 1148 1257 negotiis
1201 1209 1350 1247 nostris
1407 1209 1585 1258 partium
1638 1209 1801 1247 illarum
1854 1221 1895 1247 se
1946 1208 2193 1252 immisceat;

497 1264 680 1305 dedimus
732 1267 773 1305 in
825 1269 1028 1307 mandatis
1080 1270 1299 1309 venerabili
1351 1270 1457 1320 patri
1508 1273 1555 1309 L.
1604 1270 1846 1309 Dublinensi
1898 1269 2196 1319 archiepiscopo

495 1328 600 1375 quod
649 1329 690 1366 in
740 1331 941 1379 presentia
987 1334 1119 1369 vestra
1175 1337 1214 1371 et
1265 1333 1434 1382 predicti
1482 1332 1723 1371 thesaurarii
1779 1333 1907 1371 nostri
1954 1330 2197 1370 Dublinensi

495 1394 792 1429 sacramentum
840 1392 889 1430 ab
928 1405 973 1431 eo
1006 1392 1172 1442 recipiat
1206 1395 1253 1433 de
1290 1394 1484 1433 fidelitate
1523 1394 1639 1433 nobis
1672 1396 1711 1432 et
1749 1394 1928 1444 predicto
1958 1393 2195 1433 cancellario

494 1454 631 1490 nostro
669 1453 832 1492 domino
866 1467 937 1493 suo
970 1456 1144 1505 gerenda
1177 1459 1215 1495 et
1254 1456 1301 1494 de
1333 1456 1513 1496 consiliis
1551 1456 1700 1495 nostris
1738 1456 1888 1505 pariter
1921 1458 1960 1495 et
1993 1455 2077 1494 suis
2110 1467 2193 1494 non

493 1513 729 1553 revelandis.

602 1637 1112 1688 [Hybemzw‘m]—Dominus
1159 1652 1226 1677 rex
1274 1639 1477 1688 significat
1515 1640 1561 1676 L.
1603 1638 1850 1677 Dublinensi
1889 1639 2190 1689 archiepiscopo

493 1696 672 1746 singulos
721 1699 911 1738 articulos
959 1704 1171 1739 contentos
1221 1701 1262 1738 in
1312 1702 1458 1740 litteris
1508 1701 1670 1739 directis
1721 1701 1903 1750 predicto
1951 1701 2188 1752 justiciario,

491 1771 636 1807 rogans
665 1761 857 1810 quatinus
880 1763 1102 1801 secundum
1132 1763 1305 1801 formam
1332 1763 1461 1801 eidem
1488 1763 1711 1813 justiciario
1738 1763 1830 1801 inde
1858 1763 2100 1802 demandata
2115 1762 2188 1816 [m]

489 1832 534 1858 ea
570 1822 640 1859 tali
679 1824 863 1873 prosequi
897 1827 1008 1863 curet
1042 1825 1254 1874 diligentia
1287 1837 1380 1863 cum
1415 1825 1573 1871 effectu,
1609 1837 1730 1874 quam
1764 1837 1832 1863 rex
1865 1825 2010 1864 merito
2044 1824 2188 1864 habere

488 1881 628 1921 debeat
666 1886 990 1924 commendatam
1029 1899 1121 1925 cum
1159 1887 1382 1936 gratiarum
1421 1887 1579 1925 actione
1617 1886 1793 1936 speciali.

594 1962 748 2001 Eodem
805 1964 919 2002 modo
975 1965 1214 2003 mandatum
1280 1968 1340 2004 est
1396 1965 1444 2003 G.
1502 1965 1549 2003 de
1606 1965 1843 2012 Thurevill'‚
1901 1964 2185 2004 archidiacono

487 2022 729 2062 Dublinensi
767 2028 806 2063 et
844 2025 1093 2065 thesaurario
1131 2026 1350 2077 Hybernie.

597 2137 985 2187 [Hyberm'a.]-—Rex
1016 2137 1160 2176 dilecto
1198 2140 1237 2176 et
1267 2137 1376 2176 fideli
1415 2150 1486 2176 suo
1524 2137 1696 2176 Ricardo
1734 2137 1782 2175 de
1820 2137 1957 2187 Burgo
1996 2137 2182 2176 salutem.

486 2196 588 2243 Quia
639 2199 779 2236 datum
832 2202 892 2237 est
944 2199 1059 2238 nobis
1108 2200 1283 2250 intelligi
1340 2200 1446 2250 quod
1499 2199 1647 2238 solutio
1699 2199 1845 2237 finium
1901 2199 2066 2239 illorum
2114 2199 2182 2249 qui

485 2260 589 2308 capti
642 2260 805 2299 fuerunt
868 2262 908 2299 in
961 2261 1066 2300 bello
1118 2262 1313 2316 Hibernie
1362 2275 1433 2311 per
1481 2274 1550 2300 vos
1600 2264 1639 2300 et
1690 2261 1883 2300 dilectum
1932 2264 1971 2300 et
2022 2262 2181 2300 fidelem

484 2324 670 2359 nostrum
719 2323 942 2361 Walterum
989 2324 1036 2362 de
1083 2324 1302 2370 Rideford’,
1352 2336 1398 2362 eo
1445 2324 1550 2373 quod
1594 2335 1758 2372 corpora
1806 2336 1944 2362 eorum
1992 2323 2181 2362 detinetis

483 2383 746 2432 inprisonata,
797 2385 1053 2424 intendentes
1101 2398 1266 2436 corpora
1311 2398 1450 2424 eorum
1506 2385 1700 2423 redimere
1748 2384 1804 2423 ita
1859 2385 1964 2434 quod
2011 2397 2084 2424 nos
2131 2385 2182 2423 ad

484 2447 609 2482 terras
665 2449 703 2484 et
770 2449 1001 2485 tenementa
1056 2460 1194 2486 eorum
1250 2461 1320 2497 pro
1385 2447 1661 2496 redemptione
1727 2459 1811 2492 sua,
1870 2459 1946 2496 que
2002 2447 2051 2485 ad
2107 2460 2181 2486 nos

483 2506 669 2555 pertinet,
710 2520 782 2546 nos
829 2508 1054 2558 capiamus3
1103 2522 1195 2548 cum
1244 2509 1299 2548 sic
1348 2510 1601 2559 contingeret
1648 2521 1714 2547 eos
1762 2508 1821 2546 bis
1869 2508 2025 2555 redimi,
2072 2509 2178 2559 quod

482 2568 668 2618 iniquum
706 2572 745 2607 et
783 2570 894 2608 omni
941 2570 1020 2620 juri
1058 2571 1268 2609 dissonum
1308 2583 1392 2609 esse
1429 2571 1599 2616 videtur,
1640 2569 1752 2608 vobis
1792 2570 2035 2608 mandamus
2072 2570 2179 2620 quod

482 2642 646 2680 corpora
701 2631 885 2669 omnium
942 2633 1151 2681 prisonum
1205 2632 1477 2681 predictorum
1542 2631 1720 2670 liberetis
1773 2631 1919 2670 dilecto
1974 2635 2013 2670 et
2069 2632 2178 2671 fideli

481 2695 619 2730 nostro
665 2694 719 2730 M.
759 2693 843 2731 filio
882 2694 1058 2739 Geroldi,
1098 2694 1320 2744 justiciario
1366 2697 1503 2732 nostro
1551 2692 1758 2739 Hibernie,
1798 2706 1843 2731 eo
1882 2696 2019 2732 tamen
2065 2693 2177 2733 vobis

481 2753 591 2791 salvo
639 2754 757 2803 quod,
809 2755 912 2792 sicut
964 2755 1087 2793 moris
1136 2758 1195 2793 est
1243 2755 1285 2793 10
1337 2755 1427 2793 01110
1477 2754 1623 2804 regnis,
1673 2753 1854 2793 habeatis
1906 2755 1954 2793 de
2005 2755 2177 2805 singulis

480 2814 676 2853 militibus
714 2815 943 2864 prisonibus
990 2819 1152 2855 centum
1191 2817 1338 2855 solidos
1376 2820 1416 2855 et
1453 2815 1688 2854 hernasium
1737 2816 2002 2866 singulorum,
2043 2817 2178 2855 taliter

479 2888 549 2913 vos
586 2875 780 2915 habentes
827 2876 869 2914 in
908 2877 983 2916 hoc
1021 2891 1070 2916 110
1108 2878 1150 2915 10
1190 2878 1391 2917 solutione
1437 2877 1583 2916 finium
1631 2877 1902 2927 predictorum
1950 2878 2175 2928 dampnum

478 2940 731 2979 incurramus
768 2944 807 2980 et
844 2955 963 2991 grave
1000 2942 1269 2992 dispendium.

583 3018 738 3057 Eodem
776 3020 895 3058 modo
933 3019 1120 3058 scribitur
1159 3021 1334 3059 Waltero
1373 3021 1420 3058 de
1458 3020 1687 3070 Rydeford'.

583 3097 668 3134 Rex
716 3097 892 3146 predicto
939 3099 1161 3148 justiciario
1212 3100 1398 3137 salutem.
1485 3098 1599 3145 Quod
1655 3098 1765 3136 salvo
1821 3098 2073 3147 applicuistis
2128 3098 2170 3136 in

475 3158 657 3207 partibus
704 3159 897 3198 Hiberuie
943 3162 981 3198 et
1020 3161 1069 3198 ad
1115 3164 1276 3210 portum
1324 3162 1510 3210 optatum
1557 3171 1742 3208 prospere
1788 3159 2026 3208 pervenistis
2063 3163 2170 3209 post-

474 3233 595 3269 quam
652 3234 675 3259 a
730 3220 845 3259 nobis
901 3222 1133 3268 recessistis,
1192 3223 1295 3261 sicut
1352 3221 1468 3260 nobis
1524 3221 1798 3271 significastis,
1857 3225 1918 3260 est
1983 3222 2030 3260 de
2094 3235 2172 3272 quo

474 3282 695 3330 plurimum
734 3283 859 3332 gavisi
898 3296 1050 3330 sumus,
1092 3283 1203 3322 vobis
1233 3284 1507 3333 significantes
1535 3283 1641 3332 quod
1680 3295 1800 3332 penes
1828 3295 1902 3322 nos
1940 3286 1980 3322 et
2017 3286 2169 3323 statum
