2375 3587
177 303 320 351 1236.

174 370 235 410 [m.
264 369 330 411 19.]

1049 183 1099 227 *21
1144 180 1349 227 HENRY
1391 185 1472 227 III.
2036 186 2112 226 405

520 382 597 417 J'ro
638 383 846 419 hominihus
883 385 1061 431 priorisse
1099 385 1140 419 de
1180 381 1727 429 Ambresbylr'.—Mandatum
1778 384 1837 418 est
1886 378 2111 417 vicecomiti

413 441 564 479 Wiltes⁷
616 443 720 492 quod
769 444 1009 482 demandam
1058 457 1180 493 quam
1229 456 1297 493 per
1345 442 1708 480 summonitionem
1761 441 1958 480 Scaccarii
2009 440 2112 489 regis

411 502 506 541 facit
538 504 772 543 hominibus
802 506 988 555 priorisse
1018 507 1065 544 de
1095 505 1350 555 Ambresbyr'
1384 505 1424 541 111
1458 504 1579 542 bailia
1610 517 1682 541 sua
1712 504 1757 540 de
1787 503 2113 541 amerciamentis

413 565 547 604 ultimi
615 567 769 605 itineris
826 569 1144 618 justiciariorum
1203 568 1305 617 regis
1363 568 1403 605 in
1462 567 1658 605 comitatu
1714 566 1884 605 Wiltes'.
1944 570 1981 603 et
2038 579 2112 615 que

411 627 497 676 ipsa
535 629 726 678 priorissa
765 630 909 668 habere
949 631 1077 677 debet,
1112 634 1154 669 ut
1202 630 1312 669 dicit,
1354 643 1423 678 per
1461 629 1667 666 libertates
1716 629 1747 664 vi
1799 641 2006 666 concessas
2045 640 2113 676 per

411 693 540 728 cartas
586 692 912 741 predecessorum
962 706 1101 742 regum
1152 692 1296 741 Anglie
1344 696 1383 730 et
1431 690 1784 729 confirmationem
1835 691 1950 738 regis.
1992 695 2113 738 ponat

411 752 450 789 111
491 756 715 802 respectum
756 768 881 804 usque
921 755 960 792 in
1020 768 1083 792 xv.
1124 754 1207 792 dies
1260 767 1282 792 a
1335 754 1398 791 die
1439 753 1580 792 Sancti
1634 752 1798 790 Hillarii
1849 764 1955 789 anno
2004 751 2113 799 regni

410 815 536 852 nostri
588 816 683 865 xxj„
739 821 783 854 ut
837 822 933 855 tunc
987 817 1139 855 sciatur
1190 829 1325 854 coram
1380 815 1597 853 baronibus
1648 814 1751 862 regis
1804 814 1850 852 de
1906 814 2113 852 Scaccario

410 879 547 914 utrum
586 891 653 916 rex
692 879 1010 917 amerciamenta
1047 878 1133 916 -illa
1183 876 1328 916 habere
1379 877 1520 915 debeat
1570 876 1632 914 vel
1686 875 1864 925 predicta
1912 875 2113 924 priorissa.

411 937 528 977 Teste
566 952 655 989 rege
695 940 800 990 apud
841 940 1098 987 Clarendon',
1142 941 1222 991 xvj.
1274 940 1337 978 die
1377 938 1626 977 Decembris.

520 1061 578 1098 De
604 1063 819 1110 prisonibus
858 1064 1108 1100 custodiendis
1140 1064 1179 1099 in
1218 1070 1338 1099 castro
1380 1059 1799 1110 Rom-Mandatum
1838 1062 1897 1096 est
1936 1058 2115 1096 5011311111

409 1123 456 1161 de
486 1122 732 1169 Cobbeham,
762 1123 1062 1163 constabulario
1091 1123 1255 1169 Dovor',
1278 1123 1383 1172 quod
1413 1121 1593 1171 prisones
1630 1121 1736 1170 regis
1766 1133 1866 1170 (11105
1895 1120 2115 1158 vicecomes

408 1185 513 1235 regis
547 1185 699 1224 Kancie
729 1185 764 1223 ei
800 1185 986 1225 liberabit
1021 1185 1070 1223 ab
1104 1198 1149 1224 eo
1184 1185 1364 1234 recipiat,
1397 1193 1435 1222 et
1470 1185 1511 1221 in
1547 1183 1678 1232 gaiola
1714 1182 1831 1220 castri
1865 1182 1968 1231 regis
2002 1181 2114 1219 Hoffe

409 1247 518 1286 salvo
555 1248 754 1286 custodiat
791 1261 872 1286 una
906 1261 998 1287 cum
1038 1247 1270 1297 prisonibus
1310 1246 1390 1285 illis
1428 1246 1497 1296 qui
1536 1251 1631 1284 sunt
1671 1245 1712 1282 in
1752 1245 1930 1294 predicta
1968 1244 2112 1293 gaiola.

410 1308 528 1348 Teste
568 1313 613 1348 ut
653 1322 784 1359 supra.

516 1423 756 1462 Mandatum
805 1427 864 1462 est
902 1424 1073 1463 Ricardo
1111 1424 1159 1462 de
1197 1422 1425 1461 Munfichet
1472 1422 1590 1472 quod,
1632 1424 1794 1469 accepta
1842 1419 2055 1458 securitate
2093 1434 2115 1458 a

425 1485 583 1524 {oberto
622 1486 841 1524 Passelewe
881 1487 928 1524 de
966 1487 1112 1524 stando
1155 1489 1263 1524 recto
1307 1498 1440 1523 coram
1481 1497 1570 1533 rege
1609 1483 1769 1533 quando
1808 1482 2029 1532 1·›i·eceperit
2069 1483 2116 1520 de

408 1548 727 1598 transgressione
765 1562 886 1599 quam
928 1548 1114 1587 homines
1163 1547 1225 1586 5111
1266 1547 1448 1585 fecerunt
1498 1546 1539 1583 in
1579 1546 1728 1583 foresta
1767 1544 1883 1593 regis,
1923 1545 2116 1593 capiendo

408 1609 448 1647 in
488 1623 534 1648 ea
572 1624 696 1648 unam
733 1610 903 1649 bestiam
952 1611 1037 1649 sine
1076 1610 1240 1649 licentia
1288 1609 1405 1657 regis,
1447 1608 1553 1658 ipsos
1593 1607 1778 1645 homines
1822 1610 1860 1644 et
1899 1607 2117 1656 leporarios

408 1685 500 1711 suos
538 1685 584 1711 ea
619 1673 827 1711 occasione
865 1676 1004 1722 captos
1038 1671 1248 1711 deliberari
1288 1671 1422 1717 faciat,
1455 1671 1550 1720 quia
1588 1682 1655 1707 rex
1694 1669 1780 1706 vult
1815 1669 1919 1718 quod
1959 1669 2116 1719 loquela

406 1734 476 1773 illa
522 1748 655 1774 coram
704 1749 793 1786 rege
841 1735 1076 1775 deducatur.
1147 1735 1263 1775 Teste
1311 1746 1400 1783 rege
1448 1733 1553 1782 apud
1604 1732 1858 1777 Chrendon’,
1908 1731 2004 1782 xvij.
2054 1731 2116 1769 die

405 1797 650 1836 Decembris.
721 1799 952 1848 [Cancelled]
998 1800 1096 1841 Quia
1136 1798 1248 1834 aliter
1286 1798 1463 1841 inferius.

521 1920 596 1956 Pro
657 1922 810 1958 Hoberto
868 1918 1382 1957 Passerem-e.—Mandatum
1440 1923 1500 1954 est
1558 1915 1729 1953 Ricardo
1785 1915 1832 1952 de
1890 1914 2115 1953 Munfichet

405 1982 511 2031 quod
559 1995 631 2021 nec
679 1981 853 2020 Roberto
892 1981 1111 2019 Passelewe
1159 1992 1232 2019 nec
1279 1979 1399 2018 alicui
1447 1978 1662 2016 hominum
1707 1990 1870 2015 suorum
1919 1977 2114 2015 molestus

406 2045 471 2090 sit,
513 2057 584 2083 nec
627 2058 720 2094 erga
767 2045 875 2094 ipsos
922 2044 1077 2094 aliquas
1116 2043 1344 2082 occasiones
1383 2044 1521 2091 querat
1562 2040 1715 2078 ratione
1755 2039 1965 2089 cujusdam
2005 2040 2113 2077 (lami

406 2120 523 2157 quem
571 2107 735 2157 quidam
785 2106 928 2145 ribaldi
982 2106 1042 2144 sui
1097 2108 1353 2144 transeuntes
1406 2117 1497 2142 cum
1551 2116 1595 2141 eo
1647 2115 1715 2152 per
1767 2102 1957 2140 forestam
2012 2102 2115 2150 regis

406 2169 621 2208 casualiter
673 2172 863 2219 ceperunt
915 2172 954 2206 et
1006 2181 1051 2206 eo
1104 2168 1243 2213 invito,
1294 2166 1388 2217 quia
1440 2178 1507 2203 rex
1557 2165 1644 2202 vult
1681 2164 1783 2213 quod
1839 2164 1996 2213 loquela
2048 2164 2115 2201 illa

404 2245 538 2271 coram
578 2245 622 2270 eo
661 2231 881 2270 deducatur
919 2231 1080 2281 quando
1119 2229 1355 2280 preceperit.
1428 2228 1544 2266 Teste
1584 2239 1673 2276 rege
1712 2226 1817 2275 apud
1858 2225 2112 2271 Clarendon'‚

406 2293 501 2345 xvij.
542 2294 604 2332 die
643 2293 888 2332 Decembris.
965 2294 1040 2331 Per
1079 2293 1281 2331 Electum.

518 2417 590 2453 Pro
647 2417 775 2452 comite
831 2413 1353 2452 Albumarl'.—-Mandatum
1412 2416 1470 2451 est
1528 2409 1745 2448 baronibus
1802 2409 1848 2447 (10
1908 2408 2114 2448 8011003110

406 2478 510 2528 (1110(1
576 2477 817 2515 demandam
884 2476 1061 2526 plurium
1129 2475 1357 2514 debitorum
1428 2487 1549 2524 quam
1616 2485 1685 2521 per
1752 2471 2112 2510 summonitionem

409 2539 604 2579 803003111
652 2539 755 2588 regis
803 2539 959 2578 faciunt
1006 2540 1066 2576 W.
1117 2538 1255 2577 comiti
1304 2536 1534 2582 Albemarl‘,
1585 2542 1739 2584 ponant
1791 2533 1833 2571 in
1886 2536 2112 2583 respectum

406 2614 530 2652 usque
564 2602 613 2639 ad
647 2601 809 2640 octabas
846 2601 985 2640 Sancti
1022 2600 1186 2639 Hillarii
1221 2613 1328 2638 anno
1363 2598 1472 2648 regni
1510 2598 1590 2648 xxj.
1678 2597 1795 2634 Teste
1829 2599 1874 2633 ut
1909 2608 2042 2645 supra.

514 2726 593 2762 Pro
637 2725 683 2761 R.
730 2725 772 2760 cle
814 2725 977 2772 (Quem-y,
1028 2725 1158 2760 comite
1201 2719 1707 2760 Il'z'ntmiitu—Mandatum
1747 2720 1808 2755 est
1847 2717 2027 2755 Johanni
2067 2717 2113 2754 de

405 2785 550 2825 Nevill’
587 2786 692 2836 quod
731 2785 877 2823 habere
917 2785 1038 2824 faciat
1076 2786 1124 2823 R.
1166 2785 1213 2823 (10
1253 2785 1430 2834 Quency,
1467 2781 1605 2820 comiti
1645 2779 1865 2825 Wintonie,
1901 2793 1937 2816 v.
1974 2779 2112 2816 damas

405 2849 446 2887 in
487 2849 635 2888 foresta
672 2847 777 2897 regis
815 2848 863 2886 de
904 2848 1174 2893 Withlewod',
1216 2847 1263 2885 de
1302 2847 1408 2885 dono
1446 2844 1563 2894 regis.
1641 2843 1757 2881 Teste
1796 2845 1841 2879 ut
1879 2854 2012 2891 supra.

516 2988 592 3024 Pro
613 2988 816 3024 subdecano
839 2984 1452 3024 Sarrz'sbwiensi.——Mandatum
1481 2985 1541 3020 est
1568 2979 1794 3019 vicecomiti
1823 2978 1976 3018 Oxonie
2007 2978 2111 3028 quod

406 3047 648 3087 demandam
686 3061 808 3098 quam
846 3061 916 3098 per
954 3047 1314 3086 summonitionem
1369 3044 1568 3085 Scaccarii
1608 3043 1712 3092 regis
1751 3042 1847 3080 facit
1886 3040 2111 3079 subdecano

408 3110 723 3151 Sarrisburiensi
774 3110 821 3147 de
874 3123 910 3147 v.
965 3110 1112 3148 marcis
1162 3110 1211 3148 ad
1258 3121 1357 3159 quas
1407 3107 1650 3145 amerciatus
1713 3104 1790 3142 fuit
1836 3116 1907 3153 pro
1960 3103 2110 3140 defalta

406 3186 540 3213 coram
578 3172 813 3223 justiciariis
852 3173 956 3221 regis
996 3173 1141 3210 ultimo
1190 3169 1476 3210 itinerantibus
1524 3169 1566 3206 in
1615 3167 1811 3206 comitatu
1861 3165 2014 3203 Oxonie
2062 3165 2110 3202 ad

407 3236 552 3285 placita
602 3235 749 3272 foreste
797 3236 836 3272 et
883 3247 982 3284 quas
1030 3234 1241 3283 episcopus
1306 3230 1641 3272 Sarrisburiensis
1689 3227 1835 3265 habere
1887 3226 2016 3272 debet,
2066 3230 2111 3264 ut

408 3297 518 3344 dicit,
558 3309 628 3346 per
665 3295 872 3334 libertates
912 3309 1017 3342 suas,
1053 3298 1179 3345 ponat
1217 3295 1258 3333 in
1299 3296 1525 3343 respectum
1566 3304 1689 3341 usque
1729 3302 1846 3339 super
1882 3287 2111 3338 proximum

408 3361 641 3409 compotum
683 3371 801 3396 suum
842 3357 890 3396 ad
932 3358 1188 3397 Scaccarium
1228 3358 1343 3406 regis.
1422 3356 1538 3393 Teste
1577 3361 1621 3391 ut
1662 3365 1794 3401 supra.
