2375 3587
223 195 306 234 280

286 324 424 372 1236.

273 391 332 430 [m.
366 390 433 429 1⁰2

1109 207 1117 211 '
1150 201 1333 243 CLOSE
1379 200 1584 243 ROLLs.

631 392 682 427 lje
725 395 883 440 quodam
942 396 1038 432 falso
1101 396 1549 434 mmmm—Mandatum
1596 400 1655 434 est
1706 396 1865 436 ballivis
1916 396 1963 434 de
2015 395 2216 436 Aundevr’

518 453 622 500 quod
660 452 926 499 willelmum,
961 468 1081 504 quem
1119 460 1311 505 ceperunt
1350 460 1389 494 et
1427 447 1592 506 captum
1629 457 1812 495 detinent
1852 458 1959 507 apud
1999 457 2216 503 Aundevr',

519 517 558 551 et
596 513 664 563 qui
703 527 743 552 se
782 515 876 554 fecit
924 517 1117 555 nuntium
1174 517 1416 556 venerabilis
1464 517 1591 567 patris
1639 518 1687 555 R.
1729 519 1990 557 Cicestrensis
2025 518 2214 568 episcopi,

518 576 747 614 cancellarii
800 578 904 627 regis
954 582 993 616 et
1040 579 1108 628 qui
1145 579 1231 628 ejus
1278 579 1447 618 nuntius
1495 592 1577 617 non
1615 583 1688 626 est,
1729 583 1773 617 ut
1810 580 1916 619 idem
1953 580 2216 619 cancellarius

518 637 628 684 dicit,
669 640 803 677 venire
839 640 989 678 faciant
1026 654 1151 691 usque
1191 641 1443 681 Wintoniam
1482 645 1520 679 et
1555 641 1715 679 liberari
1753 642 1910 680 custodi
1947 642 2076 691 gaiole
2114 642 2217 691 regis

518 700 611 738 ville
657 702 856 739 Wintonie
895 702 959 740 cui
996 716 1063 740 rex
1099 703 1308 741 mandavit
1345 703 1450 752 quod
1487 703 1621 753 ipsum
1670 704 1837 753 recipiat
1872 708 1910 742 et
1950 704 1990 741 in
2037 703 2215 753 predicta

519 762 649 811 gaiola
685 763 795 801 salvo
842 764 1040 802 custodiat
1087 777 1294 814 quousque
1343 778 1410 803 rex
1448 765 1558 803 aliud
1596 765 1689 804 inde
1726 766 1958 816 preceperit.
2017 766 2134 805 Teste
2173 769 2217 804 ut

519 837 651 874 supra.

626 903 682 940 Et
722 903 960 941 mandatum
1001 915 1060 943 est
1099 905 1254 943 custodi
1293 906 1469 955 predicte
1508 906 1637 955 gaiole
1672 907 1777 956 quod
1816 907 1932 944 illuni
1971 906 2136 956 recipiat
2175 910 2213 945 et

518 964 627 1002 salvo
666 965 707 1002 in
757 966 935 1015 predicta
976 966 1106 1016 gaiola
1153 967 1263 1006 salvo
1310 969 1392 1019 (sic)
1438 968 1654 1015 custodia-t,
1695 969 1820 1007 donec
1872 982 1939 1007 rex
1973 969 2084 1007 aliud
2116 969 2209 1007 inde

518 1027 750 1076 preceperit.
827 1029 942 1067 Teste
981 1032 1025 1067 ut
1061 1042 1195 1079 supra.

626 1141 706 1177 Pro
757 1141 897 1188 Iz'oglero
943 1130 1279 1188 &ermom—‘Quia
1324 1145 1483 1180 constat
1524 1142 1604 1192 regi
1642 1156 1711 1192 per
1750 1143 2053 1193 inquisitionem
2092 1155 2213 1193 quani

518 1201 603 1238 fieri
645 1202 739 1239 fecit
777 1215 846 1253 per
879 1202 1123 1252 justiciarios
1162 1203 1309 1241 ultimo
1360 1203 1601 1242 itinerantes
1639 1204 1680 1242 in
1721 1205 1916 1243 comitatu
1954 1205 2066 1243 Wilt‘
2107 1204 2212 1254 quod

519 1277 591 1301 nec
628 1264 806 1313 Rogerus
842 1265 1009 1302 Gernun
1048 1278 1120 1302 nec
1167 1265 1463 1314 predecessores
1502 1266 1563 1304 sui
1612 1266 1745 1316 aliquo
1785 1270 1963 1315 tempore
2000 1279 2211 1305 consueve-

519 1331 613 1362 runt
649 1327 741 1363 dare
779 1327 924 1376 viginti
962 1327 1109 1365 solidos
1147 1328 1196 1364 ad
1230 1328 1455 1365 custodiam
1494 1328 1613 1366 castri
1652 1328 1885 1367 Divisarum
1922 1329 2000 1366 nisi
2037 1332 2214 1377 tempore

517 1400 595 1436 quo
634 1388 840 1426 Johannes
878 1389 1077 1427 Marscall'
1113 1389 1255 1427 habuit
1301 1389 1525 1427 custodiam
1565 1390 1651 1440 ejus
1698 1391 1844 1437 castri3
1881 1391 2121 1428 mandatum
2157 1393 2216 1428 est

519 1449 816 1488 constabulario
879 1451 1111 1489 Divisaruin
1177 1452 1281 1500 quod
1347 1451 1572 1501 predictum
1640 1453 1842 1502 Rogerum
1910 1452 1957 1490 de
2017 1453 2215 1490 demanda

519 1513 789 1562 predictorum
839 1527 903 1551 xx.
952 1514 1171 1552 solidorum
1209 1514 1390 1552 decetero
1438 1526 1574 1562 pacem
1616 1513 1760 1552 habere
1799 1515 2022 1563 permittat.
2100 1514 2216 1552 Teste

519 1577 564 1612 ut
602 1587 734 1624 supra.

634 1680 705 1715 Pro
726 1681 861 1716 decano
883 1687 915 1716 et
934 1680 1100 1727 capitulo
1123 1679 1801 1717 Sarrisburiensz'b‹aa—Mandatum
1830 1683 1890 1717 est
1919 1678 2216 1717 constabula-rio

522 1741 660 1780 Sancti
701 1741 892 1779 Briavelli
929 1741 1034 1791 quod
1073 1744 1237 1779 centum
1291 1754 1460 1791 quercus
1500 1741 1540 1778 in
1581 1741 1731 1779 foresta
1769 1741 1815 1778 de
1854 1741 1965 1779 Dene
2003 1754 2102 1790 quas
2149 1753 2216 1779 rex

519 1804 627 1842 dedit
660 1804 810 1842 decano
851 1811 890 1841 et
936 1803 1111 1852 capitulo
1158 1804 1305 1842 Sancte
1353 1803 1477 1841 Marie
1533 1803 1866 1842 Sarrisburiensis
1918 1803 1968 1841 ad
2021 1803 2213 1842 fabricam

519 1867 681 1905 ecclesie
722 1879 790 1904 sue
829 1870 1008 1914 tempore
1046 1878 1124 1914 quo
1161 1865 1304 1903 Petrus
1342 1866 1389 1903 de
1428 1865 1573 1904 Rivall'
1608 1864 1750 1903 habuit
1783 1865 2007 1904 custodiam
2040 1866 2215 1915 predicte

518 1929 663 1966 foreste
711 1935 749 1965 et
796 1941 894 1977 quas
941 1927 1122 1965 nondum
1171 1927 1414 1974 habuerunt,
1463 1927 1568 1965 sicut
1611 1927 1694 1976 regi
1737 1927 2005 1965 certificatum
2048 1930 2121 1974 est,
2158 1928 2215 1965 eis

519 1990 663 2028 habere
695 1990 829 2028 faciat.
889 1990 1007 2028 Teste
1046 2002 1135 2039 rege
1173 1990 1279 2039 apud
1318 1988 1580 2036 Craneburn',
1612 2002 1676 2026 xx.
1709 1989 1771 2027 die
1802 1989 1929 2027 Junii.

733 2053 808 2091 Per
847 2052 962 2091 breve
1001 2056 1043 2090 Ρ.
1092 2052 1139 2090 de
1187 2051 1330 2090 Rivall'
1378 2052 1483 2102 quod
1530 2051 1759 2090 habuerunt
1805 2052 2004 2090 directum
2056 2052 2117 2091 W.
2166 2053 2215 2090 de

791 2115 940 2155 Sancto
984 2115 1240 2164 Leodegario,
1282 2114 1502 2153 castellano
1544 2114 1711 2163 predicti
1750 2114 1869 2153 castri
1914 2117 2093 2164 tempore
2130 2127 2215 2164 pre-

787 2179 884 2217 dicti
934 2178 994 2224 P.‚
1046 2178 1151 2215 unde
1190 2177 1330 2214 datum
1369 2177 1466 2227 xxij.
1507 2177 1569 2214 die
1607 2177 1791 2215 <Ianuarii
1840 2190 1947 2215 anno
1985 2180 2062 2215 etc.
2103 2177 2213 2228 xviij.

786 2241 890 2291 apud
956 2239 1211 2284 Clarendon’‚
1269 2245 1308 2277 et
1363 2239 1468 2289 quod
1524 2239 1699 2277 decanus
1754 2242 1792 2277 et
1849 2239 2074 2288 capitulum
2131 2240 2213 2289 regi

785 2303 962 2351 integras
1003 2303 1084 2352 (sie)
1126 2301 1396 2339 reddiderunt.

625 2382 862 2420 Mandatum
901 2384 961 2419 est
1000 2379 1177 2418 Henrico
1216 2380 1263 2417 de
1294 2380 1402 2426 Dun,
1436 2380 1594 2418 custodi
1628 2380 1840 2418 domorum
1876 2380 1923 2418 de
1959 2380 2214 2426 Glarendon'‚

517 2445 622 2495 quod
673 2457 742 2493 per
790 2445 922 2481 visum
975 2442 1277 2481 forestariorum
1330 2442 1452 2479 faciat
1504 2441 1651 2479 habere
1707 2441 1933 2481 vicecomiti
1993 2442 2104 2480 Wilt’
2163 2442 2211 2480 ad

518 2507 810 2556 reparationem
859 2505 963 2554 regis
1010 2505 1221 2542 domorum
1269 2503 1371 2553 regis
1421 2504 1503 2555 (sie)
1545 2503 1587 2542 in
1636 2509 1767 2542 castro
1817 2502 2128 2542 Sarrisburiensi
2176 2508 2215 2542 et

517 2569 665 2618 capelle
698 2569 844 2607 Sancte
876 2568 1014 2606 Crucis
1044 2571 1082 2605 et
1111 2567 1322 2605 domorum
1352 2579 1427 2616 que
1460 2567 1624 2604 fuerunt
1663 2566 1838 2616 episcopi
1881 2566 2213 2605 Sarrisburiensis

518 2632 559 2669 in
599 2632 736 2669 eodem
775 2634 904 2669 castro
952 2629 1215 2667 maeremium
1263 2628 1304 2665 in
1352 2627 1501 2666 balliva
1540 2641 1612 2666 sua
1650 2632 1768 2678 prout
1806 2641 1967 2667 necesse
2006 2628 2126 2667 fuerit
2165 2629 2214 2666 ad

518 2694 676 2732 easdem
715 2693 999 2742 reparationes.
1076 2692 1195 2729 Teste
1234 2704 1325 2740 rege
1364 2694 1406 2728 ut
1447 2703 1578 2740 supra.

629 2799 704 2834 Pro
755 2799 881 2834 herede
936 2800 985 2834 εἰ.
1039 2797 1184 2833 comitis
1239 2794 1550 2841 &loisel—Quia
1598 2794 1738 2833 datum
1777 2794 1859 2844 regi
1897 2794 2068 2844 intelligi
2109 2796 2214 2845 quod

519 2860 732 2897 manifeste
798 2860 1055 2907 derogaretur
1105 2857 1190 2895 filio
1240 2863 1279 2894 et
1330 2856 1466 2894 heredi
1521 2855 1682 2894 comitis
1736 2856 1876 2894 Glouc'
1935 2856 2003 2906 qui
2058 2861 2118 2895 est
2172 2858 2213 2895 in

518 2923 699 2960 custodia
732 2922 833 2970 regis
876 2924 1076 2971 quantum
1111 2920 1159 2957 ad
1190 2919 1380 2957 chaceam
1416 2931 1530 2956 suam
1562 2919 1609 2956 de
1641 2918 1903 2965 Craneburn’,
1941 2918 1974 2957 si
2007 2919 2214 2958 johannes

518 2985 641 3034 Byset
693 2984 894 3022 clauderet
950 2983 1114 3021 boscum
1172 2994 1290 3020 suum
1348 2981 1394 3018 de
1447 2980 1700 3027 Rokeburne,
1738 2980 1841 3019 sicut
1893 2994 1960 3019 rex
2004 2981 2210 3020 licentiam

517 3047 552 3084 ei
604 3046 766 3083 dederat
812 3046 975 3083 credens
1023 3045 1127 3094 quod
1178 3043 1218 3081 id
1256 3042 1342 3080 fieri
1380 3046 1514 3092 posset
1553 3042 1638 3080 sine
1675 3042 1896 3093 prejudicio
1927 3042 2027 3092 juris
2064 3043 2208 3082 alieni:

517 3121 584 3146 rex
618 3108 728 3146 dedit
766 3107 807 3144 in
846 3106 1052 3145 mandatis
1082 3106 1211 3144 eidem
1245 3104 1423 3143 Johanni
1454 3104 1559 3154 quod
1592 3104 1639 3141 de
1669 3104 1849 3153 predicto
1879 3103 1998 3142 bosco
2031 3104 2210 3143 decetero

516 3169 738 3207 claudendo
790 3168 950 3216 penitus
1003 3171 1129 3205 cesset
1176 3169 1214 3204 et
1266 3166 1306 3203 id
1354 3165 1458 3214 quod
1510 3165 1692 3203 clausum
1731 3167 1791 3202 est
1828 3167 2069 3213 prosternat.
2153 3165 2209 3203 Et

516 3231 754 3269 mandatnm
794 3233 854 3268 est
893 3229 1040 3267 ballivo
1079 3229 1126 3266 de
1164 3227 1410 3266 Craneburn’
1451 3227 1569 3277 quod,
1600 3227 1632 3264 si
1663 3226 1864 3275 predictus
1912 3226 2122 3265 Johannes
2160 3227 2209 3265 ad

514 3294 752 3332 mandatum
804 3293 908 3341 regis
962 3292 1038 3330 hoc
1086 3304 1167 3329 non
1216 3290 1373 3328 duxerit
1427 3289 1672 3334 faciendum,
1726 3288 1810 3337 ipse
1857 3287 1897 3343 id
1945 3287 2032 3325 fieri
2071 3288 2206 3327 faciat.

517 3356 632 3394 Teste
671 3368 759 3404 rege
798 3354 904 3404 apud
938 3353 1199 3399 Craneburn',
1239 3352 1335 3402 xxij.
1375 3351 1439 3389 die
1478 3350 1605 3389 Junii.
