2375 3587
229 358 375 405 1237.

209 421 274 465 [m.
296 423 390 464 14d.]

1113 230 1165 270 21
1209 229 1416 272 HENRY
1456 231 1538 272 III.
2094 239 2173 278 531

576 425 632 460 De
669 426 975 471 'malefactoribus
1010 428 1147 471 foreste
1185 429 1294 475 renis.
1380 428 1618 466 Mandatum
1658 433 1718 467 est
1756 430 1981 469 vicecomiti
2022 432 2173 470 Oxonie

466 485 571 534 quod
628 490 753 535 ponat
810 500 879 536 per
944 488 1107 526 vadium
1173 492 1212 527 et
1279 489 1411 528 salvos
1478 490 1630 539 plegios
1687 492 1918 530 Johannem
1976 493 2068 531 Mus
2125 495 2172 532 de

468 547 709 597 Watelegh'‚
739 549 1072 587 Bartholomeum
1105 551 1346 589 servientem
1378 551 1566 589 Johanne
1596 553 1642 590 de
1671 554 1895 600 Forsthill’,
1920 555 2170 594 Willelmum

466 622 685 649 messorem
734 611 860 661 ipsius
909 612 1110 659 ι1011911119,
1161 613 1410 651 Willelmum
1460 615 1721 661 Grosmund’,
1771 617 1875 665 quod
1915 617 1997 655 sint
2035 630 2169 656 coram

465 684 555 721 rege
593 674 752 722 quando
790 674 981 724 precipiet
1019 687 1086 712 rex
1126 675 1354 724 responsuri
1393 675 1440 712 de
1479 675 1695 714 malefacto
1734 676 1879 715 foreste
1913 679 2015 727 regis
2063 681 2169 718 unde

463 735 601 773 rettati
639 740 733 774 sunt
772 740 810 774 et
849 737 1048 784 indictati,
1089 740 1128 776 et
1168 737 1419 775 Willelmum
1461 737 1589 775 filium
1628 739 1823 777 Bernardi
1862 743 1900 778 et
1947 742 2169 781 Walterum

463 797 510 835 de
549 798 678 836 Fonte
716 799 821 849 quod
861 802 958 837 tunc
998 799 1080 837 sint
1119 812 1254 838 coram
1295 813 1384 849 rege
1423 800 1651 849 responsuri
1695 814 1816 851 quare
1867 807 2169 852 receptaverunt

462 859 660 908 predictos
716 861 996 900 malefactores
1053 865 1194 900 contra
1250 874 1389 911 pacem
1447 863 1576 910 regis3
1654 866 1693 901 et
1748 863 1853 912 quod
1911 864 2056 904 habeat
2113 867 2166 905 ibi

461 922 628 961 nomina
665 923 890 973 plegiorum
929 926 968 962 et
1007 924 1081 962 hoc
1119 924 1245 963 breve.
1334 924 1451 961 Teste
1490 937 1581 973 rege
1626 928 1670 963 ut
1710 938 1841 974 supra.

568 1002 723 1040 Eodem
772 1003 892 1042 modo
941 1003 1181 1041 mandatum
1234 1006 1294 1041 est
1348 1002 1574 1041 vicecomiti
1629 1004 1727 1041 Bed'
1778 1006 1883 1054 quod
1935 1010 2060 1055 ponat
2099 1020 2167 1056 per

458 1064 621 1102 vadium
689 1068 764 1104 etc.
831 1065 1055 1104 Jordanum
1122 1066 1169 1104 de
1236 1065 1457 1110 Blunham,
1527 1065 1760 1104 Johannem
1829 1067 1876 1105 de
1942 1068 2164 1116 Blunham,

458 1126 709 1165 VVillelmum
767 1128 814 1166 de
868 1128 1090 1173 Blunham,
1150 1128 1375 1165 Heni-icum
1433 1127 1480 1164 de
1537 1127 1759 1173 Blunham‚
1811 1129 2062 1168 Willelmum
2119 1132 2166 1169 de

459 1187 679 1241 Scandeya,
727 1190 960 1229 -Johannem
1008 1191 1055 1229 (19
1098 1189 1494 1239 Wrassingewurth',
1536 1189 1758 1228 Robertum
1807 1191 1854 1229 de
1895 1192 2166 1240 Chikesaund‚

457 1250 686 1290 Ernaldum
733 1252 781 1291 de
815 1253 1212 1302 Wrassingewurth',
1249 1252 1317 1303 qui
1351 1251 1488 1290 rettati
1533 1256 1628 1290 sunt
1675 1253 1723 1291 de
1761 1253 1976 1293 malefacto
2015 1255 2162 1294 foreste

457 1314 573 1363 regis.
660 1314 777 1353 Teste
816 1328 904 1364 rege
943 1318 988 1353 ut
1028 1328 1161 1364 supra.
1205 1356 1215 1366 u

565 1393 720 1431 Eodem
759 1394 879 1431 modo
917 1394 1157 1431 mandatum
1196 1396 1256 1431 est
1294 1392 1521 1431 vicecomiti
1562 1393 1767 1443 Wigornie
1805 1394 1852 1431 de
1889 1395 2079 1433 Johanne
2117 1396 2164 1434 de

456 1455 676 1505 Wigornia,
747 1455 903 1494 10119110
952 1456 999 1493 (19
1049 1455 1271 1505 wigornia,
1324 1454 1498 1493 Roberto
1551 1455 1598 1492 de
1655 1455 1796 1502 Pider,
1853 1456 2058 1495 Willelmo
2115 1458 2163 1496 de

453 1517 594 1564 Fides,
635 1518 807 1557 Ricardo
845 1518 892 1556 de
932 1518 1101 1564 Persor'‚
1152 1518 1340 1556 Johanne
1387 1518 1435 1555 (19
1483 1517 1648 1564 Persor'‚
1690 1517 1758 1567 qui
1807 1519 1942 1557 rettati
1983 1522 2077 1558 sunt
2116 1520 2163 1558 (19

453 1580 668 1619 malefacto
706 1581 853 1619 foreste
891 1580 1010 1630 regis.
1097 1580 1214 1618 Teste
1252 1584 1296 1617 ut
1335 1592 1470 1628 supra.

562 1660 803 1698 Mandatum
843 1663 903 1698 est
943 1660 1168 1698 vicecomiti
1208 1659 1363 1697 Oxonie
1403 1659 1522 1708 quod,
1562 1659 1659 1697 visis
1698 1659 1845 1697 litteris
1885 1660 1989 1707 istis,
2029 1662 2163 1711 capiat

452 1722 653 1771 Rogerum
699 1723 746 1760 (19
794 1722 1002 1772 Hybernia
1048 1735 1119 1771 pro
1166 1721 1381 1760 malefacto
1429 1721 1575 1760 foreste
1620 1721 1723 1770 regis
1763 1722 1869 1760 unde
1908 1726 2080 1762 rettatus
2120 1728 2160 1763 et

452 1784 672 1823 indictatus
719 1788 791 1831 est,
841 1788 879 1823 et
926 1798 1018 1823 eum
1067 1784 1177 1823 salvo
1223 1782 1414 1822 custodiri
1464 1783 1586 1822 faciat
1634 1783 1760 1821 donec
1808 1797 1875 1822 rex
1919 1784 2028 1822 aliud
2068 1785 2161 1824 inde

453 1847 686 1897 preceperit.
746 1847 863 1885 Teste
911 1850 956 1886 ut
995 1860 1129 1897 supra.

561 1926 716 1965 Eodem
746 1927 866 1965 modo
896 1927 1015 1965 modo
1046 1926 1285 1964 mandatum
1315 1928 1375 1963 est
1405 1924 1631 1963 vicecomiti
1662 1924 1870 1964 Hertford'
1901 1926 1948 1963 de
1979 1926 2161 1967 Galfrido

451 1989 498 2027 de
537 1988 766 2028 Childewic'
799 1989 969 2040 juniore,
1003 1993 1041 2027 et
1078 1989 1282 2028 Willelmo
1319 1988 1366 2026 de
1405 1987 1599 2026 Grorham.
1659 1987 1776 2026 Teste
1816 2001 1906 2037 rege
1946 1992 1990 2026 ut
2025 2002 2159 2039 supra.

558 2068 712 2107 Eodem
760 2069 878 2107 modo
926 2069 1165 2107 mandatum
1213 2071 1272 2106 est
1320 2066 1546 2106 vicecomiti
1595 2066 1738 2104 Norht⁷
1788 2067 1835 2104 de
1884 2067 2062 2107 Henrico
2110 2070 2157 2108 de

450 2131 613 2177 Alecot',
654 2131 856 2169 Willelmo
894 2131 941 2170 de
980 2132 1095 2175 30(1’,
1135 2131 1323 2180 Philippo
1362 2130 1409 2167 (19
1449 2130 1652 2177 Quentun'
1702 2132 1740 2167 et
1780 2129 1982 2176 Johanne,
2033 2131 2156 2170 fratre

448 2195 547 2244 ejus,
603 2193 808 2232 Willelmo
860 2194 896 2231 19
945 2196 1031 2232 Lou
1084 2194 1131 2232 (19
1183 2194 1342 2237 Eston’,
1397 2196 1435 2230 et
1490 2191 1719 2229 Alexandro
1788 2192 1823 2229 le
1886 2193 2054 2231 Mouner
2110 2195 2157 2233 de

449 2257 679 2302 Bosenhou,
738 2256 896 2294 rettatis
953 2259 992 2294 et
1048 2255 1256 2294 indictatis
1322 2255 1368 2292 (19
1435 2253 1651 2292 malefacto
1716 2254 1861 2292 foreste
1926 2255 2031 2305 regis
2087 2269 2157 2306 per

447 2318 658 2358 viridarios
696 2322 734 2356 et
774 2318 1004 2356 forestarios
1044 2318 1162 2368 regis,
1202 2320 1240 2355 et
1278 2317 1326 2354 de
1363 2315 1538 2354 Roberto
1586 2315 1739 2353 fullone
1775 2316 1823 2354 (19
1862 2316 2156 2367 Rockingham’

448 2384 486 2420 et
525 2381 715 2423 Henrico,
766 2380 850 2419 filio
903 2381 1004 2431 ejus,
1056 2393 1129 2429 pro
1168 2382 1466 2428 receptamento
1505 2377 1777 2427 predictorum
1817 2379 2152 2426 malefactorum;

447 2448 484 2482 et
523 2457 662 2482 omnes
700 2443 899 2493 predictos
938 2443 979 2481 in
1019 2443 1183 2493 prisona
1236 2442 1340 2491 regis
1378 2440 1488 2479 salvo
1527 2440 1719 2479 custodiri
1760 2441 1883 2480 faciat
1921 2442 2046 2481 donec
2087 2456 2153 2481 rex

448 2506 558 2545 aluid
596 2505 689 2543 inde
727 2505 960 2555 preceperit.
1048 2505 1166 2542 Teste
1205 2507 1250 2541 ut
1289 2515 1420 2552 supra.

555 2585 757 2623 Walter-us
795 2584 841 2621 de
881 2584 1114 2633 Funteneys
1153 2582 1373 2620 attornavit
1421 2581 1653 2619 -Johannem
1693 2581 1729 2619 le
1768 2581 1977 2631 Flemeng'
2017 2595 2152 2622 versus

446 2646 667 2686 Robertum
723 2646 771 2684 de
818 2645 951 2684 Ballol
997 2646 1044 2683 (19
1092 2644 1241 2694 placito
1297 2644 1403 2694 quod
1459 2646 1520 2681 est
1576 2643 1682 2681 inter
1739 2655 1804 2681 eos
1857 2643 1898 2680 in
1956 2645 2151 2683 comitatu

448 2709 601 2748 Oxonie
639 2709 686 2747 de
725 2708 940 2746 medietate
980 2707 1149 2745 manerii
1189 2707 1236 2744 de
1275 2705 1537 2744 Rollesham'.
1614 2705 1730 2742 Teste
1769 2708 1814 2743 ut
1853 2718 1985 2755 supra.

551 2787 731 2836 Rogerus
760 2786 807 2824 de
836 2785 1053 2823 Neweham
1087 2785 1309 2823 attornavit
1343 2783 1544 2821 Thomam
1579 2782 1763 2821 Facehen
1798 2796 1936 2821 versus
1972 2784 2148 2823 Alanum

444 2851 491 2889 (19
530 2850 693 2888 Berton'
730 2848 771 2886 in
811 2847 959 2897 placito
996 2847 1102 2897 quod
1141 2850 1201 2885 est
1239 2847 1345 2884 inter
1383 2859 1448 2884 eos
1488 2845 1529 2883 in
1569 2845 1766 2884 comitatu
1808 2844 2062 2896 Cantebrigie
2101 2847 2148 2885 de

444 2915 586 2963 quarta
623 2913 735 2961 parte
774 2910 895 2948 unius
933 2922 1021 2947 acre
1061 2912 1163 2947 terre
1203 2921 1295 2947 cum
1334 2907 1589 2958 pertinentiis
1628 2907 1670 2944 in
1711 2907 1943 2945 Neweham.

553 2989 742 3028 Ernisius
780 2989 827 3026 de
866 2988 1127 3026 Duneheved’
1160 2987 1275 3036 ponit
1312 2987 1398 3026 1000
1437 2999 1509 3025 9110
1547 2986 1768 3025 Ricardum
1807 2987 1854 3024 de
1892 2986 2076 3026 Avelton’
2108 2991 2146 3026 et

444 3052 695 3091 Willelmum
735 3050 848 3088 Bane
877 3062 1014 3087 versus
1043 3049 1295 3086 Randulfum
1325 3049 1372 3086 de
1402 3048 1527 3098 Flury
1555 3048 1602 3086 (19
1632 3047 1787 3085 duabus
1817 3048 2013 3086 carucatis
2044 3051 2146 3087 terre

442 3129 535 3155 cum
572 3113 826 3164 pertinentiis
860 3112 902 3149 in
937 3111 1167 3162 Nyhenhid'
1203 3115 1243 3149 et
1272 3111 1448 3161 Wythel'
1479 3110 1520 3148 in
1556 3110 1753 3148 comitatu
1791 3110 1993 3157 Sumere-’3
2029 3114 2068 3148 et
2101 3111 2144 3149 in

442 3177 600 3228 loquela
637 3188 712 3225 que
751 3178 810 3213 est
848 3174 890 3211 in
929 3174 1069 3212 eodem
1103 3173 1300 3212 comitatu
1334 3173 1439 3211 inter
1488 3173 1621 3222 ipsum
1672 3172 1883 3210 Ernisium
1931 3176 1970 3210 et
2018 3173 2142 3210 Andr-²

441 3253 516 3291 que
555 3238 632 3276 fuit
671 3250 770 3275 uxor
810 3237 963 3274 Thome
1002 3236 1049 3273 de
1088 3235 1213 3285 Flury
1251 3235 1298 3273 de
1339 3248 1418 3273 una
1465 3248 1555 3273 acra
1595 3238 1698 3272 terre
1736 3235 1778 3272 in
1817 3234 1968 3271 eisdem
2007 3234 2142 3281 villis;

441 3307 479 3342 et
518 3313 655 3340 versus
703 3298 925 3337 Robertum
974 3298 1105 3336 Beset’
1154 3300 1192 3336 et
1241 3299 1522 3347 Margaretam,
1565 3309 1727 3334 uxorem
1770 3296 1868 3347 ejus,
1909 3296 1957 3333 de
1995 3296 2143 3346 placito

439 3365 545 3415 quod
584 3366 644 3401 est
692 3362 797 3400 inter
834 3373 900 3399 eos
938 3360 980 3398 in
1019 3360 1159 3398 eodem
1198 3360 1391 3398 comitatu
1438 3360 1486 3398 de
1534 3371 1615 3397 una
1662 3362 1850 3398 carucata
1898 3361 2002 3397 terre
2049 3371 2139 3398 cum

440 3424 696 3478 pertinentiis
735 3424 778 3462 in
816 3423 965 3461 eisdem
999 3422 1124 3464 ‚villis-
