2375 3587
216 203 270 243 68

284 323 426 370 1235.

276 389 420 432 [m.15.]

1156 194 1342 239 OLOSE
1387 192 1591 235 ROLLS.

628 401 757 437 [foma.
820 399 894 435 Pro
931 397 1105 434 ‚Iohanne
1146 398 1332 431 λἍγια-υκαι
1372 388 1854 429 Rmnan«›.—-]x1a11dat11111
1894 389 1953 424 est
1991 383 2215 424 vicecomiti

522 462 708 512 Salopie*
752 460 858 511 quod
904 459 1117 508 loquelam,
1158 469 1233 506 que
1279 458 1338 493 est
1385 454 1426 491 in
1474 452 1669 491 comitatu
1714 463 1785 489 suo
1832 462 1902 499 per
1949 448 2064 486 breve
2111 446 2214 495 regis

520 524 623 561 inter
657 524 856 561 Thomam
891 520 1034 559 Corbet
1072 521 1275 568 petentem
1310 520 1348 555 et
1380 515 1609 553 ‚Iohannem
1646 513 1906 556 Saracenum,
1942 510 2073 548 filium
2108 508 2215 546 Petri

521 585 722 630 Saraceni,
761 586 978 626 tenentem,
1020 582 1066 618 de
1114 593 1194 617 una
1233 579 1389 628 virgata
1428 581 1529 615 terre
1568 580 1607 613 et
1645 574 1774 613 tribus
1812 573 1994 611 solidatis
2037 571 2216 609 redditus

518 661 609 686 cum
648 645 903 696 pertinentiis
942 645 982 681 in
1022 642 1209 680 Benethl’
1245 644 1283 678 et
1317 639 1471 683 Tuder,
1505 641 1628 687 ponat
1662 637 1703 673 in
1742 638 1966 684 respectum
2005 646 2129 683 usque
2167 633 2216 670 ad

518 710 746 759 proximum
785 707 1023 746 comitatum
1063 717 1180 742 suum
1219 706 1307 751 post
1343 702 1491 739 festum
1529 698 1668 737 Sancti
1704 697 1927 742 Michaelis,
1964 708 2070 733 anno
2104 695 2215 744 regni

518 775 591 810 etc.
626 771 705 808 xix.
783 770 898 807 Teste
933 770 976 805 ut
1011 779 1142 815 supra.

631 860 704 894 l'ro
752 858 878 893 abbate
934 856 975 889 «le
1024 849 1532 899 I<⁷lc.1¹l‹¹51le’.—Mandatum
1594 850 1654 885 est
1715 845 2013 884 constabulario
2077 844 2217 883 Sancti

520 919 709 956 Briavelli
747 917 853 967 quod
890 914 1098 965 permittat
1138 912 1326 951 abbatem
1361 911 1407 948 de
1440 910 1565 947 Flexl'
1600 908 1746 946 habere
1785 907 1883 945 talia
1922 907 2144 945 esiamenta
2176 906 2218 943 in

519 981 667 1018 foresta
716 978 854 1018 Sancti
903 975 1093 1021 Briavelli
1141 975 1189 1012 ad
1237 973 1431 1011 animalia
1478 975 1516 1010 et
1564 983 1728 1020 peccora
1767 983 1851 1015 sua,
1892 969 2027 1018 qualia
2074 967 2219 1006 habere

519 1041 633 1080 debet
680 1045 718 1079 et
765 1040 909 1078 habere
956 1036 1163 1076 consuevit
1212 1040 1390 1083 tempore
1440 1034 1493 1070 H.
1534 1032 1637 1081 regis
1685 1035 1760 1070 etc.
1812 1034 1850 1069 et
1903 1031 1951 1069 R.
1992 1030 2095 1079 regis
2143 1033 2217 1068 etc.

518 1107 556 1141 et
595 1108 771 1152 tempore
808 1100 961 1139 domini
1008 1099 1111 1145 regis
1158 1103 1232 1135 etc.
1275 1109 1399 1145 usque
1439 1095 1488 1133 ad
1527 1107 1713 1143 guerram
1753 1096 1906 1131 motam
1945 1093 2050 1131 inter
2088 1092 2220 1141 ipsum

520 1178 652 1214 regem
687 1168 726 1202 et
761 1164 928 1202 barones
961 1174 1053 1199 suos
1088 1159 1246 1208 Anglie.
1324 1159 1440 1196 Teste
1473 1169 1561 1205 rege
1595 1159 1640 1194 ut
1675 1168 1808 1204 supra.

628 1255 704 1290 Pru
768 1252 950 1288 Willehno
1004 1247 1282 1286 {nonium-Rex
1353 1246 1461 1283 dedit
1511 1245 1715 1283 Willehno
1774 1243 1905 1281 Blom‘
1955 1243 2101 1281 catalla
2127 1253 2222 1290 ,que

519 1316 682 1353 fuerunt
720 1313 883 1352 Walteri
924 1310 1130 1355 Gosebert,
1172 1309 1349 1346 hominis
1393 1308 1467 1353 sui,
1508 1307 1575 1357 qui
1614 1306 1719 1356 fugit
1758 1319 1828 1355 pro
1866 1305 2075 1344 latrocinio
2118 1304 2223 1342 unde

519 1380 689 1416 rettatus
742 1376 831 1420 fuit,
873 1377 911 1412 et
950 1386 1024 1422 que
1068 1372 1287 1409 vicecomes
1338 1370 1454 1409 Suht'
1493 1369 1541 1407 ab
1580 1382 1625 1407 eo
1681 1369 1804 1417 exigit
1856 1368 1906 1406 ad
1957 1381 2056 1417 opus
2104 1367 2220 1416 regis.

520 1440 574 1477 Et
616 1438 853 1476 mandatum
897 1438 956 1473 est
1004 1433 1230 1472 vicecomiti
1281 1432 1400 1471 Suht’
1446 1432 1549 1481 quod
1593 1432 1640 1469 de
1696 1430 1852 1469 catallis
1891 1430 1973 1468 illis
2011 1442 2150 1479 pacem
2189 1429 2223 1467 ei

519 1501 662 1539 habere
700 1499 922 1549 permittat.
983 1496 1099 1533 Teste
1139 1507 1228 1542 rege
1268 1494 1373 1543 apud
1413 1493 1663 1538 Abbendon',
1705 1493 1812 1542 xxxj.
1854 1492 1915 1530 die
1954 1492 2107 1531 Marcii.

633 1589 720 1626 Ises.
790 1587 866 1622 Pro
919 1584 1101 1620 Willehno
1164 1582 1284 1618 lflom'
1338 1583 1445 1618 miss«,
1499 1583 1547 1617 ml
1592 1580 1895 1618 Insulam—Rex
1944 1579 2121 1617 Gerardo
2177 1579 2224 1616 de

520 1648 797 1688 Lambersard'
849 1650 887 1684 et
927 1645 1131 1683 Willelmo
1180 1644 1226 1681 de
1280 1643 1475 1692 Dampert
1526 1642 1712 1680 salutem.
1772 1641 1975 1680 Mittimus
2019 1640 2225 1679 vobiscum

520 1712 710 1750 dilectum
768 1714 806 1747 et
863 1708 1019 1745 fidelem
1077 1709 1261 1744 nostrum
1311 1705 1563 1743 Willelmum
1612 1704 1742 1742 Blom'
1783 1707 1827 1742 ut
1884 1716 1964 1741 una
2020 1702 2225 1741 vobiscum

520 1774 678 1812 intersit
719 1772 768 1809 ad
811 1770 970 1808 Insulas
1016 1776 1173 1806 nostras
1229 1767 1521 1805 custodiendas.
1581 1767 1635 1804 Et
1692 1766 1779 1804 ideo
1835 1764 1946 1804 vobis
1985 1765 2225 1803 mandamus

520 1836 710 1886 quatinus
747 1833 795 1871 ad
833 1833 907 1870 hoc
946 1844 1027 1868 una
1065 1829 1272 1868 vobiscum
1308 1829 1440 1878 ipsum
1480 1828 1717 1873 admittatis,
1749 1831 1788 1866 et
1821 1830 1964 1865 mutuo
2002 1826 2226 1865 adinvicem

521 1897 686 1936 consilio
732 1899 771 1933 et
819 1893 1016 1943 colloquio
1055 1891 1228 1929 utamini
1277 1891 1380 1929 circa
1427 1890 1581 1939 agenda
1633 1892 1770 1928 nostra
1820 1889 1862 1927 in
1920 1888 2102 1939 partibus
2147 1888 2226 1926 illis

521 1957 764 2008 expedienda
803 1956 851 1994 ad
890 1954 1148 1993 commodum
1184 1956 1221 1990 et
1260 1953 1453 1991 honorem
1492 1955 1689 1990 nostrum.
1749 1951 1864 1989 Teste
1904 1954 1947 1989 ut
1987 1963 2119 2000 supra.

634 2046 707 2081 I’ro
765 2044 891 2079 abbate
960 2042 1001 2077 de
1057 2038 1604 2086 (Jfsrencesm'.—-Mandatum
1680 2039 1740 2075 est
1796 2036 2023 2075 vicecomiti
2074 2036 2228 2075 Oxonie

521 2106 626 2156 quod
665 2104 847 2143 abbatem
887 2103 933 2141 de
973 2102 1235 2152 Cyrencestr’,
1272 2100 1335 2139 cui
1383 2099 1596 2149 Philippus
1642 2100 1688 2137 de
1738 2098 1964 2146 Albiniaco,
1996 2098 2063 2148 qui
2109 2098 2229 2137 habet

522 2169 568 2206 de
615 2167 737 2205 ballio
776 2165 878 2214 regis
917 2164 1144 2202 manerium
1193 2163 1239 2200 de
1298 2162 1515 2211 Bampton'
1555 2174 1648 2200 cum
1700 2161 1967 2210 pertinentiis,
2004 2161 2229 2199 manerium

522 2230 621 2267 illud
668 2229 714 2266 de
779 2227 941 2265 licentia
996 2230 1035 2263 et
1092 2225 1302 2263 voluntate
1354 2224 1457 2273 regis
1514 2223 1717 2261 commisit
1756 2223 1975 2261 tenendum
2032 2236 2054 2261 a
2127 2223 2229 2262 festo

523 2291 650 2329 sancti
701 2289 910 2328 Michaelis
974 2300 1081 2326 anno
1140 2286 1252 2336 regni
1313 2286 1468 2324 domini
1544 2285 1646 2335 regis
1710 2285 1866 2323 decimo
1931 2297 2039 2323 nono
2107 2298 2230 2335 usque

523 2354 564 2390 in
613 2356 690 2391 tres
744 2364 885 2396 annos,
934 2350 975 2387 in
1024 2349 1171 2387 seisina
1225 2348 1321 2386 dicti
1379 2347 1548 2385 manerii
1605 2360 1697 2386 cum
1740 2346 1929 2385 omnibus
1976 2347 2231 2396 pertinentiis

524 2416 605 2454 suis
659 2416 921 2452 manuteneat
992 2424 1117 2461 usque
1191 2411 1240 2448 ad
1311 2410 1537 2459 predictum
1603 2409 1837 2455 terminum,
1892 2422 1964 2447 nec
2021 2409 2230 2459 permittat

523 2478 628 2527 quod
666 2476 810 2525 aliquis
855 2475 889 2512 ei
938 2474 1101 2512 interim
1152 2473 1243 2510 inde
1291 2472 1412 2511 faciat
1454 2471 1645 2522 injuriam
1693 2478 1761 2510 aut
1806 2484 2036 2520 gravamen.
2114 2472 2230 2510 Teste

525 2552 613 2589 rege
651 2539 756 2588 apud
797 2537 1041 2582 Abbendon’,
1081 2536 1123 2586 ij.
1163 2535 1226 2573 die
1265 2534 1429 2584 Aprilis.

634 2627 710 2663 Pro
746 2626 923 2662 ,Iohanne
960 2625 1002 2660 de
1043 2621 1361 2660 messam—Rex
1408 2621 1604 2660 concessit
1643 2620 1823 2659 Johanni
1871 2621 1918 2659 de
1966 2621 2143 2660 Plesseto
2190 2622 2229 2659 id

526 2688 630 2738 quod
668 2687 717 2725 ad
756 2699 889 2735 regem
928 2685 1102 2734 pertinet
1140 2697 1209 2733 per
1247 2696 1374 2721 unum
1414 2696 1567 2721 annum
1616 2687 1653 2721 et
1701 2695 1828 2720 unum
1877 2682 1983 2720 diem
2032 2683 2079 2721 de
2126 2686 2231 2722 terra

525 2763 600 2800 que
647 2749 723 2787 fuit
771 2747 933 2786 Roberti
979 2746 1052 2784 filii
1100 2745 1264 2784 Roberti
1317 2745 1352 2783 le
1400 2745 1620 2795 Buttillyer
1666 2745 1707 2782 in
1753 2744 1897 2790 Castr',
1942 2745 2113 2794 utlagati
2159 2758 2230 2795 pro

527 2815 652 2850 morte
698 2810 888 2855 hominis,
928 2809 984 2847 ita
1032 2808 1136 2858 quod
1184 2808 1290 2846 idem
1339 2808 1548 2846 Johannes
1603 2806 1747 2845 habeat
1806 2807 1944 2845 omnia
2001 2807 2146 2845 catalla
2192 2811 2231 2846 et

527 2876 708 2913 instaura
754 2885 828 2923 que
876 2872 1039 2909 fuerunt
1085 2871 1253 2920 predicti
1301 2870 1466 2909 Roberti
1512 2869 1587 2907 filii
1649 2868 1812 2908 Roberti
1865 2869 1906 2906 in
1964 2869 2070 2908 dicta
2128 2873 2232 2908 terra

527 2937 704 2974 inventa.
780 2934 836 2972 Et
873 2933 1112 2971 mandatum
1151 2936 1210 2970 est
1249 2931 1470 2971 vicecomiti
1510 2931 1653 2970 Norht’
1695 2932 1797 2980 quod
1835 2931 1883 2969 de
1915 2931 2092 2980 predicta
2130 2935 2234 2970 terra

528 3011 619 3037 cum
657 2995 912 3046 pertinentiis
951 2998 989 3032 et
1026 2995 1072 3032 de
1111 2993 1269 3032 catallis
1313 2997 1351 3032 et
1399 2993 1590 3032 instauris
1637 2992 1826 3042 predictis
1874 2992 2002 3030 eidem
2050 2993 2229 3031 Johanni

528 3060 688 3108 plenam
727 3057 915 3096 seisinam
955 3056 1098 3094 habere
1137 3055 1271 3102 faciat,
1312 3056 1415 3094 sicut
1451 3055 1676 3105 predictum
1715 3057 1788 3093 est.
1858 3054 1974 3092 Teste
2013 3058 2057 3093 ut
2096 3068 2228 3104 supra.

530 3122 605 3159 Per
643 3121 691 3158 Gr.
730 3120 777 3157 de
817 3117 1073 3157 Craucumb'.

638 3209 729 3245 Iler.
790 3207 842 3242 De
880 3206 1105 3241 wmmodata
1144 3206 1192 3241 ad
1228 3205 1511 3253 glalz'as.—Rex
1548 3203 1706 3242 ballivis
1751 3202 1909 3242 abbatis
1946 3203 1993 3241 de
2032 3204 2231 3254 Fiscamp'

530 3270 577 3307 de
630 3267 826 3307 Winchel’
893 3266 1078 3303 salutem.
1165 3266 1406 3303 Mandamus
1467 3265 1579 3304 vobis
1636 3268 1823 3314 rogantes
1878 3265 2082 3313 quatinus,
2140 3278 2231 3304 cum

533 3330 726 3368 Paulinus
764 3329 810 3366 de
843 3327 1083 3366 Wincheles’
1124 3331 1162 3364 et
1199 3327 1396 3365 Robertus
1435 3327 1577 3365 Foster
1614 3340 1713 3376 opus
1747 3326 1962 3364 habuerint
2001 3327 2047 3364 de
2089 3327 2230 3376 viginti

1127 3405 1365 3437 *Substituted
1402 3406 1456 3436 for
1497 3405 1634 3439 ‘St-aff?
