2375 3587
174 344 320 391 1235.

165 413 226 453 [m.
258 410 328 449 11.]

1046 214 1098 255 19
1139 212 1346 253 HENRY
1387 212 1469 253 ΙΠ.
2057 211 2108 251 91

410 423 486 460 (1116
514 409 662 448 catalla
699 409 967 448 arestaveritis
997 411 1036 447 et
1064 411 1263 459 quantum
1292 407 1477 451 valeant;
1518 406 1575 444 ita
1604 409 1741 443 tamen
1770 405 1876 455 quod
1906 404 2113 442 occasione

412 473 533 522 hujus
580 472 764 509 mandati
810 471 938 510 nostri
986 484 1152 509 manum
1201 483 1282 508 non
1322 468 1495 507 mittatis
1542 468 1591 505 ad
1631 481 1703 512 res,
1745 466 2015 504 mercandisas
2053 466 2115 503 vel

410 534 557 573 catalla
585 537 854 572 mercatorum
889 533 936 572 de
965 536 1070 571 terra
1107 532 1267 571 comitis
1305 532 1353 569 de
1382 530 1554 569 Pontivo
1584 530 1646 568 vel
1677 529 1881 568 comitisse
1910 528 2112 566 Flandrie.

413 596 528 634 Teste
566 598 611 633 ut
648 608 782 645 supra.

518 673 674 712 Eodem
708 673 827 711 modo
879 673 1121 710 mandatum
1172 674 1231 710 est
1281 670 1440 710 ballivis
1492 670 1539 707 de
1589 669 1765 714 Hedun‘,
1820 668 1923 706 Novi
1972 667 2116 713 Cast-ri,

411 735 610 781 Lincoln'‚
652 734 838 773 Eboraci.

520 862 598 898 Pro
634 861 815 908 prim-issa
849 861 892 896 ‹Ie
923 858 1286 908 ›S'trqfford’.-—Rex
1325 856 1562 906 perdonavit
1594 855 1781 905 priorisse
1820 855 1866 892 de
1907 854 2115 893 Strafford'

411 922 506 972 xvij.
547 921 694 960 solidos
743 924 782 960 et
829 920 913 971 viij.
954 920 1153 966 denarios,
1199 920 1248 958 ad
1286 932 1384 970 quos
1423 918 1639 968 appretiati
1684 918 1848 955 fuerunt
1900 917 1978 954 duo
2029 916 2117 965 equi

411 990 450 1023 et
487 988 651 1030 caretta,
690 985 737 1021 de
787 997 865 1034 qua
910 983 1118 1021 Johannes
1170 981 1408 1021 carettarius
1459 994 1555 1019 suus
1591 980 1734 1018 cecidit
1785 982 1822 1017 et
1862 992 1937 1029 que
1985 978 2118 1027 ipsum

411 1047 626 1093 interfecit,
676 1050 716 1085 et
764 1047 810 1084 de
860 1045 1005 1096 quibus
1054 1045 1150 1096 xvij.
1203 1044 1340 1082 solidis
1384 1047 1423 1081 et
1463 1043 1547 1093 viij.
1588 1042 1762 1080 denariis
1802 1041 1888 1090 ipsa
1934 1040 2123 1090 priorissa

411 1110 494 1160 regi
546 1109 784 1159 respondere
829 1108 981 1153 debuit,
1032 1108 1127 1157 quia
1172 1110 1255 1145 tam
1305 1106 1401 1145 dicti
1453 1105 1543 1155 equi
1592 1118 1713 1155 quam
1762 1104 1848 1153 ipsa
1887 1106 2037 1142 caretta
2085 1102 2119 1140 ei

411 1175 692 1211 remanserunt
743 1184 811 1221 per
856 1171 1034 1220 precium
1085 1171 1324 1219 predictum.
1391 1168 1633 1206 Perdonavit
1689 1167 1810 1205 etiam
1868 1166 1996 1204 eidem
2049 1164 2119 1214 xij.

412 1235 595 1273 denarios
633 1247 732 1284 quos
769 1234 851 1283 regi
889 1233 1005 1272 debet
1043 1233 1090 1271 de
1137 1232 1294 1271 catallis
1337 1231 1548 1281 cujusdam
1594 1229 1771 1268 hominis
1807 1229 1868 1268 sui
1906 1228 1973 1278 qui
2014 1227 2119 1276 fugit

412 1310 482 1347 pro
512 1297 737 1335 latrocinio.
796 1296 852 1334 Et
891 1295 1131 1333 mandatum
1162 1297 1221 1332 est
1250 1293 1485 1345 justiciariis
1520 1290 1807 1330 itinerantibus
1843 1290 1885 1328 in
1923 1289 2119 1328 comitatu

414 1359 537 1396 Midd’
577 1359 683 1408 quod
728 1358 945 1407 predictosp
963 1357 1057 1407 xvij.
1099 1356 1245 1395 solidos
1293 1363 1332 1394 et
1370 1355 1454 1405 viij.
1495 1353 1679 1392 denarios
1728 1356 1766 1391 et
1814 1353 2011 1402 predictos
2049 1351 2119 1400 xij.

413 1421 597 1460 denarios
630 1421 678 1459 de
712 1420 854 1459 rotulis
888 1419 970 1458 suis
1009 1419 1166 1457 extrahi
1206 1422 1245 1456 et
1280 1418 1409 1468 ipsam
1440 1416 1672 1466 priorissam
1704 1415 1796 1453 inde
1829 1414 2005 1464 quietam
2037 1426 2121 1451 esse

414 1484 578 1522 faciant.
638 1483 754 1521 Teste
792 1495 882 1532 rege
920 1481 1026 1531 apud
1066 1479 1485 1525 Westmonasterium,
1525 1491 1588 1516 xv.
1629 1477 1691 1516 die
1730 1477 1841 1516 Maii.

522 1563 580 1600 Et
613 1562 853 1600 mandatum
896 1564 955 1599 est
994 1559 1222 1599 vicecomiti
1272 1559 1400 1598 Midd‘
1434 1558 1539 1609 quod
1587 1557 1621 1595 ei
1666 1557 1759 1594 inde
1796 1568 1935 1606 pacem
1974 1554 2118 1593 habere

415 1625 637 1675 permittat.

526 1750 603 1786 Pro
642 1748 811 1793 Radulfo
853 1745 1118 1784 Maru—Rex
1171 1745 1218 1783 de
1274 1743 1422 1789 debito,
1462 1743 1568 1794 quod
1613 1742 1812 1780 Radulfus
1861 1741 1959 1778 Mar'
2006 1739 2122 1778 debet

417 1811 574 1849 Abrahe
626 1810 673 1848 (16
753 1808 1054 1847 Berchamsted’
1118 1807 1260 1853 Jude),
1310 1805 1547 1856 perdonavit
1600 1804 1729 1843 eidem
1804 1803 1977 1841 Radulfo
2030 1816 2121 1840 xxx.

418 1887 585 1919 marcas,
621 1876 659 1910 et
706 1871 792 1910 vult
832 1884 899 1909 rex
937 1871 1042 1920 quod
1090 1870 1159 1907 ille
1197 1883 1289 1907 xxx.
1331 1881 1463 1907 marce
1501 1868 1631 1905 eidem
1671 1867 1799 1905 ‚Judeo
1828 1865 2052 1904 allocentur
2080 1865 2122 1902 in

417 1935 551 1974 debito
588 1935 694 1985 quod
733 1933 815 1983 regi
848 1932 978 1971 debet.
1037 1933 1092 1970 Et
1136 1932 1375 1970 mandatum
1416 1934 1476 1968 est
1527 1929 1763 1980 justiciariis
1808 1928 1857 1966 ad
1899 1927 2122 1967 custodiam

419 1998 639 2036 ‚Judeorum
687 1995 905 2045 assignatis
956 1995 1061 2044 quod
1106 1994 1239 2044 ipsum
1272 1993 1494 2031 Radult'um
1542 1993 1589 2030 (16
1628 1990 1816 2041 predictis
1856 2003 1948 2028 xxx.
1980 1989 2125 2027 marcis

418 2060 599 2110 quietum
638 2071 723 2097 esse
761 2060 800 2095 et
834 2069 899 2095 eas
937 2057 1067 2094 eidem
1107 2056 1237 2094 Judeo
1284 2055 1447 2093 allocari
1487 2054 1608 2092 faciat
1647 2054 1688 2091 in
1732 2051 1866 2091 debito
1903 2051 2009 2102 quod
2043 2050 2125 2100 regi

419 2121 548 2167 debet,
590 2121 695 2159 sicut
740 2119 965 2169 predictum
1018 2122 1091 2157 est.
1162 2118 1279 2155 Teste
1318 2120 1364 2154 ut
1414 2129 1547 2165 supra.
1616 2118 1689 2153 Per
1739 2113 1962 2152 Radulfum
1991 2112 2122 2150 filium

419 2185 454 2223 N
459 2183 618 2223 icholai.

535 2310 609 2345 Pro
657 2308 842 2345 Alienum
903 2306 1181 2353 conscmssnima
1228 2302 1634 2352 ›·e[Jz·s.—iviandatu1n
1699 2304 1759 2339 est
1829 2299 2125 2339 constabulario

422 2371 563 2410 Glouc’
603 2370 722 2420 quod,
764 2381 855 2408 cum
906 2368 1133 2417 Margareta
1179 2366 1289 2404 Biset
1335 2365 1489 2404 venerit
1538 2378 1664 2414 usque
1717 2364 1874 2410 Glouc’,
1919 2362 2128 2412 permittat

422 2434 552 2483 ipsam
605 2432 789 2471 accedere
846 2431 895 2468 ad
952 2430 1185 2467 Alienoram
1237 2427 1581 2478 consanguineam
1638 2426 1740 2476 regis
1807 2429 1846 2464 et
1897 2438 1989 2464 cum
2042 2424 2128 2474 ipsa

422 2495 666 2545 colloquium
701 2493 860 2532 habere.
918 2492 1034 2530 Teste
1072 2495 1116 2529 ut
1156 2504 1289 2541 supra.

531 2622 612 2658 Pro
653 2621 827 2667 mamm-0
880 2618 1035 2654 Roberto
1084 2618 1127 2653 cle
1179 2613 1718 2653 (⁷⁷)tt01·int0n'.—Mandatum
1771 2615 1830 2650 est
1881 2612 2035 2650 Thonie
2081 2611 2129 2648 (16

423 2683 586 2732 Langel'
625 2682 731 2731 quod
778 2679 922 2718 habere
974 2678 1096 2716 faciat
1144 2678 1338 2727 magistro
1387 2675 1561 2714 Roberto
1598 2676 1645 2713 de
1694 2674 1918 2714 Oterinton’
1958 2676 2129 2723 quatuor

424 2747 563 2784 clamos
601 2745 643 2782 in
695 2744 843 2782 foresta
895 2742 942 2780 (16
987 2741 1246 2787 Wichewud’‚
1288 2741 1335 2778 de
1383 2740 1488 2778 dono
1527 2738 1683 2777 domini
1738 2737 1854 2787 regis.
1929 2737 2045 2774 Teste
2084 2738 2128 2774 ut

424 2821 556 2858 supra.

534 2932 615 2968 Pro
654 2931 815 2968 [sabella
855 2942 922 2978 que
961 2929 1035 2970 fuit
1065 2940 1162 2964 uoeor
1200 2927 1375 2964 1ῐῖᾶίθῶΗὶ
1412 2927 1454 2962 de
1494 2922 1916 2969 Hocton’.-Isabella,
1945 2934 2021 2971 que
2051 2921 2129 2959 fuit

427 3006 526 3032 uxor
567 2992 759 3031 Willelmi
798 2992 846 3030 de
884 2990 1073 3036 Hocton’,
1105 2988 1189 3026 filia
1226 2992 1265 3026 et
1300 3001 1382 3025 una
1414 2987 1607 3025 heredum
1638 2985 1802 3024 Roberti
1830 2985 1877 3022 de
1907 2983 2128 3029 AlbiniaCO,

426 3056 520 3094 fecit
571 3054 653 3104 regi
709 3053 946 3103 homagium
998 3052 1045 3090 de
1084 3051 1212 3097 terris,
1265 3063 1341 3101 que
1376 3050 1506 3099 ipsam
1545 3049 1789 3097 contingunt
1827 3047 1875 3085 de
1909 3045 2129 3084 hereditate

426 3131 502 3168 que
539 3117 616 3155 fuit
654 3115 821 3166 predicti
860 3114 1024 3153 Roberti
1063 3116 1102 3152 et
1131 3126 1230 3163 quas
1261 3112 1457 3151 Ricardus
1487 3112 1533 3149 de
1564 3111 1603 3148 la
1633 3110 1740 3148 Lade
1778 3112 1817 3147 et
1855 3109 1984 3146 Adam
2022 3107 2129 3145 filius

428 3178 635 3224 willelmi,
655 3178 838 3216 custodes
868 3178 1121 3215 excaetarum
1149 3175 1266 3224 regis,
1296 3178 1486 3224 ceperunt
1515 3173 1557 3210 in
1589 3184 1757 3210 manum
1793 3170 1896 3220 regis
1923 3169 2128 3208 occasione

428 3241 570 3280 mortis
598 3240 765 3290 predicti
795 3238 989 3277 Willelmi
1020 3238 1224 3288 quondam
1255 3236 1330 3275 viri
1363 3236 1438 3274 sui.
1497 3236 1552 3274 Et
1583 3234 1821 3272 mandatum
1851 3235 1911 3270 est
1940 3230 2128 3280 predictis

428 3303 599 3342 Ricardo
636 3305 676 3341 et
715 3302 798 3339 Ade
835 3301 941 3352 quod
979 3300 1026 3338 de
1064 3299 1252 3350 predictis
1290 3299 1453 3348 plenam
1492 3297 1527 3336 ei
1566 3296 1758 3335 seisinam
1787 3293 1932 3333 habere
1963 3292 2127 3331 faciant.

429 3366 547 3405 Teste
584 3377 675 3415 rege
708 3363 815 3414 apud
851 3361 1273 3409 westmonasterium,
1314 3361 1393 3409 xvj.
1432 3360 1495 3398 die
1534 3358 1644 3398 Maii.
