2375 3587
257 158 342 199 480

321 288 464 336 1237.

327 354 450 395 [me]

1190 159 1374 202 CLOSE
1421 159 1626 202 ROLLS.

661 358 716 394 De
766 360 877 395 busca
928 359 1353 407 legsccti.—Mandatuin
1406 361 1466 396 est
1515 359 1568 396 H.
1622 359 1669 396 de
1718 358 1955 406 Pateshull',
2006 358 2255 396 thesaurario

554 419 669 468 regis,
709 420 816 469 quod
852 421 949 459 visis
988 421 1133 458 litteris
1171 421 1250 458 emi
1290 421 1411 459 faciat
1451 421 1499 458 ad
1537 421 1724 459 denarios
1760 421 1862 469 regis
1900 420 2045 470 viginti
2084 423 2253 458 navatae

553 480 701 519 busche
756 486 795 520 et
850 495 915 520 eas
983 482 1068 520 sine
1136 482 1328 520 dilatione
1394 482 1536 520 cariari
1601 483 1723 520 faciat
1783 490 1908 532 usque
1972 483 2021 520 ad
2085 483 2251 520 domum

554 543 776 581 Dunholm’
829 545 1080 593 episcopatus
1138 544 1282 588 Lond’,
1332 544 1373 580 in
1424 558 1503 593 qua
1554 545 1743 582 dominus
1804 545 1960 591 legatus
2022 544 2251 593 hospitatus

551 608 623 652 est,
662 607 950 655 presentandas
989 605 1135 643 ibidem
1175 605 1250 654 ipsi
1290 605 1455 644 domino
1486 606 1619 655 legato
1657 619 1703 644 ex
1735 610 1848 655 parte
1881 606 1998 655 regis,
2045 607 2121 655 [de]
2146 606 2250 643 dono

551 667 667 716 regis.
755 668 871 706 Teste
911 679 1000 716 rege
1038 667 1143 715 apud
1183 666 1389 713 Keniton’‚
1430 681 1467 705 v.
1508 668 1570 705 die
1610 667 1795 717 Augusti.

660 771 983 809 mmmm-Rex
1046 770 1281 819 justiciariis
1347 771 1395 808 ad
1461 771 1687 809 custodiam
1753 771 1973 809 Judeorum
2033 771 2250 820 assignatis

550 834 737 871 salutem.
815 833 1058 870 Mandamus
1097 833 1209 871 vobis
1247 834 1352 882 quod
1392 837 1517 871 terras
1558 834 1781 881 Margarete
1821 834 1859 871 la
1898 834 2049 883 Bigode
2091 834 2250 872 extendi

551 894 708 932 faciatis
747 907 814 945 per
853 896 1151 931 sacramentum
1201 893 1415 942 proborum
1465 901 1503 931 et
1551 894 1742 942 legalium
1792 894 2004 931 hominum
2052 898 2249 943 quantum

549 956 709 994 valeant
746 956 786 992 in
825 955 1050 995 dominicis,
1087 955 1321 999 redditibus,
1362 955 1587 1003 vilenagiis‚
1628 959 1667 993 et
1710 955 1899 993 omnibus
1942 956 2030 994 aliis
2078 955 2251 994 exitibus

551 1023 664 1063 terre,
723 1022 761 1056 et
818 1018 1037 1055 secundum
1095 1018 1271 1056 valorem
1329 1019 1548 1056 earundem
1612 1022 1807 1056 terrarum
1876 1022 1914 1056 et
1976 1018 2247 1067 quantitatem

547 1080 771 1118 debitorum
811 1079 956 1129 quibus
991 1083 1151 1117 tenetur
1190 1080 1409 1118 Benedicto
1448 1080 1630 1129 Crespin,
1671 1080 1803 1118 Mosse
1842 1080 1926 1118 filio
1974 1094 2058 1126 suo,
2100 1079 2250 1118 Jacobo

548 1142 663 1180 fratri
701 1142 826 1191 ipsius
866 1142 1075 1179 Benedicti
1114 1146 1152 1180 et
1200 1142 1332 1179 Messe
1372 1142 1455 1179 filio
1495 1156 1580 1188 suo,
1622 1142 1768 1180 Aaroni
1810 1143 1983 1188 mado,
2023 1145 2062 1181 et
2101 1142 2249 1181 Aaroni

546 1204 630 1242 filio
665 1203 836 1249 Abrahe,
868 1204 1008 1241 Judeis
1038 1205 1180 1249 Lond',
1215 1203 1496 1242 rationabilem
1532 1206 1655 1242 finem
1690 1207 1729 1243 et
1765 1205 1959 1243 terminos
1994 1204 2250 1243 rationabiles

543 1267 575 1303 ei
617 1265 762 1304 habere
800 1266 970 1304 faciatis.
1048 1266 1164 1304 Teste
1203 1279 1292 1314 rege
1327 1267 1431 1315 apud
1472 1266 1677 1312 Keniton'‚
1720 1281 1755 1304 v.
1796 1267 1858 1305 die
1898 1267 2083 1316 Augusti.

658 1375 733 1410 Pru
789 1375 1041 1409 ‹no·e‹·utn›·1'lm‚s-
1095 1374 1137 1410 J.
1195 1375 1341 1410 canticis
1404 1373 1842 1410 nuath-Mandatum
1899 1376 1958 1412 est
2022 1374 2249 1413 vicecomiti

548 1435 812 1473 Huntendon'
847 1434 951 1483 quod
1000 1447 1080 1471 non
1119 1434 1306 1472 obstante
1347 1437 1535 1483 precepto
1574 1435 1679 1483 regis
1718 1434 1752 1472 ei
1794 1435 1899 1473 facto
1937 1435 1984 1473 de
2022 1436 2178 1474 catallis
2209 1438 2248 1475 et

546 1497 673 1535 bladis
711 1510 786 1546 que
832 1496 996 1533 fuerunt
1046 1497 1082 1533 J.
1137 1497 1341 1545 quondam
1382 1496 1543 1534 comitis
1596 1497 1747 1534 Cestric
1793 1500 1831 1535 et
1883 1497 2166 1545 Huntendon’,
2206 1500 2247 1537 in

545 1559 681 1597 baillia
718 1572 791 1596 sua
830 1558 870 1595 in
909 1571 1076 1595 manum
1115 1562 1295 1596 nostram
1336 1558 1541 1607 capiendis
1581 1572 1652 1607 pro
1686 1558 1833 1596 debitis
1863 1571 1939 1608 que
1974 1560 2079 1598 idem
2115 1573 2247 1599 comes

545 1622 625 1671 regi
665 1621 803 1659 debuit
850 1621 1060 1670 permittat
1099 1624 1329 1659 executores
1369 1621 1603 1659 testamenti
1642 1622 1822 1671 ejusdem
1861 1622 2022 1660 comitis
2069 1624 2248 1672 predicta

541 1684 687 1722 catalla
724 1687 763 1722 et
802 1683 919 1721 blada
952 1684 1096 1721 habere
1128 1684 1175 1720 ad
1211 1684 1486 1721 executionem
1521 1683 1700 1733 ejusdem
1737 1684 1970 1722 testamenti
2005 1684 2244 1724 faciendam.

544 1748 661 1785 Teste
701 1750 745 1784 ut
780 1759 913 1795 supra.

650 1851 804 1889 Eodem
844 1851 961 1888 modo
1001 1849 1188 1888 scribitur
1226 1849 1531 1888 vicecomitilms
1567 1849 1794 1896 Northant'‚
1835 1851 2085 1898 Middelsex’,
2127 1854 2242 1891 Rote-

545 1913 668 1958 land’,
708 1912 933 1950 Bedeford’.

650 2008 705 2046 Et
743 2008 982 2045 mandatum
1021 2011 1080 2046 est
1115 2010 1152 2047 J.
1191 2008 1328 2046 comiti
1368 2008 1591 2053 Line-ohne,
1632 2008 1789 2046 custodi
1828 2009 2047 2047 comitatus
2078 2009 2244 2058 Cesti-ie,

540 2070 645 2120 quod
684 2070 893 2118 permittat
932 2070 1039 2118 ipsos
1077 2073 1306 2108 executores
1345 2068 1490 2107 habere
1530 2069 1648 2107 blada
1686 2073 1725 2108 et
1764 2070 1911 2108 catalla
1950 2083 2026 2119 que
2077 2071 2243 2111 fuerunt

541 2133 668 2181 ipsius
696 2131 855 2170 comitis
883 2131 924 2168 in
954 2131 1151 2169 comitatu
1182 2131 1334 2170 Cestrie
1364 2131 1411 2168 ad
1442 2131 1664 2179 predictam
1695 2131 1972 2170 executionem
2004 2132 2243 2173 faciendam.

543 2195 658 2232 Teste
698 2198 742 2231 ut
781 2205 913 2242 supra.

648 2292 702 2327 De
756 2291 850 2327 vinis
900 2291 1060 2326 emendis
1112 2291 1161 2325 (td
1215 2304 1304 2337 opus
1357 2289 1610 2336 sessim—Rex
1660 2289 1804 2340 majori
1858 2293 1896 2327 et
1942 2290 2243 2330 vicecomitibus

541 2352 687 2397 Lond’,
726 2352 911 2390 salutem.
980 2351 1222 2388 Mandamus
1261 2350 1373 2389 vobis
1407 2352 1513 2400 quod
1545 2351 1714 2400 triginta
1749 2351 1850 2389 dolis
1882 2351 1967 2389 vini
2001 2351 2244 2403 ubicumque

542 2428 586 2453 ea
638 2413 818 2463 poteritis
866 2413 1047 2450 invenire
1110 2413 1267 2451 venalia
1315 2418 1353 2451 et
1403 2413 1568 2451 meliora
1618 2413 1657 2450 in
1705 2413 1803 2451 villa
1850 2417 1988 2451 nostra
2025 2416 2246 2464 appreciari

542 2476 699 2515 faciatis
737 2476 786 2513 ad
825 2488 924 2524 opus
962 2479 1147 2512 nostrum
1186 2489 1254 2524 per
1293 2474 1436 2524 probos
1471 2479 1510 2513 et
1544 2475 1694 2524 legales
1734 2476 1920 2513 homines
1958 2476 2000 2513 in
2039 2478 2245 2526 presencia

540 2542 671 2577 vestra
708 2546 746 2575 et
783 2538 919 2575 dilecti
958 2537 1089 2575 clerici
1128 2538 1254 2575 nostri
1290 2537 1484 2575 Willelmi
1522 2537 1569 2575 de
1610 2537 1832 2582 Haverull',
1869 2539 2077 2576 camerarii
2116 2541 2244 2578 nostri

542 2601 683 2646 Lond’,
723 2600 786 2639 cui
830 2612 875 2637 ea
914 2599 1073 2637 liberari
1122 2600 1280 2638 faciatis
1329 2613 1397 2649 per
1436 2600 1615 2648 precium
1664 2600 1764 2636 illud
1811 2600 2001 2639 carianda
2047 2601 2096 2639 ad
2143 2615 2243 2652 opus

542 2668 727 2701 nostrum
766 2674 890 2710 usque
932 2662 1351 2700 Westmonasterium.
1429 2662 1546 2700 Teste
1585 2665 1629 2699 ut
1668 2674 1801 2710 supra.

652 2766 727 2801 l'ro
793 2779 903 2801 amors
963 2766 1117 2806 lfmlulsi.
1175 2767 1216 2800 ιΙι»
1278 2764 1828 2812 Marmolinsf.·--Mandatum
1893 2767 1953 2802 est
2018 2765 2244 2805 vicecomiti

541 2827 691 2866 Kancie
726 2827 844 2876 quod,
876 2830 1036 2875 accepta
1074 2826 1123 2864 ab
1153 2826 1306 2875 Agnete
1342 2840 1417 2876 que
1455 2827 1533 2864 fuit
1572 2839 1669 2864 uxor
1712 2826 1875 2864 Radulfi
1906 2826 1954 2864 de
1994 2827 2242 2878 Barmeling’

538 2889 748 2930 securitate
786 2888 889 2937 quod
928 2901 1008 2926 non
1049 2888 1255 2926 maritabit
1303 2902 1342 2926 se
1382 2889 1467 2926 sine
1503 2888 1671 2926 licencia
1714 2892 1752 2926 et
1791 2888 1998 2927 voluntate
2038 2890 2154 2939 regis,
2195 2891 2242 2929 de

540 2951 655 2990 terris
720 2954 758 2988 et
823 2950 1067 2988 tenementis
1131 2964 1206 3000 que
1272 2951 1435 2988 fuerunt
1507 2950 1673 3000 predicti
1746 2950 1821 2987 viri
1894 2950 1955 2987 sui
2021 2951 2142 2990 faciat
2207 2953 2242 2990 ei

539 3011 819 3051 rationabilem
873 3012 1007 3049 dotem
1064 3025 1179 3050 suan]
1236 3012 1447 3062 assignari.
1553 3012 1669 3050 Teste
1726 3025 1815 3061 rege
1870 3012 1977 3060 apud
2034 3013 2240 3061 Keniton’,

541 3076 610 3126 vij.
650 3074 713 3112 die
750 3073 937 3123 Augusti.

648 3196 791 3232 Contra
829 3195 1213 3241 Alemonam—Rex
1250 3194 1395 3244 majori
1439 3197 1478 3232 et
1516 3207 1732 3232 commune
1771 3194 2008 3244 Burdegaffl,
2050 3195 2238 3234 salutem.

540 3257 682 3297 Sciatis
746 3255 852 3305 quod
916 3255 1186 3293 concessimus
1251 3256 1469 3305 Alegoetto,
1537 3255 1743 3294 balistario
1809 3258 1961 3301 nostro,
2028 3256 2054 3294 l.
2119 3256 2241 3296 libras

537 3317 762 3367 Burdegale
795 3316 965 3366 singulis
999 3317 1116 3355 annis
1150 3318 1427 3367 percipiendas
1448 3318 1495 3356 de
1516 3319 1640 3363 Isaac,
1673 3317 1801 3355 Judeo
1831 3321 1969 3355 nostro
1998 3317 2237 3368 Burdegale,
