2375 3587
194 331 336 379 1237.

187 400 247 438 [m.
273 398 347 437 5‹1.]

1077 198 1128 237 21
1173 194 1376 236 HENRY
1418 193 1500 234 ΙΙΙ.
2056 187 2137 228 555

437 395 698 446 Wygorniam
737 393 844 443 quia,
877 393 1000 429 dante
1037 390 1228 435 Domino,
1264 388 1454 426 dominus
1488 400 1554 424 rex
1594 385 1689 423 illuc
1727 383 1801 422 erit
1839 395 1862 420 a
1899 380 1961 419 die
2002 379 2140 420 Sancti

439 457 649 496 Michaelis
688 456 728 494 in
767 469 831 493 xv.
867 454 964 492 dies.
1042 453 1159 491 Teste
1198 454 1242 489 ut
1282 463 1414 499 supra.

549 599 603 635 De
641 598 842 640 tricesima,
884 595 1007 631 brec-[a
1048 589 1460 642 episcoporum—Rex
1500 588 1547 626 R.
1586 584 1837 637 Cycestrensi
1876 584 2073 633 episcopo,
2110 587 2147 619 et

439 658 679 697 cancellario
726 670 810 702 suo,
860 656 1045 694 salutem.
1122 656 1229 692 Bene
1277 651 1452 691 recolitis
1500 649 1619 700 quod,
1669 660 1761 685 cum
1810 646 1858 684 ad
1905 645 2143 683 mandatum

438 724 622 759 nostrum
656 718 917 758 convenirent
948 718 1053 766 apud
1089 712 1496 754 Westmonasterium
1528 710 1570 748 in
1603 708 1756 748 octabis
1792 707 1930 746 Sancti
1970 705 2144 757 Hyllarii

438 796 545 821 anno
578 785 653 821 etc.
687 782 767 832 xxj.
801 779 1104 829 archiepiscopi,
1141 777 1329 828 episcopi,
1362 774 1538 820 abbates,
1571 772 1733 822 priores,
1768 769 1947 814 comites,
1980 768 2146 807 barones

439 845 567 884 tocius
603 843 716 894 regni
754 842 881 881 nostri
921 845 959 880 et
999 843 1221 879 tractatum
1261 837 1461 876 haberent
1500 834 1712 873 nobiscum
1763 832 1810 869 de
1855 834 1964 869 statu
2012 834 2149 868 nostro

438 911 477 946 et
524 907 637 956 regni
685 905 827 950 nostri,
876 903 1044 953 predicti
1092 899 1394 951 archiepiscopi,
1446 896 1635 947 episcopi,
1683 893 1861 939 abbates,
1907 892 2069 941 priores,
2109 895 2148 930 et

440 970 574 1009 clerici
606 972 731 1007 terras
770 966 965 1005 habentes
997 977 1074 1015 que
1114 964 1163 1002 ad
1202 962 1390 1001 ecclesias
1439 972 1532 998 suas
1581 971 1662 996 non
1709 955 1927 1006 pertinent,
1968 954 2147 1000 comites,

441 1032 622 1077 barones,
662 1029 826 1075 milites,
867 1027 981 1066 liberi
1021 1026 1207 1064 homines
1246 1037 1317 1074 pro
1357 1035 1397 1061 se
1432 1025 1470 1060 et
1511 1020 1593 1059 suis
1632 1017 1796 1057 villanis
1835 1015 1951 1054 nobis
1989 1028 2147 1054 conces-

442 1096 580 1132 serunt
637 1093 678 1130 in
727 1090 923 1130 auxilium
973 1088 1219 1127 tricesimam
1268 1088 1424 1136 partem
1479 1082 1662 1122 omnium
1722 1078 1934 1119 mobilium
1984 1091 2148 1116 suorum

442 1155 739 1206 apparentium,
772 1154 876 1192 sicut
914 1165 960 1190 ea
999 1150 1205 1189 habebunt
1243 1149 1284 1186 in
1324 1151 1549 1196 autumpno
1584 1144 1625 1182 in
1665 1142 1842 1182 crastino
1876 1140 2150 1179 Exaltationis

446 1218 593 1257 Sancte
640 1216 779 1255 Crucis
826 1228 934 1253 anno
981 1214 1134 1259 eodem,
1185 1211 1347 1261 quando
1395 1208 1512 1247 blada
1570 1219 1642 1245 sua
1701 1204 1852 1242 fuerint
1912 1203 2150 1247 coadunata,

445 1280 628 1319 videlicet
674 1280 721 1317 de
769 1277 911 1323 bladis,
968 1275 1135 1321 cai-ucis,
1194 1273 1348 1318 ovibus,
1406 1270 1535 1309 vaccis
1605 1267 1747 1319 porcis,
1805 1265 1991 1311 haraciis,
2042 1265 2152 1315 equis

445 1343 649 1382 caretariis
705 1339 921 1390 assignatis
978 1339 1026 1376 ad
1083 1335 1381 1387 waygnagium,
1422 1337 1461 1372 et
1519 1332 1609 1371 aliis
1665 1328 1875 1380 pecoribus
1930 1331 1970 1366 et
2022 1326 2151 1373 bonis,

445 1403 620 1452 exceptis
668 1401 783 1440 bonis
830 1412 905 1451 que
953 1397 1121 1448 predicti
1170 1394 1472 1445 archiepiscopi,
1522 1390 1698 1442 episcopi
1756 1392 1795 1427 et
1853 1388 1929 1426 alie
1989 1401 2154 1437 persone

445 1464 711 1504 ecclesiastice
748 1461 900 1500 habent
939 1460 980 1498 in
1020 1459 1197 1498 ecclesiis
1235 1454 1555 1507 parrochialibus
1593 1453 1674 1491 sive
1713 1450 1924 1501 prebendis
1962 1453 2001 1488 et
2039 1449 2156 1487 terris

446 1528 494 1566 ad
532 1526 754 1576 prebendas
793 1528 831 1562 et
869 1522 1054 1561 ecclesias
1088 1520 1337 1571 parochiales
1376 1515 1666 1568 spectantibus,
1697 1527 1741 1552 ac
1777 1512 1953 1562 exceptis
1989 1515 2156 1560 argento

446 1594 485 1629 et
533 1602 644 1635 auro,
693 1585 912 1637 palefridis,
953 1582 1197 1628 summariis,
1237 1580 1462 1626 dextrariis,
1502 1576 1696 1623 runcinis,
1738 1574 1875 1620 armiS,
1915 1572 2157 1612 utensilibus

448 1656 486 1690 et
524 1651 642 1695 vasis,
681 1647 951 1697 colligendam
1004 1658 1073 1695 per
1116 1656 1264 1682 manus
1315 1644 1489 1693 quatuor
1540 1638 1720 1677 militum
1773 1641 1812 1675 et
1858 1635 1977 1673 unius
2025 1635 2157 1674 clerici

447 1713 515 1764 qui
552 1711 746 1764 jurabunt
783 1709 889 1760 quod
927 1707 1139 1757 negocium
1179 1708 1365 1744 nostrum
1404 1704 1452 1742 de
1498 1700 1649 1740 auxilio
1696 1701 1833 1738 nostro
1870 1697 2081 1736 assidendo
2119 1700 2157 1736 et

448 1774 672 1825 colligendo
729 1785 799 1822 pro
852 1783 965 1820 posse
1009 1782 1080 1807 suo
1125 1768 1225 1807 bene
1269 1770 1308 1805 et
1353 1765 1527 1804 fideliter
1582 1764 1829 1813 exequentur
1885 1772 1953 1809 per
2007 1759 2157 1806 omnia,

449 1836 671 1876 secundum
709 1847 824 1873 suam
862 1831 1166 1876 conscientiam,
1202 1834 1240 1868 et
1278 1829 1355 1879 ipsi
1394 1830 1568 1878 quatuor
1601 1825 1753 1863 milites
1786 1825 1825 1861 et
1863 1821 2031 1860 clericus
2065 1821 2158 1871 eligi

449 1900 598 1938 facient
654 1900 827 1948 quatuor
884 1895 932 1933 de
989 1891 1249 1943 legalioribus
1304 1888 1538 1929 hominibus
1600 1888 1647 1925 de
1702 1884 1872 1935 singulis
1929 1883 2037 1922 villis
2090 1883 2159 1934 qui

449 1961 643 2013 jurabunt
681 1971 815 1998 coram
862 1956 1012 1995 eisdem
1051 1956 1093 1993 in
1132 1953 1338 2005 presencia
1377 1951 1634 1990 baillivorum
1668 1948 1716 1986 de
1750 1946 1921 1996 singulis
1965 1945 2087 1992 villis,
2128 1945 2161 1983 si

450 2026 640 2063 interesse
709 2020 924 2066 voluerint,
982 2018 1089 2068 quod
1159 2016 1357 2055 auxilium
1428 2014 1529 2052 illud
1590 2011 1763 2050 fideliter
1826 2007 2060 2047 assidebunt
2123 2011 2162 2046 et

451 2084 689 2125 rationabile
729 2082 907 2133 precium
947 2082 1155 2131 apponent
1193 2077 1383 2117 omnibus
1422 2075 1539 2114 rebus
1584 2087 1659 2124 que
1704 2071 1968 2122 appreciande
2012 2070 2164 2108 fuerint

452 2148 672 2189 secundum
720 2156 978 2184 communem
1026 2146 1065 2181 et
1108 2143 1263 2191 justam
1312 2138 1615 2178 estimationem
1673 2141 1713 2173 et
1772 2134 1962 2179 valorem,
2012 2145 2160 2179 amore,

452 2211 594 2262 gratia,
642 2208 704 2247 vel
761 2207 864 2252 odio,
913 2205 976 2244 vel
1032 2204 1111 2243 alia
1169 2203 1390 2248 occasione,
1454 2213 1534 2238 non
1592 2197 1866 2248 impediente3
1925 2198 1963 2233 et
2023 2198 2164 2245 postea

453 2272 671 2324 particulas
709 2269 947 2309 catallorum
986 2266 1172 2306 omnium
1211 2270 1249 2304 et
1289 2264 1468 2314 precium
1508 2261 1722 2300 ostendent
1760 2262 1933 2308 quatuor
1964 2256 2163 2295 militibus

455 2335 643 2387 predictis
681 2336 720 2371 et
758 2331 914 2376 clerico,
955 2332 994 2368 et
1033 2330 1148 2379 juxta
1186 2326 1460 2377 provisionem
1500 2324 1700 2363 dictorum
1740 2321 1918 2359 militum
1957 2325 1996 2357 et
2032 2318 2163 2357 clerici

457 2397 670 2449 pecuniam
710 2394 823 2431 illam
862 2391 1053 2441 colligent
1092 2395 1131 2429 et
1180 2389 1331 2427 eisdem
1374 2386 1575 2425 militibus
1619 2387 1658 2423 et
1704 2383 1847 2422 clerico
1893 2382 2074 2420 deferent
2125 2383 2164 2419 et

455 2459 684 2501 liberabunt
730 2468 800 2506 per
845 2454 994 2493 taillias
1035 2456 1074 2491 et
1120 2452 1273 2490 rotulos
1321 2449 1540 2500 particulas
1584 2447 1852 2491 continentes,
1891 2443 2164 2493 reponendam

458 2525 498 2562 in
546 2521 656 2560 salvo
703 2522 742 2557 et
790 2520 897 2556 certo
945 2516 1044 2554 loco.
1131 2514 1235 2561 Quia
1283 2526 1374 2551 vero
1422 2510 1589 2562 predicti
1637 2506 1927 2557 archiepiscopi
1974 2505 2162 2555 episcopi,

458 2586 634 2630 abbates,
675 2586 714 2620 et
752 2580 916 2631 priores,
957 2578 999 2616 in
1039 2577 1156 2616 terris
1195 2580 1233 2614 et
1273 2574 1527 2614 libertatibus
1566 2572 1649 2611 suis
1688 2583 1757 2620 per
1793 2573 1965 2619 quatuor
2016 2568 2165 2617 legales

459 2649 609 2688 milites
648 2657 754 2690 suos,
795 2642 858 2680 vel
895 2640 1040 2679 liberos
1079 2643 1118 2678 et
1157 2638 1303 2688 legales
1343 2637 1528 2675 homines
1567 2636 1599 2673 si
1638 2633 1789 2672 milites
1821 2644 1903 2670 non
1935 2630 2165 2676 habuerint,

459 2709 584 2750 simili
645 2706 764 2745 modo
820 2704 924 2743 circa
989 2702 1210 2752 predictam
1281 2699 1527 2738 tricesimam
1588 2695 1857 2741 assidendam,
1902 2692 2167 2742 colligendam

458 2778 498 2814 et
562 2769 814 2809 liberandam
878 2765 1067 2815 predictis
1132 2766 1304 2814 quatuor
1378 2760 1578 2801 militibus
1643 2763 1682 2797 et
1754 2757 1896 2796 clerico
1968 2756 2018 2793 ad
2090 2755 2166 2793 hoc

460 2833 656 2874 atornatis
685 2829 932 2882 procedent;
963 2826 1076 2865 vobis
1123 2825 1367 2864 mandamus
1413 2823 1607 2874 quatinus
1666 2834 1735 2871 per
1790 2821 1964 2872 quatuor
2019 2817 2166 2866 legales

462 2898 624 2941 milites,
683 2893 745 2932 vel
796 2890 942 2929 liberos
991 2893 1029 2928 et
1076 2889 1224 2939 legales
1280 2886 1467 2925 homines
1518 2885 1551 2923 si
1600 2884 1751 2923 milites
1802 2894 1885 2921 non
1930 2879 2164 2925 habueritis,

462 2962 503 2998 in
543 2957 659 2997 terris
698 2958 736 2994 et
774 2951 1029 2992 libertatibus
1064 2950 1207 2989 vestris
1242 2949 1490 2988 tricesimam
1524 2950 1707 2985 nostram
1741 2945 1783 2983 in
1822 2945 1951 2982 forma
1989 2941 2167 2992 predicta

462 3019 629 3060 assideri
675 3021 714 3056 et
761 3015 897 3064 colligi
945 3016 984 3052 et
1033 3012 1193 3051 liberari
1242 3011 1400 3049 faciatis
1446 3009 1635 3060 predictis
1683 3005 1881 3046 militibus
1932 3004 2081 3043 nostris
2128 3006 2167 3041 et

463 3083 606 3123 clerico
644 3077 861 3128 assignatis
900 3076 950 3114 ad
989 3074 1235 3114 tricesimam
1283 3076 1464 3111 nostram
1512 3071 1553 3109 in
1603 3070 1800 3110 comitatu
1849 3066 2008 3107 Sussex'
2057 3068 2168 3103 extra

464 3145 683 3188 libertates,
742 3139 811 3190 qui
866 3138 1029 3188 quidem
1084 3136 1237 3175 milites
1293 3135 1356 3173 vel
1413 3134 1562 3184 legales
1614 3131 1800 3171 homines
1855 3128 1976 3167 vestri
2031 3139 2165 3165 coram

465 3204 685 3246 senescallo
724 3204 861 3240 nostro
899 3198 1094 3250 jurabunt
1131 3198 1236 3247 quod
1280 3197 1493 3246 negocium
1531 3198 1717 3234 nostrum
1755 3193 1802 3230 de
1841 3190 1991 3229 auxilio
2029 3192 2167 3227 nostro

463 3266 674 3308 assidendo
722 3267 761 3302 et
810 3261 1035 3311 colligendo
1088 3272 1159 3310 pro
1210 3272 1325 3309 posse
1377 3271 1447 3296 suo
1501 3257 1600 3295 bene
1638 3259 1676 3294 et
1714 3253 1884 3292 fideliter
1921 3254 2167 3301 exequentur

465 3344 533 3381 per
571 3327 708 3368 omnia
745 3324 967 3363 secundum
1007 3335 1121 3360 suam
1156 3321 1458 3366 conscientiam,
1495 3323 1533 3357 et
1563 3319 1693 3368 ipsam
1724 3315 1969 3355 tricesimam
2006 3312 2166 3352 liberari
