2375 3587
193 339 336 387 1235.

201 409 260 447 [m.
277 406 323 445 5.]

1063 204 1115 244 19
1158 201 1366 242 HENRY
1407 201 1488 241 HI.
2049 199 2130 239 129

534 405 590 441 De
642 405 763 440 damis
813 400 1226 440 ‹lcztz‘s.—-lllaiiclatU1ii
1283 400 1342 436 est
1398 397 1556 436 ballivis
1612 398 1659 435 de
1716 397 1971 437 Cestrehunt'
2024 395 2129 444 quod

425 466 627 516 Rogerum
665 466 713 503 de
753 465 1016 514 Stoppeham,
1057 475 1175 512 quem
1215 474 1281 499 rex
1320 461 1416 498 illuc
1455 460 1584 498 mittit
1628 460 1676 497 ad
1714 459 1952 508 capiendum
1991 457 2129 495 damos

425 528 467 565 in
500 541 618 578 parco
649 529 696 566 de
722 527 991 571 Cestrehunt’,
1021 528 1060 563 et
1095 523 1318 562 Robertum
1349 522 1600 571 piscatorem,
1627 535 1746 571 quem
1781 534 1848 559 rex
1878 520 1973 558 illuc
2003 519 2131 557 mittit

426 591 475 628 ad
511 590 749 639 piscandum
788 590 830 626 in
878 587 1041 627 vivariis
1088 586 1266 636 ejusdem
1309 584 1493 629 manerii,
1543 583 1735 632 recipiat²³³³
1787 587 1824 621 et
1873 581 2129 620 venationem

426 656 465 691 et
495 653 662 702 piscem,
693 664 792 701 quos
831 651 979 689 ibidem
1018 649 1208 698 ceperint,
1249 647 1445 695 recipiant
1485 645 1533 683 ab
1571 646 1722 683 eisdem
1762 647 1800 682 et
1839 656 1963 693 usque
2001 642 2127 680 Lond'

426 716 475 753 ad
523 728 657 764 regem
705 713 851 752 deferri
898 712 1062 750 faciant.
1153 710 1270 748 Teste
1318 721 1407 758 rege
1454 708 1559 757 apud
1598 705 2016 750 westmonasterium,
2066 717 2129 742 xv.

425 777 488 816 die
527 776 714 826 Augusti.

535 874 614 909 Pro
664 874 792 921 priore
841 872 883 907 de
937 870 1122 914 Covencr'‚
1163 869 1206 904 de
1250 864 1681 915 perdamationem—Rex
1731 861 1966 913 perdonavit
2012 861 2133 910 priori

429 932 690 973 Coventrensi
729 945 817 970 xxv.
859 942 1027 975 marcas,
1068 942 1137 978 per
1175 941 1273 977 quas
1313 927 1438 964 finem
1478 926 1572 964 fecit
1620 938 1712 963 cum
1752 937 1842 973 rege
1889 926 1934 960 ut
1973 923 2133 972 quietus

428 999 531 1035 esset
569 996 616 1034 de
653 994 854 1033 militibus
892 992 1104 1030 mittendis
1144 991 1187 1028 in
1222 989 1413 1029 Walliam
1452 989 1494 1025 in
1534 1001 1676 1037 guerra
1715 999 1842 1036 nuper
1882 988 1992 1023 mota
2030 985 2134 1022 inter

427 1072 562 1108 regem
600 1061 640 1096 et
678 1058 726 1096 R.
767 1055 1063 1099 Marescalhun,
1105 1053 1311 1103 quondam
1351 1051 1542 1089 comitem
1583 1049 1746 1094 Penbr',
1787 1051 1826 1086 et
1871 1060 1946 1097 que
1994 1046 2043 1084 ab
2090 1059 2134 1084 eo

427 1122 645 1171 exiguntur
683 1132 751 1169 per
780 1117 1145 1157 summonitionem
1177 1113 1388 1154 Scaccarii.
1448 1113 1504 1151 Et
1542 1113 1782 1150 mandatum
1821 1113 1880 1148 est
1919 1108 2137 1147 baronibus

430 1185 476 1222 de
513 1183 719 1223 Scaccario
757 1181 863 1232 quod
904 1180 1038 1229 ipsum
1082 1178 1255 1228 priorem
1303 1177 1350 1214 de
1394 1175 1583 1225 predictis
1622 1188 1712 1212 xxv.
1754 1173 1901 1211 marcis
1952 1171 2135 1221 quietum

430 1260 514 1286 esse
550 1245 714 1284 faciant.
775 1244 892 1281 Teste
921 1255 984 1280 ine
1018 1243 1104 1291 ipso
1136 1240 1243 1290 apud
1277 1237 1701 1282 Westmonasteflum,
1734 1236 1814 1286 xvj.
1848 1235 1911 1273 die
1948 1233 2133 1282 Augusti.

544 1353 621 1390 Pro
660 1353 787 1389 abbate
824 1357 857 1387 et
906 1349 1100 1386 monachis
1153 1349 1196 1384 de
1245 1343 1751 1384 Giremll'.—Mandatum
1800 1344 1860 1379 est
1909 1339 2137 1379 Alexandro

434 1417 574 1454 Bacun
614 1414 719 1464 quod
757 1411 902 1450 habere
936 1410 1058 1449 faciat
1091 1408 1227 1447 abbati
1261 1411 1301 1446 et
1336 1406 1548 1445 monachis
1587 1406 1633 1443 de
1669 1404 1860 1443 Gir-evall’
1896 1416 1934 1440 x.
1976 1402 2137 1447 solidos,

433 1491 533 1528 quos
571 1476 798 1527 percipiunt
837 1474 1007 1523 singulis
1042 1472 1161 1510 annis
1196 1472 1243 1509 de
1277 1469 1451 1508 exitibus
1484 1469 1763 1506 nundinarum
1806 1466 1946 1505 Sancti
1987 1464 2138 1503 Botulfi

434 1541 482 1579 de
537 1540 642 1578 dono
700 1536 855 1576 Conani
910 1535 1114 1586 quondam
1172 1532 1332 1571 comitis
1390 1531 1573 1570 Richem‘
1632 1530 1679 1568 de
1735 1528 1957 1567 elemosina
2012 1526 2139 1576 ipsius

434 1602 668 1647 constituta,
701 1600 804 1638 sicut
842 1599 950 1647 ipsos
984 1597 1185 1647 percipere
1224 1596 1519 1634 consueverunt
1557 1596 1735 1642 tempore
1773 1590 1944 1641 predicti
1984 1589 2139 1628 Conani

435 1668 475 1703 et
513 1667 691 1713 tempore
729 1674 807 1711 quo
845 1661 890 1698 P.
932 1672 1065 1698 comes
1097 1657 1312 1696 Britannie
1346 1655 1490 1694 habuit
1522 1655 1714 1694 seisinam
1746 1656 1942 1692 terrarum
1977 1663 2140 1689 suarum

436 1728 478 1765 in
519 1725 677 1775 Anglia.
737 1724 854 1762 Teste
892 1724 937 1760 ut
976 1733 1110 1770 supra.

545 1815 603 1868 'De
646 1831 846 1878 quercubus·
884 1828 984 1864 datis
1023 1827 1079 1863 H.
1125 1826 1288 1873 Elyensi
1339 1820 1823 1871 episcopass-Mandatmn
1863 1820 1922 1857 est
1961 1816 2142 1856 Johanni

438 1895 483 1931 cle
522 1892 666 1930 Nevill'
707 1891 813 1940 quod
851 1889 893 1926 in
942 1889 1091 1926 foresta
1139 1887 1186 1924 de
1227 1884 1452 1934 NVauberge
1509 1883 1632 1921 faciat
1680 1881 1825 1919 habere
1878 1879 1932 1918 H.
1974 1878 2143 1929 Elyensi

437 1956 621 2006 episcopo
677 1954 758 2003 xvj.
816 1964 985 2002 quercus
1042 1949 1213 1999 sparsim
1270 1962 1338 1998 per
1386 1948 1473 1986 loca
1522 1945 1591 1983 ubi
1635 1944 1848 1994 poteritisss
1907 1942 1955 1980 ad
2007 1941 2143 1978 minus

438 2019 731 2056 nocumentum
770 2014 951 2065 ejusdem
985 2013 1144 2057 foreste,
1196 2011 1245 2049 ad
1290 2001 1485 2048 fabricam
1525 2007 1690 2046 ecclesie
1741 2019 1810 2044 sue
1850 2004 2055 2055 Elyensis‚
2096 2003 2143 2041 de

439 2081 543 2119 dono
580 2081 729 2117 nostro.
801 2077 918 2114 Teste
964 2087 1054 2124 rege
1098 2074 1203 2123 apud
1252 2071 1675 2116 Westmonasterium,
1728 2069 1810 2118 xvj.
1849 2067 1912 2105 die
1951 2066 2141 2115 Augusti.

438 2145 511 2181 Per
550 2142 612 2181 W.
653 2141 700 2178 de
739 2138 974 2178 Kirkeham.

548 2239 605 2275 De
631 2237 740 2285 feria
774 2233 1134 2272 clamcmda.—Rex
1173 2229 1370 2269 concessit
1409 2227 1531 2278 priori
1560 2228 1607 2265 de
1647 2227 1854 2275 Boxgrave
1892 2237 1961 2273 per
1992 2225 2144 2261 cartam

440 2314 557 2341 suam
586 2298 693 2349 quod
722 2297 807 2346 ipse
835 2297 903 2345 [et]
937 2307 1182 2333 successores
1212 2293 1275 2331 sui
1304 2291 1479 2329 habeant
1509 2289 1681 2338 singulis
1712 2287 1829 2326 annis
1860 2287 2144 2335 inperpetuum

441 2375 566 2402 unam
602 2359 743 2398 feriam
772 2357 878 2407 apud
913 2356 1121 2406 Boxgrave
1154 2355 1196 2392 in
1234 2353 1373 2403 vigilia
1412 2355 1450 2390 et
1490 2351 1532 2389 in
1562 2351 1624 2388 die
1654 2353 1693 2388 et
1726 2350 1768 2386 in
1797 2348 1972 2386 crastino
2005 2346 2144 2385 Sancti

442 2423 570 2463 Blasii
625 2420 818 2466 martiris,
877 2418 957 2456 nisi
1011 2420 1085 2456 etc.
1180 2416 1236 2454 Et
1294 2415 1535 2453 mandatum
1593 2415 1652 2451 est
1703 2410 1931 2449 vicecomiti
1983 2409 2144 2447 Sussex‘

441 2486 546 2537 quod
598 2483 741 2522 feriam
807 2481 922 2519 illam
975 2479 1141 2518 clamari
1194 2478 1315 2517 faciat
1364 2479 1403 2515 et
1452 2475 1592 2520 teneri,
1646 2474 1749 2512 sicut
1799 2472 2025 2522 predictum
2070 2472 2144 2508 est.

443 2549 561 2587 Teste
601 2550 646 2585 ut
684 2557 818 2594 supra.

550 2644 607 2681 De
645 2643 753 2678 [Iamo
792 2637 1195 2676 ‹lata—Mandatum
1234 2637 1293 2674 est
1342 2634 1513 2673 Ricardo
1552 2633 1599 2670 de
1647 2631 1759 2669 Lada
1796 2629 1901 2679 quoi
1950 2628 1991 2665 in
2031 2639 2148 2676 parco

442 2709 490 2746 de
528 2704 741 2744 Huneden’
781 2701 903 2740 faciat
948 2700 1096 2738 habere
1144 2698 1316 2737 Ricardo
1364 2696 1450 2734 filio
1489 2694 1677 2744 Hugonis
1717 2705 1845 2731 unum
1884 2692 2064 2735 damum,
2101 2689 2148 2727 de

443 2770 548 2808 dono
585 2766 703 2816 regis.
781 2764 899 2802 Teste
936 2775 1028 2812 rege
1066 2761 1172 2811 apud
1212 2757 1636 2803 Westmonasterfflm,
1673 2755 1769 2806 xvij.
1806 2754 1868 2792 die
1907 2751 2092 2802 Augusti.

552 2864 608 2901 De
664 2861 845 2899 tradendo
892 2861 936 2896 in
985 2855 1321 2903 ballium—Quia,
1380 2867 1448 2892 rex
1505 2853 1658 2902 accepit
1719 2863 1788 2901 per
1843 2847 2147 2898 inquisitionem

444 2928 593 2965 factam
622 2936 692 2973 per
720 2923 954 2971 preceptum
993 2932 1111 2958 suum
1151 2918 1256 2968 quod
1286 2917 1488 2955 Walterus
1518 2915 1553 2953 le
1585 2915 1684 2959 Sire,
1716 2915 1856 2961 captus
1893 2913 1932 2948 et
1961 2910 2148 2947 detentus

442 2990 485 3027 in
523 2987 685 3038 prisona
722 2983 827 3033 regis
865 2995 936 3032 pro
974 2984 1104 3020 morte
1143 2980 1307 3019 Roberti
1345 2978 1419 3016 filii
1459 2977 1673 3021 Johannis,
1710 2974 1816 3012 unde
1855 2973 2063 3010 Johannes
2101 2969 2148 3006 de

446 3049 636 3090 Onnebir'
686 3049 725 3085 et
771 3045 906 3095 Agnes
944 3056 1019 3094 que
1071 3043 1150 3081 fuit
1206 3054 1306 3080 uxor
1353 3040 1523 3090 predicti
1579 3037 1744 3076 Roberti
1791 3047 1881 3073 eum
1929 3031 2147 3082 appellant,

444 3111 670 3162 appellatus
709 3110 769 3147 est
805 3106 896 3145 odio
935 3108 974 3144 et
1013 3105 1124 3143 athia
1163 3107 1201 3142 et
1241 3116 1323 3141 non
1362 3106 1453 3148 etc.‚
1494 3104 1533 3139 et
1568 3100 1673 3150 quod
1711 3096 1914 3147 predictus
1952 3093 2150 3132 Robertus

445 3173 684 3213 interfectus
713 3169 791 3207 fuit
818 3171 997 3217 tempore
1027 3179 1168 3217 guerre
1184 3182 1194 3211 3
1224 3164 1463 3203 mandatum
1493 3165 1554 3201 est
1583 3158 1808 3200 vicecomiti
1844 3155 2002 3204 Salopie
2031 3153 2149 3203 quod,

446 3237 480 3276 si
518 3235 624 3274 idem
671 3232 870 3272 Walterus
917 3228 1116 3268 invenerit
1163 3228 1199 3266 ei
1246 3227 1317 3277 xij.
1357 3228 1432 3265 etc.
1473 3224 1542 3276 qui
1589 3235 1681 3262 cum
1731 3218 2022 3268 manucapiant
2059 3218 2149 3260 etc,

448 3302 546 3337 tunc
584 3295 717 3335 tradat
756 3296 830 3332 etc.

1172 3405 1186 3419 *
1206 3402 1261 3432 Sic
1294 3402 1329 3431 in
1362 3399 1431 3431 Ms.

502 3470 608 3503 18690
2054 3448 2070 3480 Ι
