2375 3587
162 306 306 355 1235.

165 374 224 412 [ni.
238 373 309 411 3d.]

1045 174 1097 216 19
1145 166 1351 215 H‘ENRY
1395 166 1478 215 ΙΠ.
2033 178 2113 216 199

515 373 605 410 Rem.
685 373 764 408 Pro
797 372 966 417 Ii'arlnlfa
1000 372 1080 415 silio
1118 371 1356 407 Niclwlazssm
1375 370 1611 407 Mandatum
1644 373 1703 408 est
1738 369 1898 408 ballivis
1933 370 2111 419 Waling-

403 432 503 471 ford'
562 433 666 482 quod
722 432 964 470 demandam
1021 444 1143 481 quam
1200 444 1269 480 per
1327 430 1688 468 summonitionem
1749 431 1945 469 Scaccarii
2010 431 2113 480 regis

401 494 556 532 faciunt
604 494 779 532 Radulfo
827 494 911 532 filio
963 493 1160 539 Nicholai,
1210 492 1429 530 senescallo
1477 492 1594 539 regis,
1635 493 1683 530 de
1733 492 1876 530 debitis
1916 493 2110 531 Willelmi

400 555 547 604 Pipard
587 559 625 594 et
660 555 827 593 Walteri
862 555 1010 604 Pipard
1051 554 1205 592 ratione
1245 558 1347 592 terre
1388 557 1426 591 et
1465 553 1621 591 heredis
1661 554 1786 602 ipsius
1822 554 2026 595 Willelmi,
2069 554 2109 591 in

398 617 580 655 custodia
627 618 752 667 ipsius
801 617 1008 655 senescalli
1058 616 1281 661 existentis,
1328 618 1482 664 ponant
1530 615 1571 652 in
1622 618 1847 664 respectum
1896 629 2020 665 usque
2068 615 2110 654 in

398 692 525 717 unum
579 693 760 717 mensem
810 693 833 717 a
880 679 943 717 die
996 679 1135 718 Sancti
1189 678 1398 716 Michaelis
1451 691 1557 715 anno
1610 681 1684 715 etc.
1771 678 1851 715 xix.
1936 678 2109 715 Miratur

397 742 519 779 etiam
572 756 638 779 rex
691 742 913 791 plurimum
971 744 1010 779 et
1063 744 1246 779 movetur
1300 741 1405 789 quod
1462 740 1510 777 ad
1566 740 1805 777 mandatum
1862 740 2110 778 vicecomitis

398 804 564 849 Omiiie,
606 804 669 842 cui
708 817 775 842 rex
814 804 920 842 idem
959 804 1224 841 mandaverat
1263 806 1302 841 et
1337 802 1404 852 qui
1445 805 1653 839 retornum
1693 802 1875 839 mandati
1913 802 2015 850 regis
2054 802 2109 839 eis

397 865 488 903 inde
536 866 643 911 fecit,
693 866 845 904 dictam
899 866 1142 904 demandam
1195 865 1237 902 in
1292 867 1517 914 respectum
1570 876 1716 913 ponere
1769 877 1849 902 non
1902 867 2107 901 curarunt.

398 928 514 966 Teste
553 930 597 966 ut
636 941 768 977 supra.

505 1052 944 1089 l’erammuh—‹tien-Rex
983 1050 1211 1090 vicecomiti
1252 1050 1432 1088 Devonie
1472 1049 1659 1088 salutem.
1746 1048 1997 1098 Precipimus
2037 1047 2107 1086 tibi

394 1114 512 1162 quod⁷
553 1113 771 1162 assumptis
811 1116 946 1152 tecum
986 1113 1054 1163 xij.
1090 1112 1224 1162 probis
1259 1114 1297 1150 et
1331 1111 1528 1161 legalibus
1562 1110 1800 1149 hominibus
1835 1111 1882 1149 de
1913 1110 2107 1148 comitatu

395 1181 477 1220 tuo,
519 1175 559 1212 in
599 1175 759 1225 propria
798 1188 966 1224 persona
1006 1178 1075 1213 tua
1109 1175 1273 1213 accedas
1312 1174 1360 1211 ad
1401 1177 1550 1211 terram
1599 1172 1764 1211 Roberti
1810 1173 1856 1210 dv
1906 1171 2108 1221 Curtenay

394 1237 435 1275 in
481 1238 688 1288 Dyvilton'
734 1242 773 1276 et
826 1243 974 1276 terram
1012 1237 1250 1276 Wermundi
1298 1237 1345 1275 de
1394 1239 1519 1275 Portu
1568 1236 1730 1274 Mortuo
1778 1235 1819 1272 in
1868 1234 2107 1273 Holecumb’

393 1302 432 1338 et
470 1313 539 1349 per
576 1313 714 1339 eorum
754 1303 1055 1339 sacramentum
1095 1299 1181 1338 fieri
1220 1299 1344 1337 facias
1383 1297 1775 1348 perambulationem
1814 1297 1920 1335 inter
1959 1299 2107 1334 terram

393 1361 520 1410 ipsius
581 1362 744 1400 Roberti
811 1362 852 1400 in
920 1362 1127 1412 Dyvilton’
1196 1364 1235 1399 et
1302 1364 1451 1399 terram
1519 1359 1688 1410 predicti
1755 1359 1994 1398 Wermundi
2065 1358 2106 1396 in

394 1423 647 1470 Holecumb’‚
687 1424 744 1462 ita
781 1424 886 1474 quod
920 1423 1216 1473 pei-ambulatio
1251 1423 1320 1460 illa
1354 1422 1425 1460 fiat
1457 1435 1526 1472 per
1557 1426 1685 1460 rectas
1719 1425 1758 1460 et
1792 1424 1920 1459 certas
1952 1420 2107 1459 devisas

393 1488 434 1523 et
470 1488 611 1532 metas,
651 1486 746 1536 quia
784 1486 951 1535 predicti
992 1485 1190 1524 Robertus
1230 1488 1268 1523 et
1302 1485 1599 1523 XVeremundus
1633 1486 1854 1534 posuerunt
1893 1496 1933 1521 se
1971 1495 2105 1521 coram

394 1546 508 1585 nobis
540 1547 581 1584 in
615 1546 1006 1596 perambulationem
1041 1547 1168 1585 illam.
1244 1547 1298 1584 Et
1333 1545 1722 1595 perambulationem
1754 1545 1881 1591 illam,
1917 1544 2107 1583 distincte

392 1611 431 1646 et
482 1612 617 1658 aperte
668 1609 834 1655 factam,
890 1609 990 1648 scire
1041 1609 1165 1657 facias
1219 1608 1456 1659 justiciariis
1505 1608 1654 1646 nostris
1708 1607 1756 1645 ad
1811 1606 1985 1656 primam
2046 1610 2108 1645 etc

394 1669 511 1709 Teste
548 1683 639 1719 rege
676 1671 782 1720 apud
822 1671 1010 1720 Rading’,
1051 1684 1089 1709 v.
1130 1670 1194 1709 die
1235 1669 1432 1709 Octobris.

503 1790 925 1828 Corinthia—Eodem
964 1790 1084 1829 modo
1122 1789 1363 1828 mandatum
1411 1791 1471 1828 est
1520 1788 1747 1827 vicecomiti
1787 1788 1967 1827 Devonie
2002 1789 2105 1838 quod

393 1852 478 1890 fieri
533 1852 655 1891 faciat
711 1852 1099 1903 perambulationem
1158 1853 1264 1890 inter
1323 1854 1471 1889 terram
1531 1851 1686 1889 Tho-me
1743 1850 1818 1888 filii
1869 1851 2011 1888 David’
2063 1851 2103 1888 in

394 1913 600 1953 Trevebon
668 1917 706 1953 et
773 1917 923 1952 terram
995 1914 1156 1952 Ricardi
1230 1914 1278 1952 de
1355 1913 1562 1964 Pudyford
1620 1913 1661 1950 in
1720 1912 1965 1963 Rusydinac.
2050 1914 2104 1951 Et

392 1976 780 2025 perambulationem
828 1980 902 2015 etc.
941 1976 1042 2015 scire
1083 1976 1205 2014 faciat
1245 1975 1481 2026 justiciariis
1521 1975 1569 2012 ad
1609 1975 1779 2024 primam
1819 1975 1987 2013 assisam
2028 1979 2102 2014 etc.

394 2038 510 2077 Teste
548 2052 638 2088 rege
677 2039 781 2088 apud
821 2039 1014 2084 Windes'‚
1056 2038 1139 2087 viij.
1180 2038 1243 2076 die
1283 2036 1482 2077 Octobris.

503 2162 581 2198 Pro
617 2162 742 2198 Alano
774 2162 816 2197 de
851 2160 1170 2207 Nerz'llC—Quia
1202 2173 1270 2198 rex
1304 2173 1372 2209 per
1406 2162 1559 2198 cartam
1598 2172 1712 2197 suam
1746 2158 1941 2197 concessit
1975 2159 2104 2198 Alano

392 2222 440 2261 de
487 2223 648 2269 Nevill',
696 2222 873 2261 vadletto
922 2235 1005 2269 suo,
1050 2227 1198 2260 terram
1250 2235 1325 2271 que
1370 2222 1448 2260 fuit
1492 2220 1616 2267 Petri,
1657 2220 1817 2260 comitis
1856 2220 2101 2268 Brittannie‚

392 2285 433 2322 in
473 2285 671 2335 Hynton’,
707 2284 934 2323 habendam
974 2289 1011 2323 et
1052 2284 1268 2323 tenendam
1319 2284 1449 2322 eidem
1505 2283 1637 2321 Alano
1688 2287 1725 2320 et
1769 2282 1980 2321 heredibus
2020 2284 2102 2322 suis

392 2347 515 2385 donec
572 2361 639 2385 rex
691 2347 752 2386 vel
803 2347 967 2385 heredes
1017 2347 1077 2385 sui
1129 2360 1217 2385 eam
1270 2345 1516 2384 reddiderint
1571 2345 1691 2384 rectis
1747 2344 1990 2395 [heredibus]
2035 2359 2103 2395 per

391 2409 643 2448 voluntatem
683 2422 797 2448 suani
848 2410 910 2447 vel
960 2422 1028 2458 per
1068 2422 1221 2458 pacem,
1274 2408 1472 2446 reddendo
1519 2407 1612 2445 inde
1666 2407 1747 2457 regi
1801 2411 1838 2446 et
1889 2395 2101 2446 heredibus

391 2473 474 2510 suis
526 2471 738 2510 annuatim
790 2472 839 2510 ad
896 2472 1045 2510 festum
1106 2471 1245 2510 Sancti
1303 2470 1514 2509 Michaelis
1572 2482 1700 2507 unum
1754 2483 1826 2519 par
1882 2469 2100 2508 calcarium

391 2534 675 2572 deauratorum
727 2547 797 2583 pro
854 2533 965 2572 omni
1022 2533 1197 2572 servitio.
1275 2533 1515 2570 Mandatum
1569 2536 1628 2570 est
1678 2531 1907 2569 Alexandro
1959 2531 2099 2570 Bacun

391 2597 495 2645 quod
533 2596 735 2634 occasione
779 2596 949 2645 scutagii
987 2596 1094 2645 quod
1138 2595 1326 2634 dominus
1366 2608 1433 2633 rex
1472 2607 1540 2643 per
1579 2594 1707 2643 ipsun]
1748 2593 1883 2643 colligi
1922 2594 2098 2642 precepit

392 2671 508 2707 super
546 2662 670 2696 terras
709 2658 875 2707 predicti
918 2658 1079 2696 comitis
1119 2657 1345 2707 predictum
1384 2657 1563 2695 Alanum
1602 2656 1837 2694 nullatenus
1883 2655 2099 2704 distringat

390 2720 440 2758 ad
479 2720 706 2769 scutagium
746 2720 828 2769 regi
868 2720 1116 2758 reddendum
1162 2731 1235 2758 nec
1284 2719 1419 2769 ipsum
1471 2718 1564 2756 inde
1616 2717 1657 2755 in
1708 2717 1841 2768 aliquo
1895 2717 2096 2756 molestet.

392 2780 508 2820 Teste
546 2794 635 2831 rege
673 2781 778 2831 apud
821 2781 1015 2825 Windes’,
1051 2781 1134 2831 viij.
1166 2781 1229 2819 die
1270 2779 1466 2819 Octobris.

507 2905 612 2951 *N’mjf'
671 2911 704 2940 et
757 2902 1177 2941 Now-ht‘.-—Johannes
1252 2901 1515 2941 Marescallus
1571 2898 1792 2938 attornavit
1861 2897 2096 2937 Gwidonem

390 2966 542 3015 Pipard
604 2969 642 3004 et
701 2965 953 3004 Willelmum
1011 2965 1057 3002 de
1116 2966 1283 3003 Camera
1345 2966 1486 3002 contra
1542 2962 1588 3000 A.
1639 2960 1887 3000 comitissam
1935 2959 2095 3005 Penbr’‚

390 3032 607 3080 petentem,
674 3027 721 3065 de
787 3026 978 3065 maneriis
1043 3027 1091 3064 de
1158 3026 1353 3065 Folsham
1421 3028 1460 3063 et
1516 3024 1563 3061 de
1615 3023 1781 3062 Norton’
1840 3022 1881 3059 in
1938 3021 2095 3072 loquela

389 3089 639 3131 summonita
676 3101 810 3128 coram
849 3101 951 3138 rege.

498 3207 1016 3246 Eboracum.-—Willelmus
1050 3207 1097 3245 de
1131 3206 1357 3245 Picheford’
1393 3205 1614 3244 attornavit
1650 3204 1735 3241 loco
1774 3214 1844 3239 suo
1883 3200 2011 3238 Adam
2046 3201 2092 3238 de

390 3271 614 3310 Picheford’
655 3273 693 3308 et
732 3268 956 3307 Henricum
996 3269 1044 3307 de
1080 3269 1299 3308 Caueland'
1340 3281 1477 3306 versus
1517 3266 1745 3304 ›lohannem
1783 3263 1828 3300 de
1869 3262 2092 3307 Torinton’,

391 3337 605 3383 petentem,
646 3332 692 3368 de
732 3331 912 3368 manerio
952 3331 998 3368 <le
1038 3329 1217 3369 Elreton’
1257 3343 1348 3369 cum
1390 3327 1644 3378 pertinentiis
