2375 3587
218 146 300 186 158

280 272 422 318 1234.

253 338 315 377 [m.
341 337 439 378 23‹1.]

255 1175 317 1212 [m.
344 1171 436 1213 22d.]

265 3045 322 3083 [m.
338 3043 432 3083 21d.]

1137 147 1321 189 CLOSE
1366 148 1571 190 ROLLS.

622 340 863 379 Mandatum
903 345 961 380 est
1000 342 1225 381 vicecomiti
1264 342 1382 380 Berk’
1418 343 1538 391 quod,
1579 343 1718 380 statim
1767 342 1862 381 visis
1910 341 2058 380 litteris
2104 340 2206 386 istis,

512 402 624 439 omni
663 403 868 441 occasione
907 406 946 442 et
985 404 1179 442 dilatione
1219 404 1467 452 postpositis,
1509 404 1683 453 reparari
1732 403 1854 442 faciat
1901 405 2045 452 pontes
2090 415 2208 452 super

511 463 679 512 riparias
717 463 837 502 ballie
875 478 943 503 sue
981 465 1022 502 in
1062 465 1158 503 locis
1193 465 1337 514 quibus
1383 478 1467 503 esse
1512 468 1805 503 consueverunt
1840 467 2018 513 tempore
2052 463 2206 501 domini

510 524 713 563 Johannis
738 526 855 575 *regis
893 529 983 572 etc.⁷
1025 527 1082 564 ita
1120 527 1224 575 quod
1263 526 1429 564 domino
1468 526 1550 575 regi
1590 529 1629 564 et
1678 526 1761 565 suis
1807 525 1909 564 liber
1955 528 1994 564 et
2043 538 2206 563 securus

509 589 644 635 pateat
683 588 877 625 transitus
916 601 1006 626 cum
1047 588 1187 626 avibus
1227 588 1322 625 suis.
1400 588 1578 626 Clamari
1617 588 1739 626 etiam
1771 588 1892 626 faciat
1939 590 2056 626 etex
2093 589 2205 636 parte

509 649 612 698 regis
649 649 850 698 prohiberi
889 663 937 687 ne
976 650 1065 699 quis
1104 662 1223 698 super
1265 650 1455 698 ripariam
1502 650 1550 688 de
1598 650 1739 688 Kenet'
1789 650 1937 688 riveare
1984 652 2203 699 presumat.

510 711 627 749 Teste
665 723 753 759 rege
791 712 895 760 apud
935 711 1084 757 Wind',
1126 711 1167 761 ij.
1193 712 1244 762 (Ρ)
1283 711 1345 749 (110
1384 711 1630 749 Decembris.

621 797 948 845 Notgf‘.-—Ha1no
987 797 1162 835 Chevere
1204 797 1426 835 attornavit
1473 798 1705 836 ρ1011110000]
1744 798 1791 835 (10
1831 796 2125 835 Gerbotesham
2166 799 2205 835 et

511 858 762 896 Willelmum
811 858 986 896 Chevere
1034 872 1171 897 versus
1220 859 1496 898 Christianam
1545 860 1591 898 de
1639 860 1849 909 Monteny,
1899 861 2117 904 tenentem,
2158 858 2205 895 de

510 919 624 957 feodo
663 920 819 957 dimidii
859 920 1001 958 militis
1043 933 1133 958 cum
1173 921 1430 970 pertinentiis
1470 922 1511 958 in
1551 921 1675 967 Disc',
1712 924 1750 959 et
1784 933 1923 959 versus
1955 920 2120 958 Petrum
2159 919 2206 957 de

510 981 707 1031 Monteny
745 981 791 1019 de
826 995 907 1019 una
946 986 1132 1020 carucata
1171 986 1273 1021 terre
1313 995 1404 1021 cum
1444 983 1701 1032 pertinentiis
1749 982 1790 1019 in
1839 982 1976 1020 eadem
2017 982 2127 1028 villa,
2167 984 2205 1019 et

510 1056 647 1081 versus
687 1043 951 1081 Gadefridum
991 1045 1037 1082 de
1077 1045 1279 1093 Langetot
1318 1048 1355 1083 et
1395 1045 1637 1083 Nicholaum
1676 1045 1724 1083 de
1763 1045 1894 1082 Lenn’
1935 1044 1982 1082 (10
2021 1043 2063 1094 ij.
2104 1043 2205 1081 acris

510 1108 611 1143 terre
649 1110 687 1143 et
718 1105 885 1143 dimidia
923 1110 961 1143 et
999 1106 1040 1156 ij.
1083 1106 1184 1144 acris
1223 1106 1383 1144 marisci
1422 1119 1514 1145 cum
1554 1106 1808 1156 pertinentiis
1847 1106 1888 1142 in
1923 1105 2139 1154 Ikelburg’.

617 1176 701 1213 Rex
739 1176 884 1214 dilecto
918 1179 956 1214 et
986 1176 1093 1214 fideli
1129 1190 1200 1215 suo
1236 1177 1407 1215 Ricardo
1449 1177 1642 1227 Syward’,
1684 1177 1870 1215 salutem.
1933 1177 2205 1214 Monstratum

509 1240 568 1275 est
608 1237 722 1274 nobis
761 1250 807 1274 ex
842 1241 953 1286 parte
983 1237 1141 1276 abbatis
1175 1239 1222 1276 (10
1262 1239 1430 1286 Morgan
1470 1239 1646 1287 graviter
1675 1239 1958 1288 conquerentis
1993 1238 2099 1288 quod
2136 1249 2205 1275 vos

509 1312 647 1348 graves
685 1299 821 1336 domui
862 1312 930 1337 sue
978 1300 1074 1338 estis
1124 1300 1347 1349 plurimum
1397 1304 1436 1338 et
1476 1301 1675 1350 injuriosi,
1727 1301 1923 1350 exigendo
1971 1300 2020 1338 ab
2071 1312 2116 1337 eo
2167 1302 2205 1336 et

509 1361 628 1398 domo
685 1373 756 1398 sua
811 1361 1032 1407 cariagium
1089 1362 1195 1411 quod
1253 1375 1463 1411 nunquam
1522 1362 1652 1400 facere
1708 1362 1915 1401 consuevit
1966 1374 2039 1400 nec
2077 1362 2205 1399 facere

509 1421 636 1466 debet,
696 1424 734 1459 et
788 1422 1066 1471 distringendo
1116 1423 1249 1472 ipsum
1307 1436 1377 1472 per
1432 1422 1579 1461 bovos··²
1634 1437 1738 1469 SUOS,
1795 1436 1894 1473 quos
1951 1423 2112 1472 cepistis
2168 1424 2206 1459 et

508 1484 555 1521 de
615 1482 759 1533 quibus
824 1484 1018 1532 quosdam
1067 1485 1192 1522 occidi
1242 1485 1395 1523 fecistis
1442 1485 1491 1522 ad
1544 1485 1764 1534 cariagium
1814 1485 1914 1523 illud
1962 1484 2203 1523 faciendum.

509 1546 563 1583 Et
597 1546 690 1595 quia
725 1545 914 1583 nolumus
946 1547 1050 1595 quod
1083 1547 1225 1585 domus
1256 1547 1433 1596 predicta
1463 1548 1700 1585 molestetur
1730 1547 1791 1585 vel
1822 1547 1971 1597 injuste
2005 1549 2204 1596 gravetur,

508 1607 619 1646 vobis
658 1608 898 1645 mandamus
937 1609 1055 1657 quod⁷
1098 1610 1128 1646 si
1169 1609 1224 1647 ita
1263 1613 1334 1655 est,
1375 1609 1424 1648 ab
1464 1610 1615 1660 injusta
1649 1610 1775 1659 ipsius
1804 1609 1961 1648 abbatis
1998 1609 2206 1648 vexatione

507 1671 742 1708 desistentes
771 1670 951 1708 decetero
982 1670 1031 1708 ab
1054 1684 1098 1709 eo
1126 1671 1346 1720 cariagium
1373 1671 1434 1709 vel
1466 1671 1572 1709 aliud
1601 1671 1826 1709 indebitum
1854 1674 1892 1709 et
1923 1671 2204 1709 inconsuetum

508 1731 740 1769 nullatenus
788 1732 957 1780 exigatis
1002 1732 1064 1770 vel
1110 1733 1203 1770 inde
1255 1733 1387 1782 ipsum
1435 1733 1553 1771 inde*
1594 1733 1859 1782 distringatis‚
1904 1735 2064 1782 propter
2101 1732 2206 1782 quod

508 1793 647 1831 debeat
686 1793 734 1830 ad
773 1806 845 1830 nos
884 1793 1034 1831 clamor
1073 1795 1240 1832 iteratus
1271 1795 1489 1843 pervenire.
1584 1796 1695 1833 3oves
1730 1795 1851 1833 etiam
1881 1795 2007 1844 ipsius
2036 1793 2204 1839 abbatis,

508 1856 539 1893 si
579 1867 677 1904 quos
720 1855 925 1893 occasione
974 1856 1152 1904 predicta
1208 1856 1383 1905 cepistis,
1442 1856 1476 1894 ei
1526 1857 1610 1894 sine
1657 1855 1850 1893 dilatione
1903 1855 2110 1893 deliberari
2167 1857 2205 1892 et

507 1916 656 1954 occisos
695 1916 804 1953 reddi
844 1916 1015 1954 faciatis.
1093 1919 1208 1955 Teste
1248 1930 1336 1966 rege
1375 1918 1480 1966 apud
1520 1918 1704 1966 Rading⁷‚
1755 1931 1791 1955 v.
1831 1917 1894 1955 (110
1932 1916 2177 1955 Decembris.

616 1987 698 2024 Rex
735 1986 880 2024 dilecto
919 1986 993 2024 sibi
1033 1987 1074 2024 in
1115 1987 1276 2025 Christo
1315 1988 1509 2036 magistro
1551 1987 1708 2026 Simoni
1749 1987 1795 2025 de
1843 1987 2027 2036 Langet',
2076 1986 2203 2024 archi-

506 2049 672 2087 diacono
703 2048 929 2093 Cantuarie‚
963 2048 1148 2086 salutem.
1198 2049 1462 2086 Remittimus
1483 2049 1532 2086 ad
1553 2062 1622 2087 vos
1649 2049 1843 2087 dilectum
1873 2048 1990 2087 nobis
2019 2047 2203 2086 abbatem

510 2111 653 2149 Sancte
693 2109 950 2158 Radegundis
988 2122 1078 2148 cum
1118 2110 1312 2158 magistro
1351 2110 1540 2159 Philippo
1569 2110 1616 2148 de
1647 2110 1828 2156 Ardern’,
1861 2123 1977 2159 quem
2018 2109 2204 2148 similiter

507 2173 554 2210 ad
593 2185 661 2210 vos
700 2171 901 2209 mittimus
941 2175 984 2209 ut
1032 2171 1144 2210 vobis
1191 2172 1354 2210 assistat
1401 2173 1450 2210 ad
1498 2172 1738 2221 capiendum
1778 2175 1937 2221 treugas
1976 2185 2065 2211 cum
2115 2184 2204 2220 rege

506 2235 675 2272 Francie
732 2234 773 2271 in
831 2234 959 2271 forma
1015 2246 1135 2283 quam
1193 2247 1261 2283 per
1317 2235 1475 2272 eosdem
1532 2233 1643 2272 vobis
1700 2234 1985 2283 significamus,
2049 2237 2087 2272 et
2156 2233 2205 2271 ad

506 2296 771 2334 accedendum
803 2296 851 2333 ad
882 2296 1070 2333 comitem
1109 2296 1340 2334 Brittannie
1371 2296 1430 2334 vel
1460 2296 1723 2345 personaliter
1761 2296 1800 2332 in
1841 2296 2038 2334 comitatu
2078 2295 2204 2345 ipsius

507 2357 673 2403 abbatis,
713 2358 932 2395 secundum
967 2358 1071 2407 quod
1101 2357 1374 2406 providebitis,
1406 2358 1455 2395 ad
1486 2357 1770 2406 inquirendum
1802 2370 1823 2394 a
1853 2357 2031 2406 predicto
2060 2357 2205 2396 comite

506 2423 642 2457 utrum
681 2432 763 2457 esse
804 2419 899 2456 velit
938 2419 979 2456 in
1019 2422 1158 2468 treuga
1196 2432 1316 2468 quain
1356 2420 1512 2469 capturi
1553 2432 1692 2457 sumus
1731 2432 1822 2457 cum
1862 2432 1952 2468 rege
2007 2419 2202 2464 Francie;

507 2481 600 2530 quia
638 2481 794 2518 videtur
832 2480 947 2518 nobis
985 2483 1023 2518 et
1061 2481 1228 2519 consilio
1267 2484 1405 2519 nostro
1434 2481 1539 2530 quod
1569 2481 1801 2519 nullatenus
1830 2481 2032 2530 expediret
2062 2481 2204 2519 honori

507 2546 644 2581 nostro
675 2543 759 2580 sine
788 2543 872 2591 ipso
904 2543 1049 2580 comite
1079 2546 1239 2591 treugas
1272 2555 1424 2591 capere,
1456 2543 1533 2580 nisi
1564 2543 1674 2591 prius
1713 2543 1917 2580 audiretur
1946 2542 1993 2579 ab
2022 2555 2087 2580 ore
2118 2543 2204 2592 ejus

507 2605 541 2642 si
575 2605 777 2643 recesserit
816 2618 838 2642 a
876 2604 1041 2642 servicio
1079 2608 1230 2650 nostro,
1272 2604 1328 2642 ita
1366 2604 1470 2654 quod
1510 2617 1590 2642 non
1629 2604 1725 2642 velit
1754 2617 1838 2642 esse
1878 2604 1983 2641 infra
2023 2607 2204 2653 treugam

507 2670 701 2704 nostram.
760 2667 814 2704 Et
853 2667 939 2704 ideo
974 2665 1084 2704 vobis
1115 2666 1357 2704 mandamus
1387 2667 1491 2715 quod
1530 2666 1662 2715 ipsum
1702 2666 1940 2715 magistrum
1970 2666 2202 2715 Philippum

508 2728 556 2766 ad
586 2729 660 2766 hoc
690 2728 928 2766 admittatis.
1007 2727 1123 2766 Teste
1152 2740 1241 2777 rege
1272 2728 1378 2776 apud
1409 2727 1595 2777 Rading’,
1626 2728 1679 2777 vj.
1711 2728 1773 2765 die
1803 2726 2047 2765 Decembris.

615 2821 1083 2860 Dei-onim-Gileberms
1137 2823 1323 2860 Blundus
1377 2823 1597 2861 attornavit
1647 2823 1848 2871 Rogerum
1901 2822 1949 2860 de
1998 2822 2201 2860 Tavistok'

507 2897 644 2922 versus
682 2884 811 2922 Adam
850 2883 896 2921 de
936 2885 1176 2923 Yovelcestr'
1218 2888 1425 2922 tenentem
1465 2884 1512 2922 de
1551 2897 1632 2922 una
1671 2897 1761 2922 acra
1800 2887 1901 2922 terre
1949 2887 1988 2922 et
2035 2884 2203 2922 dimidia

508 2960 599 2984 cum
638 2947 892 2996 pertinentiis
931 2947 971 2984 in
1012 2946 1214 2985 suburbiis
1253 2947 1450 2985 Oxonie.‘³¹'³'

617 3034 891 3071 Komaia—E.
951 3033 1253 3072 Cantuariensis
1311 3033 1636 3082 archiepiscopus
1693 3032 1913 3071 attornavit
1978 3032 2202 3071 Henricum

509 3096 636 3134 Luvel
684 3098 723 3133 et
772 3095 987 3134 Ricardum
1037 3095 1084 3132 de
1138 3094 1370 3144 Feyreford’
1417 3107 1556 3133 versus
1605 3093 1839 3132 Johannem
1890 3093 1938 3131 de
1990 3093 2113 3143 Burg'
2163 3097 2202 3132 et

512 3158 758 3196 Willelmum
798 3157 976 3203 Bardolf,
1018 3157 1065 3194 (10
1112 3159 1226 3195 vasto
1273 3159 1312 3194 et
1360 3156 1632 3195 destructione
1679 3154 1891 3192 hoscorum
1930 3155 1999 3205 qui
2037 3155 2202 3194 fuerunt

508 3219 702 3258 Willelmi
740 3219 788 3256 de
826 3219 1045 3269 Eyneford'
1085 3219 1132 3256 de
1178 3219 1293 3257 feodo
1332 3218 1513 3268 ejusdem
1552 3216 1854 3265 archiepiscopi.

1223 3308 1237 3322 ³*
1258 3305 1311 3336 sic
1343 3305 1378 3335 in
1409 3305 1487 3337 MS.
