2375 3587
148 323 290 370 1236.

140 389 309 430 [m.14‹{]

1023 203 1077 244 20
1118 201 1324 243 HENRY
1365 202 1447 244 HI.
2011 205 2092 245 349

501 398 585 437 Rex
625 399 769 438 dilecto
808 402 846 438 et
884 401 988 438 fideli
1029 413 1101 439 suo
1140 401 1344 439 Willelmo
1383 401 1430 438 de
1469 400 1664 448 Eboraco,
1702 402 1888 440 salutem.
1951 401 2096 439 Sciatis

393 461 498 510 quod
546 461 593 499 de
633 462 799 500 consilio
844 465 983 501 nostro
1030 463 1282 512 providimus
1330 464 1448 513 quod,
1487 467 1647 512 peracto
1695 464 1836 502 itinere
1875 467 2007 502 vestro
2055 464 2096 501 in

392 523 589 561 comitatu
637 524 801 568 Kancie,
843 525 1042 564 itineretis
1090 526 1131 563 in
1180 525 1442 564 comitatibus
1490 525 1645 571 Glouc',
1687 526 1905 573 Wigornie,
1947 526 2098 573 Heref',

395 584 509 623 Staff'
549 589 588 623 et
629 586 802 635 Salopie,
844 587 1008 636 Noting’
1049 591 1087 626 et
1136 587 1268 633 Derb’,
1310 589 1358 626 ad
1397 589 1534 626 omnia
1571 588 1720 637 placita
1759 601 1839 625 una
1878 601 1968 626 cum
2008 589 2098 627 aliis

392 660 492 696 quos
535 648 646 686 vobis
685 649 733 686 ad
772 649 847 687 hoc
887 649 1190 688 associabimus.
1267 651 1322 688 Et
1360 650 1448 688 ideo
1487 650 1599 688 vobis
1633 650 1876 688 mandamus
1906 652 2100 701 quatinus

394 710 442 748 de
474 714 652 759 tempore
684 711 792 749 infra
824 712 929 761 quod
961 712 1122 750 creditis
1154 726 1223 750 vos
1258 726 1373 762 posse
1407 712 1589 761 expedire
1624 726 1699 761 que
1733 713 1781 750 ad
1813 713 1888 751 1191·
1922 718 2099 752 vestrum

395 773 599 821 pertinent
665 773 706 810 in
763 774 943 823 predicto
1009 775 1205 813 comitatu
1263 775 1413 813 Rancie
1475 788 1544 824 per
1600 775 1754 813 litteras
1811 779 1964 813 vestras
2029 789 2101 814 nos

395 834 613 873 certificare
648 849 729 874 non
768 836 982 882 omittatis,
1023 840 1068 875 ut
1102 840 1250 876 extunc
1282 837 1504 876 secundum
1539 837 1644 886 quod
1684 837 1777 875 inde
1816 839 2100 887 acceperimus,

396 896 481 935 fieri
521 897 718 935 faciamus
756 899 1094 937 summonitiones
1133 899 1173 936 in
1207 899 1403 937 comitatu
1444 899 1600 944 Glouc',
1645 898 1712 937 ubi
1761 899 1948 938 volumus
1998 901 2102 950 quod

396 960 621 1009 predictum
661 960 735 999 iter
768 964 947 999 vestrum
987 961 1218 1011 incipiatur.
1296 962 1413 1000 Teste
1453 966 1497 1000 ut
1533 975 1666 1011 supra.

506 1084 585 1119 I'ro
622 1084 717 1120 clero
760 1084 1060 1121 ‹mania—Rex
1100 1083 1206 1121 diem
1246 1083 1495 1132 assignatam
1536 1083 1642 1121 inter
1681 1084 1832 1122 clerum
1880 1088 1918 1122 et
1962 1085 2105 1134 probos

399 1144 584 1183 homines
624 1145 776 1183 Oxonie
816 1146 1045 1195 prorogavit
1084 1159 1208 1196 usque
1244 1146 1349 1183 diem
1390 1146 1649 1184 Dominicam
1689 1151 1780 1185 aute
1820 1147 2105 1186 Ascensionem

400 1206 579 1245 Domini.
658 1208 775 1247 Teste
815 1221 904 1257 rege
943 1209 1049 1257 apud
1087 1208 1279 1254 Windesss
1320 1208 1422 1259 xiiij,
1461 1209 1523 1247 die
1562 1209 1725 1259 Aprilis.

512 1329 595 1367 Rex
643 1329 788 1368 dilecto
835 1333 874 1368 et
920 1330 1028 1368 fideli
1077 1343 1148 1368 suo
1188 1330 1384 1368 Mauricio
1430 1330 1515 1369 filio
1555 1331 1730 1378 Geroldi,
1770 1331 1993 1381 justiciario
2037 1344 2109 1370 suo

405 1390 612 1437 Hibernie‚
652 1392 838 1431 salutem.
927 1392 1073 1431 Sciatis
1120 1393 1224 1442 quod
1272 1393 1457 1431 electioni
1506 1393 1608 1431 facte
1656 1393 1702 1431 de
1749 1394 1915 1431 licentia
1963 1398 2107 1440 vestra,

405 1457 450 1491 ut
497 1454 657 1499 dicitur,
699 1455 745 1492 de
786 1455 956 1501 Thoma,
996 1455 1146 1493 decano
1195 1455 1421 1500 Cloenensi,
1468 1455 1508 1492 in
1553 1456 1785 1505 episcopum
1830 1456 2107 1503 Cloenensem,

406 1516 498 1554 licet
538 1516 625 1554 fieri
663 1529 743 1554 non
784 1516 986 1555 debuisset
1025 1517 1110 1555 sine
1149 1517 1312 1555 licentia
1351 1530 1372 1554 a
1410 1516 1524 1555 nobis
1572 1517 1669 1566 ipsis
1707 1518 1799 1555 inde
1837 1518 1948 1567 prius
1987 1520 2112 1568 petita

409 1581 447 1616 et
486 1580 663 1627 optenta,
694 1592 764 1628 pro
802 1582 1036 1628 paupertate
1076 1583 1212 1617 tamen
1252 1579 1415 1617 ecclesie
1456 1579 1688 1618 Cloenensis
1726 1581 1801 1618 hac
1833 1581 1916 1619 vice
1956 1581 2109 1630 regium

407 1640 668 1680 adhibuimus
725 1654 935 1679 assensum
985 1646 1023 1680 et
1078 1642 1269 1686 favorem,
1328 1642 1570 1679 mandantes
1622 1643 1841 1680 venerabili
1898 1644 2002 1692 patri
2060 1644 2109 1681 D.

408 1705 634 1742 Armacano
681 1704 981 1754 archiepiscopo
1030 1708 1073 1742 ut
1122 1704 1205 1754 ipse
1251 1704 1355 1754 quod
1404 1717 1522 1742 suum
1571 1709 1630 1742 est
1682 1709 1900 1755 exequatur
1949 1707 1988 1743 in
2038 1707 2111 1744 hac

408 1770 534 1817 parte.
611 1767 667 1805 Et
706 1767 793 1805 ideo
832 1767 944 1806 vobis
983 1767 1237 1812 mandamus,
1276 1780 1396 1816 quam
1435 1767 1513 1805 cito
1549 1767 1753 1816 predictus
1791 1768 2114 1818 archiepiscopus

408 1843 477 1879 per
523 1830 678 1868 litteras
726 1843 817 1868 suas
864 1833 1047 1879 patentes
1095 1829 1206 1868 vobis
1254 1830 1340 1868 loco
1384 1834 1521 1868 nostro
1561 1831 1849 1879 significaverit
1888 1832 1992 1881 quod
2032 1832 2115 1881 ipse

410 1894 560 1931 dictam
618 1893 854 1931 electionem
912 1893 1152 1931 auctoritate
1209 1892 1522 1941 metropolitana
1577 1893 1890 1939 confirmaverit,
1944 1907 2012 1932 vos
2069 1894 2116 1931 de

411 1956 599 1994 omnibus
658 1956 775 1994 terris
841 1958 880 1993 et
937 1955 1180 1993 tenementis
1237 1955 1287 1992 ad
1343 1954 1497 1993 dictum
1563 1955 1795 2004 episcopum
1851 1956 2115 1995 Cloenensem

413 2018 722 2068 pertinentibus,
752 2019 799 2056 de
833 2017 978 2068 quibus
1012 2018 1078 2055 El'
1109 2017 1311 2066 quondam
1344 2017 1578 2055 Cloenensis
1613 2018 1836 2067 episcopus,
1868 2019 2119 2068 predecessor

412 2082 511 2131 ejus,
563 2081 723 2119 seisitus
776 2081 853 2118 fuit
903 2081 965 2118 dic
1017 2093 1095 2129 quo
1144 2080 1299 2117 dictum
1350 2080 1625 2129 episcopatum
1677 2081 1909 2129 resignavit,
1962 2081 2118 2130 prefato

414 2144 537 2182 electo
568 2144 729 2193 plenam
762 2143 951 2181 seisinam
984 2142 1130 2180 habere
1162 2141 1334 2180 faciatis.
1394 2142 1511 2180 Teste
1549 2155 1613 2180 me
1650 2143 1735 2192 ipso
1769 2143 1874 2193 apud
1909 2143 2118 2191 Windles’‚

413 2207 523 2257 xviij.
563 2207 625 2244 die
665 2206 830 2255 Aprilis.

530 2328 791 2366 (uomica—J.
827 2328 1020 2377 magister
1057 2327 1269 2376 hospitalis
1306 2327 1444 2365 Sancti
1480 2327 1682 2365 Johannis
1717 2327 1870 2365 Oxonie
1893 2328 2123 2365 ‘attornavit

419 2391 671 2429 Willelmum
719 2392 765 2429 de
814 2391 927 2428 Mora
969 2394 1108 2428 contra
1147 2389 1368 2427 Robertum
1417 2389 1549 2427 filium
1589 2390 1735 2439 Rogeri
1782 2390 1829 2428 de
1877 2392 1903 2441 j.
1945 2391 2122 2440 mesagio

419 2454 460 2491 in
501 2453 670 2492 Oxonia.

527 2575 943 2613 Ihm-set.’—Ricardus
981 2574 1184 2613 Sifrewast
1224 2573 1445 2611 attornavit
1482 2572 1702 2611 Robertum
1743 2573 1873 2611 filium
1912 2573 2126 2623 Reginaldi

420 2650 558 2676 versus
601 2636 787 2675 abbatem
837 2637 885 2675 de
921 2637 1118 2674 Binedon’
1158 2638 1379 2680 tenentem,
1420 2635 1467 2672 de
1517 2648 1598 2673 una
1646 2639 1833 2674 carucata
1882 2639 1984 2674 terre
2033 2649 2124 2674 cum

422 2700 678 2750 pertinentiis
717 2700 759 2737 in
798 2699 1069 2738 Winterburn'
1113 2697 1342 2737 Gruah⁷bon.

534 2787 636 2834 Quia
665 2787 903 2825 venerabilis
934 2790 1046 2836 pater
1076 2787 1128 2824 H.
1159 2785 1348 2836 Elyensis
1378 2785 1601 2834 episcopus,
1634 2785 1708 2823 erit
1737 2798 1870 2824 coram
1902 2799 1992 2835 rege
2023 2787 2128 2835 apud

425 2850 832 2887 XVestmonasterium
872 2863 940 2898 per
977 2852 1207 2898 preceptum
1249 2847 1351 2896 regis
1385 2848 1447 2884 die
1479 2849 1591 2884 Lune
1630 2848 1813 2896 proxima
1852 2851 1940 2896 post
1979 2848 2126 2886 festum

430 2912 568 2950 Sancti
604 2911 729 2949 Marci
771 2911 1056 2960 Ewangeliste‚
1089 2910 1328 2948 mandatum
1365 2913 1424 2947 est
1454 2909 1633 2947 μ10111111111
1671 2910 1717 2947 de
1757 2910 1899 2948 Nevill'
1937 2913 1974 2948 et
2014 2911 2131 2948 sociis

427 2974 509 3011 suis
546 2973 779 3021 justiciariis
818 2972 1103 3010 itinerantibus
1143 2972 1191 3009 ad
1230 2971 1378 3020 placita
1417 2971 1560 3008 foreste
1600 2971 1641 3008 in
1679 2972 1874 3009 comitatu
1914 2972 2131 3017 Huntind',

415 3025 533 3085 *quod
577 3035 785 3073 occasione
834 3034 1062 3072 communis
1112 3033 1443 3071 summonitionis
1496 3033 1599 3071 facte
1648 3046 1781 3071 coram
1830 3034 1885 3071 eis
1932 3034 1981 3071 ad
2029 3034 2134 3071 diem

428 3098 545 3135 illum
584 3097 809 3146 predictum
844 3096 1075 3146 episcopum
1116 3097 1156 3133 in
1196 3096 1308 3133 nullo
1345 3095 1599 3133 occasionent
1639 3096 1700 3133 vel
1730 3099 1909 3144 gravent.
1983 3096 2133 3134 Omnes

430 3160 550 3198 etiam
582 3159 772 3208 loquelas,
804 3171 878 3207 que
908 3158 1131 3207 predictum
1166 3158 1398 3207 episcopum
1431 3157 1492 3194 vel
1527 3158 1734 3196 ecclesiam
1767 3170 1880 3195 suam
1912 3157 2131 3207 Elyensem

432 3221 677 3270 contingunt
716 3220 757 3257 in
795 3219 936 3257 itinere
976 3233 1047 3257 suo
1085 3220 1126 3257 in
1166 3219 1360 3257 comitatu
1399 3219 1588 3268 predicto,
1628 3222 1780 3268 ponant
1818 3219 1859 3256 in
1907 3223 2131 3268 respectum

434 3296 557 3333 usque
606 3283 647 3319 in
695 3285 783 3319 octo
831 3281 914 3318 dies
953 3294 975 3318 a
1011 3282 1074 3319 die
1113 3283 1225 3318 Lune
1269 3281 1459 3330 predicto.
1527 3281 1642 3318 Teste
1686 3294 1774 3329 rege
1822 3281 1926 3329 apud
1976 3280 2134 3331 Kenyt'‚

434 3345 545 3395 xxiij.
586 3344 648 3382 die
687 3343 849 3394 Aprilis.

419 3427 434 3460 2
469 3430 484 3461 ’;·
525 3443 544 3461 ψ
