2375 3587
256 205 271 219 ς

266 229 272 244 )

250 207 331 247 &32

312 330 437 377 1235

292 398 352 436 [m.
378 396 474 434 2111]

320 2194 457 2239 1236

1182 204 1370 250 CLOSE
1415 204 1620 250 ROLLs

658 402 857 441 Walterus
897 404 1060 442 Gervas’
1100 403 1209 441 venit
1248 416 1382 441 coram
1430 417 1518 452 rege
1557 403 1662 452 apud
1702 402 1952 441 Wintoniam
1992 402 2034 440 in
2074 403 2250 441 crastino

546 463 780 502 Nativitatis
820 465 999 511 Domini,
1040 478 1146 502 anno
1185 469 1257 502 etc.
1295 478 1359 501 xx.
1401 468 1440 502 et
1478 465 1594 513 petiit
1634 468 1781 502 terram
1822 478 1936 503 suam
1976 465 2017 502 in
2057 465 2249 503 Bocland’

546 525 621 563 sibi
660 526 882 575 replegiari,
919 540 993 576 que
1032 533 1149 575 capta
1187 532 1247 564 est
1287 527 1328 563 10
1370 539 1538 564 manum
1579 526 1681 575 regis
1713 529 1874 575 propter
1905 527 2097 565 defaltam
2131 540 2252 576 quam

546 587 639 625 fecit
673 601 807 626 coram
841 588 1075 638 justiciariis
1114 588 1161 625 de
1197 588 1333 625 Bauco
1368 601 1505 626 versus
1537 588 1771 626 ‚Johannam
1793 588 1979 634 Brewer’,
2012 591 2057 626 ut
2091 589 2250 627 dicitur.

561 650 602 687 <³³
641 650 715 688 hoc
755 651 1029 699 significatum
1070 654 1129 687 est
1168 650 1404 699 justiciariis
1444 650 1648 699 predictis.
1727 650 1843 688 Teste
1882 653 1927 688 ut
1966 663 2099 700 supra.

656 754 831 791 Thomas
880 754 926 791 de
977 755 1153 791 &treton'
1193 754 1413 791 attornavit
1463 754 1687 791 Walterum
1735 754 1782 791 de
1823 753 2011 800 Refford’,
2050 753 2252 800 clericum,

547 819 585 853 et
621 815 837 853 Ricardum
872 816 918 852 de
954 816 1126 852 Morton’
1164 828 1299 853 versus
1340 815 1557 853 Ricardum
1596 815 1727 853 filium
1766 815 1992 865 Reginaldi‚
2030 815 2252 854 Henricum

547 877 675 914 filium
715 877 896 915 Nicholai
947 881 985 914 et
1026 876 1246 915 R-obertum
1287 877 1417 914 filium
1458 877 1553 921 Ade,
1593 880 1790 923 tenentes,
1832 878 1878 915 de
1927 891 2007 916 uno
2047 878 2178 916 thofto
2216 881 2255 916 et

548 953 610 976 xv.
663 939 764 976 acris
814 944 915 975 terre
967 944 1005 976 et
1055 939 1223 976 dimidia
1276 943 1313 976 et
1363 953 1429 977 sex
1479 940 1581 977 acris
1634 944 1672 977 et
1724 953 1805 977 una
1858 940 1954 977 roda
2004 941 2109 989 prati
2162 953 2254 978 01101

548 1001 803 1050 pertinentiis
842 1000 882 1037 111
925 1001 1200 1050 Wakeringh'.
1261 1001 1376 1039 Teste
1419 1003 1517 1052 (sir).

656 1105 738 1141 Rex
795 1105 1017 1142 vicecomiti
1068 1105 1226 1154 Salopie
1279 1105 1466 1143 salutem.
1546 1106 1587 1144 si
1639 1105 1871 1143 Willelmus
1925 1106 1972 1143 de
2021 1105 2253 1155 Cantilupo,

548 1173 680 1204 custos
720 1167 854 1204 Avicie
905 1171 943 1204 et
982 1167 1119 1211 Lucie,
1161 1167 1338 1204 filiarum
1389 1175 1427 1204 et
1477 1167 1668 1205 heredum
1712 1167 1856 1216 Rogeri
1896 1168 1942 1205 de
1986 1169 2077 1217 Say,
2118 1167 2255 1206 fecerit

549 1236 583 1266 tv
634 1241 818 1265 securum
857 1233 947 1273 etc,
989 1236 1085 1266 tunc
1134 1242 1236 1278 pone
1284 1242 1352 1278 per
1390 1229 1553 1266 vadium
1593 1234 1667 1267 etc.
1709 1229 1910 1267 Thomain
1952 1228 2110 1275 Corbet,
2151 1229 2256 1279 quod

549 1290 599 1327 sit
647 1303 778 1327 coram
832 1290 1068 1339 justiciariis
1118 1291 1266 1328 nostris
1316 1290 1605 1328 itinerantibus
1656 1291 1696 1328 in
1748 1291 1945 1329 comitatu
1993 1291 2105 1328 Wilt’
2152 1291 2257 1339 apud

550 1351 715 1389 Wilton’
749 1352 789 1388 in
825 1351 975 1390 oct-abis
1010 1353 1147 1390 Sancti
1182 1352 1342 1389 Hillarii
1375 1358 1608 1390 ostensurus
1639 1366 1761 1402 quare
1793 1352 2028 1390 deforciavit
2067 1353 2255 1401 predictis

548 1414 682 1451 Avicie
734 1418 772 1451 et
826 1414 948 1452 Lucie
1002 1414 1192 1452 seisinam
1251 1415 1461 1464 cujusdam
1520 1414 1627 1453 bosci
1684 1415 1723 1451 in
1779 1414 2094 1458 Ambaldestou',
2135 1427 2256 1463 quam

549 1480 881 1524 recupefaverunt
921 1489 1013 1524 erga
1052 1490 1144 1513 eum
1186 1477 1224 1513 111
1264 1477 1374 1514 curia
1414 1481 1550 1514 nostra
1587 1489 1721 1515 coram
1756 1477 1990 1526 justiciariis
2026 1477 2173 1514 nostris
2208 1476 2256 1514 ad

550 1538 622 1575 hoc
662 1538 877 1587 assignatis
916 1551 984 1586 per
1022 1539 1191 1576 assisam
1231 1552 1331 1576 nove
1371 1539 1578 1576 disseisine
1617 1539 1722 1577 inter
1761 1552 1826 1577 eos
1866 1539 1957 1576 inde
1997 1541 2170 1587 captam,
2211 1541 2255 1576 ut

548 1600 707 1638 dicitur.
782 1601 835 1638 Et
875 1600 1021 1638 habeas
1057 1601 1109 1639 ibi
1151 1602 1316 1639 nomina
1357 1602 1578 1651 plegiorum
1618 1606 1656 1640 et
1695 1602 1769 1640 hoc
1808 1601 1938 1640 breve.
2012 1601 2127 1639 Teste
2167 1614 2256 1650 rege

549 1671 623 1701 etc.
661 1663 767 1712 apud
808 1663 1019 1700 Merewell'
1062 1663 1199 1713 xxviij.
1241 1664 1302 1701 die
1343 1663 1586 1702 Decembris.

662 1775 677 1811 Ι
686 1775 1021 1823 )‹n·s'.—Rogerus
1081 1776 1296 1825 Syfrewast
1348 1776 1567 1813 attornavit
1624 1775 1845 1814 Robertum
1904 1775 2067 1814 Uokerel
2121 1789 2257 1814 versus

550 1837 734 1875 abbatem
766 1837 812 1874 de
845 1837 1050 1875 Binedone
1087 1842 1304 1884 tenentem,
1338 1838 1384 1876 de
1421 1851 1499 1876 una
1533 1842 1719 1876 carucata
1740 1842 1841 1876 terre
1876 1851 1967 1876 cum
2003 1838 2257 1887 pertinentiis

552 1900 592 1936 in
634 1899 907 1937 Winterburn'
950 1899 1186 1938 Guahebon.

665 2005 1181 2052 1&rutilii-issi«.WRanulfus
1215 2005 1322 2043 filius
1358 2005 1524 2044 Henrici
1558 2005 1781 2044 attornavit
1817 2005 1992 2042 Alanum
2027 2005 2260 2043 Marewater

553 2074 591 2104 et
630 2067 848 2105 [ctredum
883 2067 929 2104 de
965 2067 1140 2105 Castello
1174 2067 1371 2105 Bernardi
1407 2081 1541 2105 versus
1574 2068 1804 2105 ,Iohannem
1837 2067 1969 2104 filium
2005 2067 2172 2106 Henrici
2211 2068 2259 2106 de

554 2129 668 2167 feodo
707 2129 863 2166 dimidii
904 2129 1046 2167 militis
1084 2142 1175 2167 cum
1215 2130 1474 2179 pertinentiis
1514 2129 1554 2166 in
1597 2130 1797 2179 Hynton'.

664 2244 754 2279 lucr.
819 2243 869 2278 l›e
908 2243 1015 2279 l’etw
1055 2251 1086 2279 et
1128 2242 1472 2289 &aphunah—Rex
1504 2241 1623 2280 Petro
1654 2242 1701 2279 (16
1734 2241 1880 2279 Rivass’
1916 2241 2102 2280 salutem.
2162 2242 2262 2289 Quia

556 2305 744 2341 nolumus
782 2305 886 2353 quod
926 2304 999 2342 sub
1038 2305 1238 2343 conductu
1286 2310 1423 2342 nostro
1469 2304 1621 2342 diutius
1669 2304 1710 2341 in
1754 2317 1875 2353 regno
1909 2307 2046 2342 nostro
2084 2317 2260 2350 10610665,

558 2366 629 2404 tibi
682 2366 923 2415 precipimus
975 2367 1093 2416 quod,
1150 2366 1289 2405 statim
1343 2366 1439 2404 visis
1494 2366 1641 2404 litteris
1698 2366 1799 2412 istis,
1855 2379 2022 2415 regnum
2080 2370 2262 2404 nostrum

556 2441 684 2471 exeas,
739 2428 912 2465 sciturus
946 2429 1050 2478 quod
1090 2428 1168 2466 nisi
1208 2428 1362 2473 feceris,
1413 2428 1638 2466 vicecomiti
1679 2431 1815 2466 nostro
1857 2428 1974 2466 Suht'
2014 2427 2264 2477 precepimus

556 2490 661 2539 quod
725 2496 761 2527 te
823 2490 898 2539 [de]
959 2491 1152 2529 comitatu
1219 2491 1259 2527 in
1327 2491 1568 2529 comitatum
1635 2489 1873 2539 interrogari
1938 2489 2072 2535 faciat,
2140 2490 2264 2528 donec

558 2551 777 2590 secundum
818 2552 985 2590 assisam
1026 2556 1066 2590 et
1106 2552 1217 2601 regni
1257 2553 1386 2590 nostri
1425 2552 1760 2591 consuetudinem
1807 2552 1849 2588 in
1896 2551 2014 2600 pleno
2068 2551 2264 2590 comitatu

559 2613 681 2650 fueris
721 2613 940 2662 utlagatus.
1002 2614 1116 2652 Teste
1156 2627 1245 2663 rege
1284 2614 1390 2663 apud
1430 2613 1680 2663 Merleberg',
1722 2613 1764 2663 ij.
1805 2613 1869 2651 die
1910 2613 2107 2651 <Ianuar-ii.

668 2690 821 2728 Eodem
859 2691 978 2728 modo
1017 2691 1255 2728 mandatum
1295 2694 1353 2729 est
1407 2691 1525 2729 Petro
1577 2691 1624 2728 de
1677 2690 1822 2729 Rivall'
1863 2703 1907 2728 60
1953 2693 2119 2740 excepto
2157 2690 2263 2740 quod

561 2753 612 2790 sit
650 2752 804 2790 mentio
846 2753 892 2790 de
930 2752 1162 2791 vicecomite
1201 2754 1305 2791 War'
1346 2756 1386 2791 et
1424 2753 1549 2791 Leic’.
1608 2753 1725 2790 Teste
1767 2754 1864 2803 (sic).

670 2857 754 2894 Rex
788 2855 1014 2895 vicecomiti
1056 2856 1173 2895 Suht‘
1220 2857 1408 2895 salutem.
1469 2857 1578 2896 Scias
1620 2857 1739 2906 quod,
1789 2857 1883 2906 quia
1932 2856 2122 2894 nolumus
2160 2857 2266 2906 quod

563 2918 707 2957 Petrus
757 2918 804 2956 de
860 2918 1007 2956 Rivall'
1059 2918 1212 2957 diutius
1262 2918 1335 2957 sub
1387 2919 1592 2958 conductu
1645 2922 1784 2957 nostro
1836 2922 1998 2957 maneat
2051 2919 2092 2956 in
2145 2931 2268 2967 regno

561 2984 712 3025 nostro,
766 2980 1019 3029 precepimus
1072 2980 1107 3018 ei
1159 2981 1264 3030 quod
1317 2981 1456 3019 statim
1511 2981 1608 3020 visis
1672 2980 1818 3018 litteris
1879 2980 2027 3018 nostris
2096 2993 2265 3029 regnum

561 3045 746 3080 nostrum
786 3046 912 3079 exeat.
972 3042 1086 3088 Quod
1138 3042 1216 3080 nisi
1269 3043 1422 3088 fecerit,
1463 3042 1535 3081 tibi
1587 3042 1833 3092 precipimus
1885 3042 1990 3090 quod
2040 3041 2266 3090 predictum

562 3104 728 3141 Petrum
768 3103 815 3141 de
853 3103 1050 3145 comitatu
1088 3103 1129 3141 in
1159 3104 1398 3142 comitatum
1436 3103 1675 3153 interrogari
1710 3103 1846 3148 facias,
1881 3103 2006 3140 donec
2046 3102 2266 3142 secundum

562 3166 731 3204 assisam
773 3169 812 3203 et
851 3166 964 3214 regni
1003 3166 1133 3204 nostri
1171 3166 1505 3204 consuetudinem
1547 3166 1587 3202 in
1623 3166 1742 3213 pleno
1791 3164 1987 3202 comitatu
2038 3168 2106 3201 tuo
2146 3164 2269 3201 fuerit

561 3227 777 3276 utlagatus.
838 3227 955 3264 Teste
995 3232 1039 3265 ut
1076 3240 1208 3276 supra.

669 3305 825 3343 Eodem
875 3304 994 3343 modo
1046 3305 1283 3343 mandatum
1334 3304 1562 3344 vicecomiti
1614 3304 1722 3342 War’
1772 3307 1810 3341 et
1850 3302 1957 3341 Leic’
1998 3303 2044 3340 de
2084 3302 2263 3351 predicto

564 3367 781 3417 Stephano.
853 3368 1101 3416 [eumenem]
1144 3366 1246 3413 Quia
1284 3370 1478 3405 revocate.
