2375 3587
240 215 324 254 444

300 344 444 391 1237.

305 411 452 450 [m‚13.]

278 3208 339 3247 [m.
361 3209 427 3248 12.]

1168 218 1353 261 GLOSE
1398 218 1603 260 ROLLS.

652 414 805 452 Eodem
845 415 963 452 modo
1000 415 1238 452 mandatum
1277 416 1338 451 est
1357 425 1420 450 :—

753 477 987 515 Vicecomiti
1027 476 1220 514 Devonie.

752 538 987 576 Vicecomiti
1028 537 1240 575 Cornubie.

648 634 720 669 [²1¹0
762 634 991 670 szsstancia
1038 647 1152 669 imore
1192 633 1385 668 ,Iohannis
1427 631 1892 669 Rlzzmlz‘.—Mandatum
1931 634 1990 669 est
2030 630 2234 669 Willelmo

535 694 618 732 filio
657 693 816 733 Ricardi
863 695 967 744 quod
1016 695 1062 731 de
1110 693 1299 732 omnibus
1347 693 1463 730 terris
1503 693 1705 731 ‚Iohannis
1746 692 1911 739 Blandi,
1952 693 2059 741 capti
2107 695 2146 730 et
2192 693 2234 729 in

534 755 696 804 prisona
733 756 834 804 regis
874 756 1027 794 Oxonie
1067 755 1233 799 detenti,
1274 767 1373 804 quas
1411 754 1517 803 cepit
1565 754 1606 791 in
1657 767 1826 792 inanum
1875 754 1978 803 regis
2027 754 2234 792 occasione

533 817 706 865 predicte
736 818 946 866 captionis,
975 818 1213 855 Constancie
1244 816 1356 854 uxori
1393 816 1480 865 ejus
1509 816 1673 865 plenam
1707 816 1898 854 seisinam
1931 815 2077 854 habere
2111 816 2234 854 faciat

532 879 580 916 ad
620 879 958 917 sustentationem
999 879 1124 927 ipsius
1163 878 1405 916 Constancie
1443 881 1482 916 et
1521 891 1737 927 puerorum
1777 891 1967 923 suorum3
2008 881 2046 916 et
2084 878 2116 916 si
2155 891 2233 927 qua

531 941 678 979 catalla
715 955 790 990 que
824 943 987 979 fuerunt
1023 941 1148 989 ipsius
1179 940 1380 978 ἓ10110111110
1419 940 1524 989 cepit
1562 940 1771 978 occasione
1806 940 1984 990 ejusdem
2019 940 2231 989 captionis,

531 1016 576 1040 ea
614 1003 740 1041 eidem
781 1003 1023 1041 Constancie
1062 1002 1262 1039 restituat.
1323 1002 1440 1040 Teste
1480 1015 1570 1051 rege
1609 1005 1654 1039 ut
1694 1015 1826 1051 supra.

640 1100 691 1135 lm
719 1100 891 1135 instauro
922 1100 968 1136 R.
999 1100 1184 1146 qnondam
1221 1098 1512 1134 J‘)1mlmlm..0nsis
1552 1099 1728 1145 episcopi,
1770 1098 1963 1134 liberanda
1996 1099 2151 1135 leuberto
2191 1100 2233 1134 de

532 1160 1043 1208 ('reppz'nq’.—Mandatum
1083 1163 1142 1197 est
1182 1159 1361 1197 Johanni
1415 1159 1499 1197 filio
1550 1159 1743 1208 Philippi,
1783 1159 1938 1197 custodi
1981 1159 2233 1208 episcopatus

529 1221 861 1266 Dunholmemis,
902 1222 1005 1270 (1110(1
1045 1222 1091 1259 (10
1131 1221 1313 1258 instauro
1352 1221 1399 1258 R.
1439 1221 1643 1271 quondam
1685 1221 2003 1259 Dunholmensis
2046 1221 2234 1270 episcopi,

526 1283 630 1332 quod
675 1283 724 1320 ad
780 1296 879 1331 opus
937 1283 1038 1329 regis
1096 1283 1172 1320 emi
1231 1283 1408 1331 precepit
1464 1296 1531 1320 rex
1588 1282 1709 1320 faciat
1766 1282 1912 1321 habere
1962 1282 2136 1321 Roberto
2185 1283 2233 1321 (10

526 1345 740 1394 Crepping⁷
772 1358 804 1382 0.
848 1344 970 1383 bonas
1010 1358 1148 1383 vaccas
1189 1345 1394 1394 ponendas
1432 1358 1511 1394 quo
1549 1345 1583 1382 ei
1624 1345 1802 1394 precepit
1840 1358 1906 1383 rex
1945 1358 2014 1394 per
2051 1345 2231 1383 maneria

523 1407 638 1455 regis.
717 1407 832 1444 Teste
873 1420 963 1456 rege
1002 1412 1047 1444 ut
1086 1420 1219 1456 supra.

637 1503 709 1538 l'ro
750 1504 905 1540 Halm-tr»
946 1505 986 1538 sle
1030 1503 1533 1541 heminton.—Mandatum
1573 1506 1632 1540 est
1672 1501 1846 1540 Roberto
1875 1503 1922 1540 de
1953 1502 2228 1552 Everingham

523 1564 627 1614 quod
666 1563 809 1602 habere
849 1564 970 1602 faciat
1023 1565 1199 1603 Roberto
1238 1567 1285 1603 de
1324 1565 1538 1603 Lexinton'
1580 1578 1644 1602 xx.
1684 1577 1852 1613 quercus
1891 1564 1931 1602 in
1971 1564 2090 1603 bosco
2127 1565 2230 1614 regis

522 1626 569 1663 (10
600 1626 850 1664 Mamesfeud
891 1626 996 1664 infra
1029 1627 1220 1665 forestam
1254 1628 1357 1676 regis
1389 1628 1436 1664 de
1470 1627 1687 1672 Shirwud⁷‚
1719 1627 1767 1664 de
1801 1626 1906 1665 dono
1937 1626 2053 1676 regis.
2112 1627 2230 1665 Teste

520 1701 609 1737 rege
648 1689 754 1737 apud
794 1688 1216 1735 Westmonasterium,
1258 1691 1338 1740 xvj.
1379 1690 1442 1727 die
1485 1690 1597 1727 Maii.

631 1785 709 1820 Pro
752 1785 908 1821 [sabella
947 1799 1013 1832 qm
1048 1786 1134 1831 snit
1175 1799 1269 1821 ιμ’-(1)·
1316 1786 1496 1822 Willelmi
1535 1783 1988 1822 manea—Mandatum
2027 1786 2088 1822 est
2125 1784 2229 1822 vice-

520 1846 658 1883 comiti
697 1845 950 1893 Cantebrigio
988 1847 1106 1895 quod,
1148 1850 1312 1896 accepta
1350 1846 1456 1884 bona
1494 1846 1708 1884 securitate
1748 1845 1798 1883 ab
1836 1845 2008 1884 Isabella
2045 1859 2120 1896 que
2150 1846 2228 1884 fuit

522 1920 619 1944 uxor
659 1907 851 1944 Willelmi
891 1908 1041 1945 Avenel
1081 1909 1186 1957 quod
1226 1907 1389 1947 habebit
1427 1921 1561 1946 coram
1601 1920 1691 1956 rege
1731 1908 1773 1944 in
1804 1907 1941 1956 vigilia
1970 1907 2227 1946 Pentecostes

522 1969 704 2018 proximo
739 1969 931 2007 instantis
970 1970 1102 2007 filium
1142 1974 1181 2008 et
1220 1971 1407 2008 heredem
1447 1969 1617 2019 predicti
1648 1969 1857 2015 Willelmi,
1891 1972 1987 2008 tunc
2026 1970 2073 2007 de
2111 1969 2226 2008 terris

520 2035 560 2069 et
590 2032 831 2069 tenementis
861 2045 936 2081 que
966 2032 1130 2070 fuerunt
1160 2032 1285 2081 ipsius
1314 2032 1507 2070 Willehni
1539 2032 1573 2069 ei
1605 2031 1691 2069 sine
1721 2031 1915 2070 dilatione
1944 2031 2225 2071 rationabilem

522 2093 654 2131 dotem
695 2106 809 2131 suam
850 2094 971 2132 faciat
1009 2094 1220 2144 assignari.
1280 2095 1397 2133 Teste
1436 2107 1526 2144 rege
1562 2097 1606 2132 ut
1644 2107 1779 2143 supra.

632 2190 683 2225 [η’
717 2191 931 2237 prismzilms
973 2191 1512 2238 recipien‹Iis-.——Mandatuin
1552 2193 1612 2228 est
1649 2189 1877 2228 vicecomiti
1920 2188 2093 2228 Eboraci
2122 2190 2226 2239 quod

521 2250 619 2288 duos
657 2251 836 2300 prisones
875 2264 973 2300 quos
1010 2252 1219 2290 -Johannes
1259 2253 1474 2302 Urepping'
1515 2252 1550 2290 ei
1589 2251 1777 2290 liberabit
1819 2251 1983 2301 recipiat
2030 2254 2069 2289 et
2116 2252 2225 2290 salvo

520 2313 719 2350 custodiat
756 2313 880 2351 donec
919 2326 985 2351 rex
1025 2314 1133 2352 aliud
1174 2315 1266 2352 inde
1305 2314 1538 2364 preceperit.
1616 2314 1733 2352 Teste
1772 2326 1862 2363 rege
1900 2317 1945 2352 ut
1983 2327 2117 2362 supra.

628 2392 864 2429 Mandatam
904 2396 963 2430 est
1013 2392 1230 2431 baronibus
1275 2394 1323 2431 de
1374 2392 1581 2432 Scaccario
1626 2393 1732 2442 quod
1780 2395 2017 2442 computent
2054 2392 2224 2431 Ricardo

521 2453 568 2490 de
610 2453 714 2503 Grey
754 2453 794 2490 in
834 2453 978 2492 debitis
1016 2468 1091 2503 que
1140 2454 1255 2493 debet
1304 2456 1387 2504 regi
1435 2456 1481 2493 (10
1528 2458 1708 2503 tempore
1754 2467 1833 2503 (1110
1880 2454 1959 2492 fuit
2005 2454 2223 2493 vicecomes

520 2515 622 2564 regis
669 2515 937 2554 Norhunibrie
984 2517 1279 2567 quinquaginta
1328 2530 1482 2556 marcas
1503 2539 1505 2543 ν
1530 2530 1601 2566 pro
1647 2516 1829 2555 custodia
1876 2517 1996 2555 castri
2035 2517 2138 2566 regis
2174 2517 2222 2555 de

521 2576 738 2625 Bamburg’
789 2590 857 2626 pei·
902 2577 1116 2616 dimidium
1166 2592 1319 2617 annum
1370 2579 1482 2628 regni
1530 2578 1633 2627 regis
1681 2592 1745 2616 xx.
1794 2580 1833 2616 et
1880 2579 2015 2617 decem
2067 2591 2222 2617 marcas

520 2651 591 2688 pro
636 2639 818 2676 custodia
865 2639 965 2677 Novi
1015 2642 1143 2678 Gastri
1193 2654 1311 2690 super
1360 2641 1517 2691 Tynam
1565 2653 1634 2689 per
1682 2640 1789 2678 idem
1844 2642 2018 2690 tempus.
2106 2642 2222 2679 Teste

520 2714 609 2750 rege
647 2701 751 2750 apud
784 2701 1203 2749 Westmonasterium,
1240 2703 1320 2741 xix.
1353 2703 1416 2741 die
1452 2702 1563 2741 Maii.
1626 2703 1858 2752 [Cancelled]
1893 2704 1995 2747 Quia
2027 2705 2067 2740 in
2101 2704 2221 2741 rotulo

519 2765 562 2799 de
600 2764 753 2800 liberate
789 2765 885 2800 anni
921 2766 1001 2811 xxj.

633 2858 706 2894 Pro
746 2858 915 2894 Henrz'co
947 2860 989 2895 (Ie
1022 2861 1146 2908 Lonqo
1183 2860 1482 2905 Campa—Rex
1516 2859 1753 2909 perdonavit
1787 2859 1966 2898 Henrico
1999 2860 2046 2898 de
2079 2860 2221 2911 Longo

521 2919 672 2968 Campo
710 2932 774 2956 xx.
816 2932 965 2957 marcas
994 2934 1070 2969 que
1108 2920 1157 2959 ab
1196 2935 1241 2960 eo
1280 2921 1498 2971 exiguntur
1528 2934 1597 2970 per
1630 2921 1988 2960 summonitionem
2026 2922 2220 2961 Scaccarii

520 2981 568 3019 de
606 2981 687 3018 fine
725 2993 842 3030 quem
883 2981 976 3019 fecit
1014 2995 1106 3020 cum
1146 2997 1237 3033 rege
1276 2997 1347 3033 pro
1385 2983 1571 3022 habenda
1604 2983 1645 3021 in
1680 2996 1845 3021 uxorem
1877 2983 2111 3022 Johannam
2144 2998 2220 3035 que

521 3043 599 3081 fuit
632 3056 732 3081 uxor
759 3043 912 3081 Thome
943 3044 989 3081 de
1025 3044 1180 3083 Birkin.
1239 3046 1294 3084 Et
1328 3046 1569 3085 mandatum
1601 3048 1660 3084 est
1689 3044 1905 3084 baronibus
1934 3046 1981 3084 de
2013 3046 2220 3086 Scaccario

520 3105 625 3156 quod
662 3105 796 3154 ipsum
834 3105 928 3143 inde
964 3106 1146 3155 quietum
1185 3121 1270 3146 esse
1308 3108 1474 3147 faciant.
1531 3110 1648 3147 Teste
1685 3120 1776 3157 rege
1813 3111 1857 3146 ut
1894 3121 2028 3158 supra.

627 3201 684 3236 De
720 3201 886 3247 soccaslz'o
924 3201 966 3236 de
987 3201 1506 3250 Pylcerzssny'.—Mandatum
1544 3205 1605 3240 est
1642 3201 1867 3240 vicecomiti
1904 3201 2077 3241 Eboraci
2114 3203 2220 3253 quod

516 3262 560 3300 jd
597 3262 704 3311 quod
737 3261 842 3310 cepit
880 3262 927 3299 de
965 3262 1145 3311 soccagio
1179 3264 1226 3302 de
1257 3264 1472 3315 Pykering'
1501 3278 1523 3302 a
1553 3265 1657 3302 festo
1690 3264 1830 3303 Sancti
1869 3264 2080 3303 Michaelis
2112 3278 2219 3304 anno

519 3324 631 3373 regni
665 3337 729 3361 xx.
761 3324 846 3361 sine
882 3323 1073 3361 dilatione
1107 3325 1245 3363 reddat
1279 3326 1454 3364 Roberto
1488 3327 1535 3364 de
1570 3324 1785 3375 Crepping’
1814 3326 1863 3363 ad
1894 3327 2216 3376 respondendum

519 3387 610 3425 inde
648 3386 697 3424 ad
737 3385 1001 3425 Scaccarium.
1078 3386 1194 3424 Teste
1234 3400 1323 3437 rege
1363 3392 1407 3426 ut
1446 3401 1579 3438 supra.
