2375 3587
194 220 278 260 570

261 350 404 396 1237.

255 415 314 455 [m.
333 416 402 454 2‹l.]

1128 217 1314 261 CLOSE
1358 217 1561 260 ROLLS.

605 416 751 454 Postea
798 416 876 455 fuit
923 416 1162 454 mandatum
1210 414 1316 464 quod
1363 427 1411 452 ex
1448 426 1526 463 quo
1564 412 1693 451 assisa
1741 412 1863 450 fuerit
1910 411 2111 450 tricesima
2157 410 2200 448 in

497 478 612 516 terris
660 478 838 527 ipsarum
886 471 1132 527 leprosarum
1180 479 1219 515 et
1267 475 1480 514 hominum
1526 487 1703 521 suorum,
1744 487 1831 512 eam
1879 486 1960 512 non
2007 472 2201 522 colligant

493 540 588 589 quia
625 553 691 578 rex
729 540 977 589 perdonavit.

603 619 843 657 Consimiles
871 618 1025 657 litteras
1058 616 1209 655 habent
1239 615 1325 665 ipse
1359 615 1512 665 leprose
1542 614 1583 652 in
1614 617 1716 654 com’
1747 613 1927 663 Wigorn’
1957 615 1996 652 et
2026 611 2199 651 Wiltes'.

603 722 686 760 Rex
716 721 942 759 vicecomiti
981 720 1072 758 Not'
1114 722 1153 757 et
1191 717 1457 757 assessoribus
1492 717 1691 756 tricesime
1730 717 1771 754 in
1810 717 1948 755 eodem
1987 714 2198 761 comitatu,

494 784 680 822 salutem.
769 783 913 822 Sciatis
962 782 1067 831 quod
1117 780 1406 819 associavimus
1455 779 1567 818 vobis
1615 779 1824 818 Simonem
1874 778 1921 816 de
1970 777 2201 826 Muscegros

494 849 533 884 et
583 846 800 884 Ricardum
850 845 897 882 de
943 844 1175 893 Muscegros
1226 842 1274 880 ad
1326 841 1575 880 tricesimam
1627 843 1807 879 nostram
1857 839 2112 878 assidendam
2161 840 2200 876 et

493 908 760 958 colligendam
810 920 892 945 una
939 906 1148 945 vobiscum
1200 905 1242 942 in
1293 904 1408 943 terris
1459 907 1498 942 et
1551 902 1894 953 possessionibus*
1921 901 2101 942 Simonis
2152 900 2200 938 de

496 970 635 1008 Monte
674 969 785 1008 Forti
824 969 865 1006 in
906 968 1101 1007 comitatu
1139 966 1332 1016 predicto.
1437 965 1492 1004 Et
1536 965 1624 1004 ideo
1662 964 1776 1003 vobis
1815 964 2058 1002 mandamus
2094 962 2200 1013 quod

494 1033 602 1081 ipsos
652 1032 859 1070 Simonem
908 1034 947 1068 et
995 1029 1211 1068 Ricardum
1260 1029 1309 1066 ad
1356 1029 1431 1066 hoc
1480 1027 1722 1072 admittatis,
1771 1027 1828 1064 ita
1875 1026 1981 1077 quod
2028 1038 2075 1063 ex
2121 1037 2200 1074 quo

495 1094 697 1132 tricesima
734 1093 804 1130 illa
840 1092 965 1130 assisa
1004 1091 1124 1129 fuerit
1162 1094 1201 1129 et
1241 1103 1310 1140 per
1348 1103 1494 1128 manus
1534 1090 1713 1138 ipsorum
1751 1088 1930 1127 Simonis
1967 1090 2006 1126 et
2039 1086 2201 1125 Ricardi

494 1156 662 1194 collecta
699 1155 813 1193 illam
852 1153 901 1192 ab
939 1153 995 1192 eis
1032 1152 1248 1202 recipiatis.
1351 1152 1469 1190 Teste
1513 1164 1577 1189 me
1622 1150 1708 1200 ipso
1756 1151 1863 1200 apud
1910 1148 2090 1199 Noting'‚
2129 1148 2199 1199 vij.

493 1218 556 1256 die
595 1216 792 1256 Octobris.

1104 1305 1114 1356 s
1141 1300 1341 1339 Robertus
1379 1300 1531 1338 Putrel.

604 1339 652 1376 In
693 1339 887 1377 comitatu
925 1338 1031 1377 Lei&
1098 1357 1337 1413 lRobertus
1377 1363 1425 1401 de
1466 1361 1801 1412 Kivelingworth.

1101 1461 1112 1512 1
1139 1458 1280 1498 Simon
1318 1458 1366 1496 de
1405 1457 1589 1495 Turvill'.

601 1496 743 1534 Norht'
1094 1514 1112 1570 ἶ
1138 1521 1318 1571 Rogerus
1356 1520 1404 1558 de
1445 1522 1569 1558 Croft.

604 1619 708 1658 Buk'
750 1622 788 1657 et
828 1618 938 1662 Bed',
979 1616 1038 1654 illi
1077 1617 1212 1656 iidem.

605 1715 808 1753 Henricus
860 1713 906 1751 de
956 1712 1103 1750 Baillol
1151 1715 1189 1750 et
1246 1712 1351 1750 Lora
1401 1724 1502 1749 uxor
1553 1711 1640 1760 ejus
1690 1712 1889 1747 venerunt
1940 1722 2074 1749 coram
2114 1723 2204 1761 rege

495 1779 600 1829 apud
654 1777 882 1815 Eboracum
931 1775 993 1812 die
1040 1774 1229 1813 Mercurii
1282 1776 1372 1823 post
1425 1773 1574 1811 festum
1632 1771 1771 1811 Sancti
1822 1771 1973 1810 Mathei
2023 1772 2206 1822 Apostoli

496 1844 535 1879 et
573 1840 775 1890 petierunt
814 1842 962 1876 terram
1003 1849 1118 1874 suam
1158 1836 1199 1874 in
1240 1837 1411 1874 Burton'
1453 1834 1528 1873 sibi
1569 1833 1780 1883 replegiari
1818 1835 1894 1871 etc.

602 1935 842 1972 Mandatum
882 1935 941 1969 est
979 1931 1205 1970 vicecomiti
1252 1930 1423 1969 Eboraci
1464 1932 1503 1968 et
1541 1927 1808 1967 assessoribus
1846 1931 1886 1966 et
1924 1928 2202 1968 collectoribus

493 1998 691 2037 tricesime
730 1996 771 2032 in
811 1995 949 2032 eodem
990 1993 1186 2032 comitatu
1225 1994 1329 2043 quod
1369 1993 1535 2031 Petrum
1573 1992 1621 2029 de
1661 1991 1860 2040 Cnapton’
1901 1993 1940 2029 et
1977 1991 2116 2030 David'
2164 1992 2200 2031 le

494 2061 697 2099 Lai-doner
746 2057 942 2104 recipiant
999 2056 1040 2093 in
1095 2056 1222 2094 socios
1279 2056 1327 2094 ad
1384 2054 1631 2093 tricesimam
1688 2053 1792 2102 regis
1849 2053 2105 2092 assidendam
2158 2055 2199 2092 in

494 2124 610 2162 terris
648 2126 686 2160 et
734 2118 986 2158 libertatibus
1035 2118 1189 2157 abbatis
1243 2118 1442 2160 Eboraci;
1500 2120 1539 2155 et
1584 2129 1675 2155 cum
1731 2115 1851 2154 fuerit
1903 2118 1960 2154 ita
2011 2130 2080 2165 per
2134 2130 2201 2156 eos

493 2186 661 2225 collecta
696 2182 935 2233 permittant
976 2180 1082 2229 ipsos
1120 2181 1219 2219 duos
1250 2194 1337 2218 eam
1369 2179 1556 2229 colligere
1591 2181 1629 2216 et
1664 2177 1733 2223 sic,
1765 2177 1976 2216 collectam
2006 2178 2202 2229 recipiant

495 2248 544 2287 ab
582 2247 746 2285 eisdem.
824 2243 940 2281 Teste
980 2255 1068 2292 rege
1107 2243 1211 2292 apud
1251 2242 1424 2288 Lichef',
1465 2254 1502 2279 x.
1543 2240 1605 2278 die
1645 2238 1842 2278 Octobris.

1102 2338 1280 2395 (Simon
1319 2337 1366 2375 de
1406 2334 1700 2385 Castelkayroc.

727 2373 774 2409 In
815 2370 852 2407 *sl
867 2368 1056 2407 estmeril’
1097 2397 1349 2445 {Galfridug
1386 2398 1433 2436 de
1473 2400 1610 2436 Cruce.

728 2531 841 2569 Line,
1092 2505 1107 2555 j
1140 2496 1348 2534 Johannes
1386 2494 1433 2532 de
1473 2492 1653 2560 Useflet'.

1098 2558 1108 2598 1
1139 2557 1338 2596 Robertus
1376 2557 1423 2594 de
1462 2554 1624 2593 Baillol.

729 2688 922 2729 Cumbria
1090 2668 1106 2719 3
1139 2654 1308 2721 Ρΐθᾶίςῶ
1349 2652 1491 2692 Simon
1530 2651 1578 2689 de
1616 2649 1806 2689 Castelk'.

1097 2723 1105 2757 1
1140 2716 1348 2756 Galfridus
1386 2715 1434 2753 de
1473 2714 1611 2753 Cruce,

606 2816 845 2858 Consimiles
882 2815 1038 2853 litteras
1078 2811 1203 2850 habet
1241 2811 1349 2861 prior
1389 2810 1537 2849 Sancte
1575 2808 1733 2847 Andree
1766 2807 1911 2846 Norht’
1943 2808 1990 2846 de
2026 2808 2202 2849 Waltero

495 2896 588 2923 cuin
636 2879 769 2919 Barba
824 2880 862 2916 et
919 2875 1115 2914 Nicholas
1172 2874 1220 2911 de
1270 2872 1458 2911 Bosevill'
1512 2872 1553 2909 in
1606 2871 1802 2910 comitatu
1854 2870 2012 2916 Norht’,
2065 2874 2105 2909 et
2153 2871 2201 2910 de

498 2943 674 2983 Henrico
712 2942 759 2979 de
796 2938 1002 2977 Plumton'
1042 2940 1081 2975 et
1119 2936 1232 2974 Luca
1269 2935 1316 2972 de
1355 2933 1597 2973 Culeworth'
1636 2932 1678 2970 in
1717 2931 1913 2971 comitatu
1950 2931 2073 2970 Leic’.

605 3051 929 3094 Glauca—Prior
985 3049 1033 3087 de
1102 3048 1318 3098 Lantonay
1372 3050 1485 3084 extra
1550 3045 1709 3091 Glouc’‚
1766 3047 1921 3090 tenens,
1979 3045 2201 3083 attornavit

494 3117 743 3158 Willelmum
795 3113 843 3151 de
892 3111 1065 3149 Marisco
1117 3113 1155 3148 et
1207 3109 1433 3147 Walterum
1483 3108 1530 3145 de
1571 3107 1709 3145 Glouc’
1747 3108 1887 3145 contra
1919 3104 2113 3155 Egidium
2152 3106 2200 3145 de

494 3179 666 3224 Berkel’,
705 3178 922 3226 petentem,
963 3173 1010 3211 de
1048 3171 1228 3210 manerio
1265 3171 1312 3209 de
1351 3169 1600 3218 Quedesleg’.

602 3285 948 3339 Heraeff’.——Abbas
1017 3284 1158 3323 Glouc'
1227 3282 1448 3321 attornavit
1515 3280 1745 3320 Galfridum
1810 3280 1857 3318 de
1922 3280 2101 3318 Weston'
2158 3284 2197 3319 et

497 3355 728 3394 Johannem
767 3350 813 3388 de
855 3347 971 3387 Culn'
1014 3348 1154 3384 contra
1194 3345 1412 3383 Ricardum
1450 3345 1692 3381 Pauncevot.
