2375 3587
217 140 299 182 168

276 271 418 318 1235.

265 338 433 377 Dn.18d]

1145 143 1331 188 GLOSE
1375 145 1579 189 ROLLS.

622 341 965 381 (iconia—Leon
1001 356 1100 382 uxor
1141 344 1295 382 Thome
1330 344 1378 382 de
1414 345 1543 382 Lenn'
1583 345 1803 385 attornavit
1842 344 2040 383 Thomam
2078 344 2210 384 virum

512 414 631 439 suum
699 415 837 442 versus
902 404 1147 444 abbatissam
1215 406 1263 444 de
1323 406 1558 445 Godestowe
1614 407 1661 446 de
1717 419 1799 446 uno
1855 406 2062 456 mesuagio
2117 419 2210 445 cum

511 463 766 512 pertinentiis
805 465 847 504 in
886 466 1055 505 Oxonia.

618 585 1012 631 Now-f’.—Robertus
1057 586 1105 625 de
1153 587 1257 626 Brus
1305 588 1525 626 attornavit
1571 588 1823 627 Willelmum
1870 588 1919 626 de
1967 587 2208 634 Torneham,

509 645 712 693 clericum,
751 660 889 686 versus
926 648 1130 697 Rogerum
1168 649 1216 687 de
1263 649 1459 688 Tholhus'
1497 652 1537 688 et
1575 650 1778 700 Rogerum
1817 650 1864 688 de
1902 649 2125 701 Roylaund'
2164 649 2211 688 de

510 707 745 747 rationabili
783 712 970 759 compoto
1006 713 1081 748 etc.

621 828 1076 877 Canteh1·<igsia.—Hamo
1126 831 1245 869 Pech’
1299 831 1523 870 attornavit
1575 831 1794 870 Ricardum
1851 830 2116 870 Herchebaud
2172 833 2211 869 et

511 888 761 927 Willelmum
790 890 826 928 le
856 889 1006 929 Parker
1034 904 1172 931 versus
1209 892 1395 931 abbatem
1434 894 1481 931 de
1519 893 1679 932 Rames'
1720 895 1940 940 tenentem,
1975 893 2023 932 de
2056 892 2211 931 duabus

509 952 706 990 carucatis
752 954 854 990 terre
892 965 984 991 cum
1022 954 1278 1003 pertinentiis
1312 955 1354 993 in
1392 955 1510 1002 Oure,
1550 958 1717 1005 excepta
1751 955 2011 995 advocatione
2048 955 2212 994 ecclesie

509 1013 557 1051 de
595 1014 712 1052 Oure.

618 1099 860 1139 Mandatum
900 1104 960 1140 est
996 1102 1301 1141 vicecomitibus
1338 1103 1466 1141 Lond'
1505 1104 1610 1153 quod
1649 1115 1793 1141 navem
1831 1104 1994 1142 Radulfi
2026 1106 2212 1156 Hugonis

510 1162 558 1199 de
596 1161 673 1200 Kef
710 1162 757 1200 de
796 1162 902 1201 Cauz
941 1166 980 1202 et
1019 1177 1164 1202 navem
1193 1164 1406 1203 Eustachii
1438 1164 1665 1214 Saligentes
1695 1166 1742 1204 de
1774 1165 1923 1205 Sancto
1953 1167 2146 1206 Walerico
2174 1170 2213 1206 et

511 1235 655 1261 navem
686 1223 872 1272 Hugonis
895 1224 1041 1274 Carpn’
1073 1226 1120 1263 de
1152 1227 1300 1264 Sancto
1332 1226 1543 1272 Walerico‚
1573 1239 1671 1276 quas
1702 1227 1868 1265 arestari
1897 1227 2078 1267 fecerunt
2107 1230 2213 1278 apud

511 1285 639 1322 Lond’
679 1286 886 1324 occasione
925 1288 1101 1335 precepti
1145 1287 1248 1337 regis
1286 1290 1376 1334 etc.‚
1415 1288 1501 1326 sine
1549 1288 1744 1327 dilatione
1791 1288 2001 1328 deliberari
2048 1290 2212 1330 faciant.

512 1347 628 1385 Teste
669 1359 758 1397 rege
797 1349 903 1397 apud
943 1349 1363 1396 Westmonasterium,
1404 1350 1517 1400 xxiij.
1557 1350 1620 1388 die
1659 1350 1880 1389 Februarii.

619 1453 1179 1492 Northavnon‘.—Nich01aus
1200 1454 1463 1493 Malesmains
1483 1455 1686 1493 atornavit
1716 1455 1940 1494 Henricum
1969 1456 2017 1495 de
2038 1456 2206 1507 Hadleg'

512 1513 552 1551 in
614 1514 771 1563 loquela
826 1527 902 1564 que
958 1518 1017 1554 est
1075 1517 1179 1555 inter
1237 1517 1461 1555 Walterum
1518 1517 1565 1555 de
1623 1517 1842 1556 Godarvill’
1899 1520 1938 1556 et
1994 1518 2211 1557 Hillariam

512 1587 677 1612 uxorem
716 1575 814 1625 ejus,
868 1578 1064 1624 petentes,
1106 1580 1145 1615 et
1194 1577 1328 1626 ipsum
1381 1577 1637 1623 Nicholaum,
1689 1580 1909 1625 tenentem,
1962 1578 2010 1617 de
2047 1579 2207 1618 duabus

513 1636 710 1674 carucatis
766 1639 868 1674 terre
924 1649 1013 1675 cum
1069 1638 1326 1687 pertinentiis
1382 1639 1425 1676 in
1482 1638 1694 1688 Burgton'.
1786 1639 1903 1678 Teste
1960 1652 2051 1690 rege
2105 1641 2212 1690 apud

513 1697 933 1745 Westmonasterium,
975 1700 1097 1750 xxvij.
1136 1700 1199 1738 die
1238 1699 1458 1739 Februarii.

623 1819 787 1856 Ballivis
826 1821 868 1855 <Ie
907 1820 1386 1868 Hae-eriusy’.——Ricardus
1420 1821 1468 1858 de
1498 1821 1618 1860 Dovr¹
1653 1822 1875 1860 attornavit
1915 1822 2133 1862 Ricardum
2162 1824 2211 1863 de

513 1880 751 1918 Ramerwik'
792 1884 830 1919 et
871 1881 1091 1931 Symonem
1129 1882 1176 1920 de
1216 1882 1386 1921 Marisco
1421 1883 1462 1920 in
1492 1883 1651 1933 loquela
1689 1897 1765 1933 que
1805 1887 1865 1923 est
1893 1884 1935 1922 in
1965 1885 2076 1923 curia
2104 1886 2210 1935 apud

514 1943 734 1992 Havering’
775 1942 879 1981 inter
934 1944 1224 1982 Eadmundum
1281 1945 1328 1983 de
1385 1945 1578 1991 Gardino,
1629 1948 1847 1995 petentem,
1895 1950 1934 1985 et
1985 1948 2210 1997 predictum

514 2004 747 2050 Ricardum,
807 2007 1026 2052 tenentem,
1086 2006 1133 2044 de
1190 2019 1271 2044 una
1326 2006 1481 2056 virgata
1548 2010 1650 2045 terre
1706 2020 1798 2046 cum
1855 2008 2111 2058 pertinentiis
2167 2010 2210 2048 in

512 2066 746 2115 Havering’,
787 2069 826 2105 et
864 2068 905 2105 in
944 2068 1104 2117 loquela
1134 2081 1210 2118 que
1247 2070 1307 2106 est
1341 2069 1382 2106 in
1420 2069 1558 2107 eadem
1592 2069 1702 2107 curia
1736 2070 1841 2108 inter
1874 2070 2047 2109 Aliciam
2082 2071 2210 2110 filiam

510 2127 739 2175 Laurencii,
779 2132 997 2178 petentem,
1039 2133 1078 2168 et
1114 2130 1248 2179 ipsum
1296 2130 1530 2177 Ricardum,
1574 2134 1792 2178 tenentem,
1834 2132 1881 2170 de
1916 2131 2072 2171 duabus
2110 2133 2211 2173 acris

510 2190 613 2238 prati
650 2202 741 2228 cum
779 2191 1034 2240 pertinentiis
1073 2192 1114 2229 in
1153 2192 1291 2230 eadem
1330 2192 1439 2231 villa.
1498 2193 1614 2231 Teste
1654 2195 1699 2232 ut
1736 2206 1869 2243 supra.

618 2285 819 2324 Henricus
856 2286 930 2325 Dei
969 2286 1098 2337 gratia
1132 2301 1200 2326 rex
1239 2287 1384 2337 Anglie
1423 2290 1498 2327 etc.
1539 2288 1683 2339 majori
1719 2291 1758 2327 et
1797 2288 1932 2337 probis
1972 2289 2208 2330 hominibus

511 2346 593 2384 suis
651 2347 804 2385 Oxonie
861 2348 1046 2387 salutem.
1141 2349 1254 2397 Quia,
1313 2349 1417 2388 sicut
1473 2350 1522 2388 ad
1578 2363 1651 2389 nos
1707 2350 1889 2400 pervenit
1944 2364 1991 2389 ex
2047 2352 2209 2402 querela

509 2408 783 2447 universitatis
847 2410 1061 2448 scolarium
1117 2411 1159 2448 in
1215 2411 1312 2450 villa
1367 2414 1498 2451 vestra
1553 2412 1817 2458 studentium,
1876 2412 2026 2463 injuria
2080 2417 2212 2453 vestra

510 2469 696 2517 faciente,
753 2472 1031 2511 contentiones
1087 2473 1257 2522 quedam
1306 2474 1353 2512 de
1399 2486 1502 2512 novo
1558 2477 1693 2513 exorte
1731 2478 1827 2513 sunt
1884 2475 1989 2514 inter
2043 2488 2114 2514 vos
2170 2480 2210 2515 et

509 2531 812 2570 universitatem
869 2534 1091 2583 predictam
1151 2547 1269 2584 super
1321 2534 1562 2584 quibusdam
1612 2536 1794 2574 articulis
1839 2536 1882 2574 in
1933 2537 2210 2586 conpositione

510 2594 684 2642 quadam
732 2594 839 2633 inter
883 2609 952 2634 vos
999 2596 1112 2642 inita,
1144 2609 1265 2646 quam
1311 2597 1440 2635 eidem
1489 2597 1745 2636 universitati
1789 2597 1999 2636 observare
2051 2602 2206 2638 contra-

509 2654 653 2701 dicitis,
702 2659 747 2694 ut
792 2657 839 2695 de
890 2661 1142 2696 sacramento
1194 2658 1235 2696 in
1284 2659 1414 2708 capite
1466 2659 1564 2696 anni
1613 2659 1829 2708 prestando
1878 2660 1925 2698 de
1963 2659 2206 2700 victualibus

508 2716 698 2765 predictis
757 2718 977 2757 scolaribus
1037 2720 1145 2769 justo
1201 2733 1246 2759 ac
1306 2719 1536 2759 rationabili
1593 2721 1724 2770 precio
1788 2722 2039 2768 vendendis;
2097 2722 2209 2762 vobis

508 2778 751 2828 precipimus
797 2781 967 2819 firmiter
1014 2782 1274 2832 injungentes
1321 2783 1440 2832 quod,
1489 2782 1592 2821 sicut
1638 2783 1975 2832 indempnitatem
2034 2787 2208 2823 vestram

509 2840 690 2890 diligitis,
738 2855 807 2891 per
853 2856 922 2881 vos
970 2843 1076 2892 ipsas
1111 2844 1380 2883 dissensiones
1415 2844 1614 2894 predictas
1660 2858 1777 2894 super
1826 2845 1994 2895 singulis
2029 2846 2208 2885 articulis

509 2901 551 2939 in
588 2903 765 2951 predicta
803 2905 1076 2954 conpositione
1115 2907 1315 2945 contentis
1349 2910 1387 2945 et
1426 2907 1601 2945 maxime
1636 2920 1753 2956 super
1785 2908 2032 2956 prestatione
2067 2921 2203 2958 supra-

509 2964 605 3002 dicti
644 2967 886 3004 sacramenti
924 2968 1060 3005 sedare
1108 2971 1146 3006 et
1194 2969 1402 3017 pacificare
1441 2969 1649 3015 studeatis,
1690 2969 1747 3007 ita
1785 2970 1890 3019 quod
1938 2982 2019 3008 non
2066 2970 2207 3009 debeat

509 3025 558 3063 ad
596 3039 668 3064 nos
707 3027 858 3066 clamor
896 3029 1063 3068 iteratus
1109 3031 1326 3079 pervenire,
1374 3030 1513 3069 scituri
1552 3031 1670 3080 quod,
1705 3031 1737 3068 si
1777 3030 1827 3069 ab
1864 3031 2000 3081 aliquo
2037 3032 2207 3071 articulo

508 3087 550 3124 in
588 3088 767 3136 predicta
804 3091 1093 3139 compositione
1132 3095 1324 3130 contento
1379 3092 1634 3138 recesseritis,
1676 3092 1971 3141 assignavimus
2011 3093 2204 3132 dilectum

509 3155 694 3187 nostrum
744 3150 792 3189 G.
833 3152 880 3189 de
927 3152 1183 3200 Craucumb’,
1233 3167 1301 3203 per
1348 3167 1466 3204 quem
1514 3154 1703 3193 volumus
1749 3154 2072 3204 conpositionem
2119 3168 2204 3205 pre-

508 3210 659 3249 dictam
697 3212 739 3249 in
759 3212 947 3251 omnibus
989 3214 1071 3252 suis
1104 3215 1284 3254 articulis
1323 3216 1495 3254 firmiter
1529 3215 1741 3255 observari.
1814 3216 1932 3254 Teste
1971 3228 2062 3266 rege
2099 3217 2204 3266 apud

511 3271 929 3321 Westmonasterium‚
970 3275 1106 3324 xxviij.
1146 3276 1209 3314 die
1266 3275 1486 3315 Februarii.
