<?xml version="1.0" encoding="UTF-8"?>
<!DOCTYPE html PUBLIC "-//W3C//DTD XHTML 1.0 Transitional//EN"
    "http://www.w3.org/TR/xhtml1/DTD/xhtml1-transitional.dtd">
<html xmlns="http://www.w3.org/1999/xhtml" xml:lang="en" lang="en">
 <head>
  <title>
</title>
<meta http-equiv="Content-Type" content="text/html;charset=utf-8" />
  <meta name='ocr-system' content='tesseract 3.04.00' />
  <meta name='ocr-capabilities' content='ocr_page ocr_carea ocr_par ocr_line ocrx_word'/>
</head>
<body>
  <div class='ocr_page' id='page_1' title='image "./closerollsofreig03grea_0377.png"; bbox 0 0 2375 3587; ppageno 0'>
   <div class='ocr_carea' id='block_1_1' title="bbox 143 316 291 422">
    <p class='ocr_par' dir='ltr' id='par_1_1' title="bbox 143 316 291 422">
     <span class='ocr_line' id='line_1_1' title="bbox 145 316 291 362; baseline 0 0"><span class='ocrx_word' id='word_1_1' title='bbox 145 316 291 362; x_wconf 85' lang='lat'>1236.</span> 
     </span>
     <span class='ocr_line' id='line_1_2' title="bbox 143 381 291 422; baseline -0.014 -9"><span class='ocrx_word' id='word_1_2' title='bbox 143 384 204 422; x_wconf 88' lang='lat' dir='ltr'>[m.</span> <span class='ocrx_word' id='word_1_3' title='bbox 221 381 291 419; x_wconf 64' lang='lat' dir='ltr'>ea]</span> 
     </span>
    </p>
   </div>
   <div class='ocr_carea' id='block_1_2' title="bbox 1026 189 2085 233">
    <p class='ocr_par' dir='ltr' id='par_1_2' title="bbox 1026 189 2085 233">
     <span class='ocr_line' id='line_1_3' title="bbox 1026 189 2085 233; baseline 0.004 -4"><span class='ocrx_word' id='word_1_4' title='bbox 1026 192 1080 230; x_wconf 77' lang='lat'>20</span> <span class='ocrx_word' id='word_1_5' title='bbox 1121 189 1326 230; x_wconf 80' lang='lat' dir='ltr'><strong>HENRY</strong></span> <span class='ocrx_word' id='word_1_6' title='bbox 1367 190 1448 231; x_wconf 91' lang='lat' dir='ltr'>III.</span> <span class='ocrx_word' id='word_1_7' title='bbox 2004 193 2085 233; x_wconf 83' lang='lat'>365</span> 
     </span>
    </p>
   </div>
   <div class='ocr_carea' id='block_1_3' title="bbox 885 286 1114 290">
    <p class='ocr_par' dir='ltr' id='par_1_3' title="bbox 885 286 1114 290">
     <span class='ocr_line' id='line_1_4' title="bbox 885 286 1114 290; baseline 0 0"><span class='ocrx_word' id='word_1_8' title='bbox 885 286 1114 290; x_wconf 95' lang='lat' dir='ltr'> </span> 
     </span>
    </p>
   </div>
   <div class='ocr_carea' id='block_1_4' title="bbox 1123 284 1345 292">
    <p class='ocr_par' dir='ltr' id='par_1_4' title="bbox 1123 284 1345 292">
     <span class='ocr_line' id='line_1_5' title="bbox 1123 284 1345 292; baseline 0 3295"><span class='ocrx_word' id='word_1_9' title='bbox 1123 284 1345 292; x_wconf 95' lang='lat' dir='ltr'> </span> 
     </span>
    </p>
   </div>
   <div class='ocr_carea' id='block_1_5' title="bbox 1347 287 1575 291">
    <p class='ocr_par' dir='ltr' id='par_1_5' title="bbox 1347 287 1575 291">
     <span class='ocr_line' id='line_1_6' title="bbox 1347 287 1575 291; baseline 0 0"><span class='ocrx_word' id='word_1_10' title='bbox 1347 287 1575 291; x_wconf 95' lang='lat' dir='ltr'> </span> 
     </span>
    </p>
   </div>
   <div class='ocr_carea' id='block_1_6' title="bbox 383 382 2093 746">
    <p class='ocr_par' dir='ltr' id='par_1_6' title="bbox 383 382 2093 746">
     <span class='ocr_line' id='line_1_7' title="bbox 383 382 2089 424; baseline 0.002 -4"><span class='ocrx_word' id='word_1_11' title='bbox 383 382 486 420; x_wconf 81' lang='lat' dir='ltr'>festo</span> <span class='ocrx_word' id='word_1_12' title='bbox 535 382 676 421; x_wconf 84' lang='lat' dir='ltr'>Sancti</span> <span class='ocrx_word' id='word_1_13' title='bbox 723 383 909 421; x_wconf 85' lang='lat' dir='ltr'>Kenelmi</span> <span class='ocrx_word' id='word_1_14' title='bbox 957 396 1064 422; x_wconf 91' lang='lat' dir='ltr'>anno</span> <span class='ocrx_word' id='word_1_15' title='bbox 1111 387 1186 422; x_wconf 91' lang='lat' dir='ltr'>etc.</span> <span class='ocrx_word' id='word_1_16' title='bbox 1235 397 1299 422; x_wconf 76' lang='lat' dir='ltr'>xx.</span> <span class='ocrx_word' id='word_1_17' title='bbox 1349 384 1391 421; x_wconf 86' lang='lat' dir='ltr'>in</span> <span class='ocrx_word' id='word_1_18' title='bbox 1439 397 1650 423; x_wconf 88' lang='lat' dir='ltr'>occursum</span> <span class='ocrx_word' id='word_1_19' title='bbox 1698 385 1748 423; x_wconf 86' lang='lat' dir='ltr'>E.</span> <span class='ocrx_word' id='word_1_20' title='bbox 1785 385 2089 424; x_wconf 87' lang='lat' dir='ltr'>Cantuariensis</span> 
     </span>
     <span class='ocr_line' id='line_1_8' title="bbox 383 444 2087 496; baseline 0.002 -15"><span class='ocrx_word' id='word_1_21' title='bbox 383 444 685 494; x_wconf 86' lang='lat' dir='ltr'>archiepiscopi,</span> <span class='ocrx_word' id='word_1_22' title='bbox 722 448 759 483; x_wconf 86' lang='lat' dir='ltr'>et</span> <span class='ocrx_word' id='word_1_23' title='bbox 804 446 850 483; x_wconf 84' lang='lat' dir='ltr'>R.</span> <span class='ocrx_word' id='word_1_24' title='bbox 895 445 1200 484; x_wconf 84' lang='lat' dir='ltr'>Herefordensis</span> <span class='ocrx_word' id='word_1_25' title='bbox 1248 446 1435 496; x_wconf 73' lang='lat' dir='ltr'>episcopi,</span> <span class='ocrx_word' id='word_1_26' title='bbox 1476 446 1524 483; x_wconf 85' lang='lat' dir='ltr'>R.</span> <span class='ocrx_word' id='word_1_27' title='bbox 1565 447 1611 484; x_wconf 78' lang='lat' dir='ltr'>de</span> <span class='ocrx_word' id='word_1_28' title='bbox 1659 447 1819 485; x_wconf 84' lang='lat' dir='ltr'>Mortuo</span> <span class='ocrx_word' id='word_1_29' title='bbox 1867 447 1985 493; x_wconf 86' lang='lat' dir='ltr'>Mari,</span> <span class='ocrx_word' id='word_1_30' title='bbox 2025 447 2087 485; x_wconf 91' lang='lat' dir='ltr'>W.</span> 
     </span>
     <span class='ocr_line' id='line_1_9' title="bbox 384 507 2089 548; baseline 0.001 -3"><span class='ocrx_word' id='word_1_31' title='bbox 384 508 431 545; x_wconf 91' lang='lat' dir='ltr'>de</span> <span class='ocrx_word' id='word_1_32' title='bbox 471 507 650 546; x_wconf 82' lang='lat' dir='ltr'>Clifford’</span> <span class='ocrx_word' id='word_1_33' title='bbox 691 512 730 546; x_wconf 90' lang='lat' dir='ltr'>et</span> <span class='ocrx_word' id='word_1_34' title='bbox 767 508 908 547; x_wconf 86' lang='lat' dir='ltr'>decani</span> <span class='ocrx_word' id='word_1_35' title='bbox 948 509 1255 547; x_wconf 83' lang='lat' dir='ltr'>Herefordensis</span> <span class='ocrx_word' id='word_1_36' title='bbox 1294 510 1343 547; x_wconf 88' lang='lat' dir='ltr'>ad</span> <span class='ocrx_word' id='word_1_37' title='bbox 1384 510 1573 547; x_wconf 87' lang='lat' dir='ltr'>emendas</span> <span class='ocrx_word' id='word_1_38' title='bbox 1611 509 1814 548; x_wconf 84' lang='lat' dir='ltr'>faciendas</span> <span class='ocrx_word' id='word_1_39' title='bbox 1862 510 1903 548; x_wconf 88' lang='lat' dir='ltr'>in</span> <span class='ocrx_word' id='word_1_40' title='bbox 1951 523 2089 548; x_wconf 88' lang='lat' dir='ltr'>eorum</span> 
     </span>
     <span class='ocr_line' id='line_1_10' title="bbox 383 569 2092 620; baseline 0.002 -14"><span class='ocrx_word' id='word_1_41' title='bbox 383 569 584 619; x_wconf 72' lang='lat' dir='ltr'>presentia</span> <span class='ocrx_word' id='word_1_42' title='bbox 618 570 664 608; x_wconf 90' lang='lat' dir='ltr'>de</span> <span class='ocrx_word' id='word_1_43' title='bbox 697 570 1057 620; x_wconf 84' lang='lat' dir='ltr'>interceptionibus</span> <span class='ocrx_word' id='word_1_44' title='bbox 1092 571 1211 609; x_wconf 85' lang='lat' dir='ltr'>factis</span> <span class='ocrx_word' id='word_1_45' title='bbox 1246 571 1443 620; x_wconf 85' lang='lat' dir='ltr'>Morgano</span> <span class='ocrx_word' id='word_1_46' title='bbox 1477 572 1524 609; x_wconf 90' lang='lat' dir='ltr'>de</span> <span class='ocrx_word' id='word_1_47' title='bbox 1557 571 1740 609; x_wconf 85' lang='lat' dir='ltr'>Carleon&#39;</span> <span class='ocrx_word' id='word_1_48' title='bbox 1781 574 1819 610; x_wconf 89' lang='lat' dir='ltr'>et</span> <span class='ocrx_word' id='word_1_49' title='bbox 1858 571 1947 610; x_wconf 88' lang='lat' dir='ltr'>aliis</span> <span class='ocrx_word' id='word_1_50' title='bbox 1986 571 2092 610; x_wconf 82' lang='lat' dir='ltr'>infra</span> 
     </span>
     <span class='ocr_line' id='line_1_11' title="bbox 385 632 2092 682; baseline 0.002 -14"><span class='ocrx_word' id='word_1_51' title='bbox 385 634 545 681; x_wconf 80' lang='lat' dir='ltr'>treugas</span> <span class='ocrx_word' id='word_1_52' title='bbox 584 632 730 670; x_wconf 89' lang='lat' dir='ltr'>ultimo</span> <span class='ocrx_word' id='word_1_53' title='bbox 777 636 915 682; x_wconf 89' lang='lat' dir='ltr'>captas</span> <span class='ocrx_word' id='word_1_54' title='bbox 963 633 1069 671; x_wconf 91' lang='lat' dir='ltr'>inter</span> <span class='ocrx_word' id='word_1_55' title='bbox 1118 645 1251 682; x_wconf 81' lang='lat' dir='ltr'>regem</span> <span class='ocrx_word' id='word_1_56' title='bbox 1295 636 1334 671; x_wconf 90' lang='lat' dir='ltr'>et</span> <span class='ocrx_word' id='word_1_57' title='bbox 1382 635 1427 671; x_wconf 88' lang='lat' dir='ltr'>L.</span> <span class='ocrx_word' id='word_1_58' title='bbox 1466 633 1688 682; x_wconf 88' lang='lat' dir='ltr'>principem</span> <span class='ocrx_word' id='word_1_59' title='bbox 1728 634 1774 671; x_wconf 86' lang='lat' dir='ltr'>de</span> <span class='ocrx_word' id='word_1_60' title='bbox 1814 633 2016 672; x_wconf 77' lang='lat' dir='ltr'>Abbefrau</span> <span class='ocrx_word' id='word_1_61' title='bbox 2054 636 2092 671; x_wconf 92' lang='lat' dir='ltr'>et</span> 
     </span>
     <span class='ocr_line' id='line_1_12' title="bbox 385 694 2093 746; baseline 0.002 -15"><span class='ocrx_word' id='word_1_62' title='bbox 385 694 598 732; x_wconf 88' lang='lat' dir='ltr'>dominum</span> <span class='ocrx_word' id='word_1_63' title='bbox 645 695 692 732; x_wconf 92' lang='lat' dir='ltr'>de</span> <span class='ocrx_word' id='word_1_64' title='bbox 741 694 961 741; x_wconf 81' lang='lat' dir='ltr'>Snaud0n⁷,</span> <span class='ocrx_word' id='word_1_65' title='bbox 1012 699 1050 733; x_wconf 89' lang='lat' dir='ltr'>et</span> <span class='ocrx_word' id='word_1_66' title='bbox 1099 696 1203 745; x_wconf 86' lang='lat' dir='ltr'>quod</span> <span class='ocrx_word' id='word_1_67' title='bbox 1256 695 1384 733; x_wconf 89' lang='lat' dir='ltr'>eidem</span> <span class='ocrx_word' id='word_1_68' title='bbox 1437 696 1575 734; x_wconf 89' lang='lat' dir='ltr'>comiti</span> <span class='ocrx_word' id='word_1_69' title='bbox 1627 696 1863 734; x_wconf 72' lang='lat' dir='ltr'>emendetur</span> <span class='ocrx_word' id='word_1_70' title='bbox 1913 696 1946 734; x_wconf 90' lang='lat' dir='ltr'>si</span> <span class='ocrx_word' id='word_1_71' title='bbox 1997 696 2093 746; x_wconf 87' lang='lat' dir='ltr'>quid</span> 
     </span>
    </p>
   </div>
   <div class='ocr_carea' id='block_1_7' title="bbox 385 756 2095 870">
    <p class='ocr_par' dir='ltr' id='par_1_7' title="bbox 385 756 2095 870">
     <span class='ocr_line' id='line_1_13' title="bbox 385 756 2095 808; baseline 0.002 -15"><span class='ocrx_word' id='word_1_72' title='bbox 385 756 492 794; x_wconf 84' lang='lat' dir='ltr'>infra</span> <span class='ocrx_word' id='word_1_73' title='bbox 543 760 704 806; x_wconf 80' lang='lat' dir='ltr'>treugas</span> <span class='ocrx_word' id='word_1_74' title='bbox 755 757 954 806; x_wconf 84' lang='lat' dir='ltr'>predictas</span> <span class='ocrx_word' id='word_1_75' title='bbox 1006 771 1099 807; x_wconf 79' lang='lat' dir='ltr'>erga</span> <span class='ocrx_word' id='word_1_76' title='bbox 1151 770 1243 796; x_wconf 93' lang='lat' dir='ltr'>eum</span> <span class='ocrx_word' id='word_1_77' title='bbox 1293 758 1415 796; x_wconf 83' lang='lat' dir='ltr'>fuerit</span> <span class='ocrx_word' id='word_1_78' title='bbox 1466 758 1749 807; x_wconf 90' lang='lat' dir='ltr'>interceptum.</span> <span class='ocrx_word' id='word_1_79' title='bbox 1837 758 1953 796; x_wconf 82' lang='lat' dir='ltr'>Teste</span> <span class='ocrx_word' id='word_1_80' title='bbox 2005 771 2095 808; x_wconf 85' lang='lat' dir='ltr'>rege</span> 
     </span>
     <span class='ocr_line' id='line_1_14' title="bbox 387 819 1051 870; baseline 0.003 -14"><span class='ocrx_word' id='word_1_81' title='bbox 387 819 493 868; x_wconf 90' lang='lat' dir='ltr'>apud</span> <span class='ocrx_word' id='word_1_82' title='bbox 534 819 699 866; x_wconf 84' lang='lat' dir='ltr'>Theok’,</span> <span class='ocrx_word' id='word_1_83' title='bbox 740 820 795 870; x_wconf 80' lang='lat' dir='ltr'>xj.</span> <span class='ocrx_word' id='word_1_84' title='bbox 836 819 899 858; x_wconf 89' lang='lat' dir='ltr'>die</span> <span class='ocrx_word' id='word_1_85' title='bbox 937 820 1051 858; x_wconf 80' lang='lat' dir='ltr'>Julii.</span> 
     </span>
    </p>
   </div>
   <div class='ocr_carea' id='block_1_8' title="bbox 390 939 2096 1053">
    <p class='ocr_par' dir='ltr' id='par_1_8' title="bbox 390 939 2096 1053">
     <span class='ocr_line' id='line_1_15' title="bbox 496 939 2093 989; baseline 0.001 -12"><span class='ocrx_word' id='word_1_86' title='bbox 496 939 552 977; x_wconf 88' lang='lat' dir='ltr'>Et</span> <span class='ocrx_word' id='word_1_87' title='bbox 598 940 839 978; x_wconf 88' lang='lat' dir='ltr'>mandatum</span> <span class='ocrx_word' id='word_1_88' title='bbox 887 943 948 978; x_wconf 87' lang='lat' dir='ltr'>est</span> <span class='ocrx_word' id='word_1_89' title='bbox 995 939 1181 989; x_wconf 84' lang='lat' dir='ltr'>episcopo</span> <span class='ocrx_word' id='word_1_90' title='bbox 1228 943 1267 978; x_wconf 90' lang='lat' dir='ltr'>et</span> <span class='ocrx_word' id='word_1_91' title='bbox 1314 941 1464 978; x_wconf 89' lang='lat' dir='ltr'>decano</span> <span class='ocrx_word' id='word_1_92' title='bbox 1510 939 1888 986; x_wconf 83' lang='lat' dir='ltr'>Herefordensibus,</span> <span class='ocrx_word' id='word_1_93' title='bbox 1935 941 1997 978; x_wconf 89' lang='lat' dir='ltr'>W.</span> <span class='ocrx_word' id='word_1_94' title='bbox 2046 941 2093 979; x_wconf 90' lang='lat' dir='ltr'>de</span> 
     </span>
     <span class='ocr_line' id='line_1_16' title="bbox 390 1001 2096 1053; baseline 0 -13"><span class='ocrx_word' id='word_1_95' title='bbox 390 1001 567 1040; x_wconf 85' lang='lat' dir='ltr'>Clifford’</span> <span class='ocrx_word' id='word_1_96' title='bbox 616 1006 655 1041; x_wconf 88' lang='lat' dir='ltr'>et</span> <span class='ocrx_word' id='word_1_97' title='bbox 702 1002 750 1040; x_wconf 81' lang='lat' dir='ltr'>R.</span> <span class='ocrx_word' id='word_1_98' title='bbox 800 1002 847 1040; x_wconf 91' lang='lat' dir='ltr'>de</span> <span class='ocrx_word' id='word_1_99' title='bbox 894 1002 1055 1041; x_wconf 81' lang='lat' dir='ltr'>Mortuo</span> <span class='ocrx_word' id='word_1_100' title='bbox 1102 1003 1206 1041; x_wconf 84' lang='lat' dir='ltr'>Mari</span> <span class='ocrx_word' id='word_1_101' title='bbox 1253 1003 1358 1053; x_wconf 87' lang='lat' dir='ltr'>quod</span> <span class='ocrx_word' id='word_1_102' title='bbox 1415 1002 1528 1041; x_wconf 90' lang='lat' dir='ltr'>nullo</span> <span class='ocrx_word' id='word_1_103' title='bbox 1584 1003 1703 1041; x_wconf 90' lang='lat' dir='ltr'>modo</span> <span class='ocrx_word' id='word_1_104' title='bbox 1760 1003 1956 1042; x_wconf 88' lang='lat' dir='ltr'>omittant</span> <span class='ocrx_word' id='word_1_105' title='bbox 1998 1004 2096 1053; x_wconf 90' lang='lat' dir='ltr'>quin</span> 
     </span>
    </p>
   </div>
   <div class='ocr_carea' id='block_1_9' title="bbox 390 1063 2096 1176">
    <p class='ocr_par' dir='ltr' id='par_1_9' title="bbox 390 1063 2096 1176">
     <span class='ocr_line' id='line_1_17' title="bbox 390 1063 2096 1115; baseline 0.001 -13"><span class='ocrx_word' id='word_1_106' title='bbox 390 1064 453 1102; x_wconf 88' lang='lat' dir='ltr'>die</span> <span class='ocrx_word' id='word_1_107' title='bbox 509 1064 579 1102; x_wconf 90' lang='lat' dir='ltr'>illo</span> <span class='ocrx_word' id='word_1_108' title='bbox 635 1064 717 1103; x_wconf 89' lang='lat' dir='ltr'>sint</span> <span class='ocrx_word' id='word_1_109' title='bbox 774 1063 920 1103; x_wconf 77' lang='lat' dir='ltr'>ibidem</span> <span class='ocrx_word' id='word_1_110' title='bbox 974 1065 1023 1103; x_wconf 87' lang='lat' dir='ltr'>ad</span> <span class='ocrx_word' id='word_1_111' title='bbox 1075 1064 1294 1103; x_wconf 86' lang='lat' dir='ltr'>videndum</span> <span class='ocrx_word' id='word_1_112' title='bbox 1346 1065 1452 1115; x_wconf 86' lang='lat' dir='ltr'>quod</span> <span class='ocrx_word' id='word_1_113' title='bbox 1505 1065 1610 1103; x_wconf 90' lang='lat' dir='ltr'>dicte</span> <span class='ocrx_word' id='word_1_114' title='bbox 1666 1065 1834 1104; x_wconf 88' lang='lat' dir='ltr'>emende</span> <span class='ocrx_word' id='word_1_115' title='bbox 1890 1065 1993 1104; x_wconf 89' lang='lat' dir='ltr'>fiant</span> <span class='ocrx_word' id='word_1_116' title='bbox 2049 1066 2096 1104; x_wconf 85' lang='grc'>(16</span> 
     </span>
     <span class='ocr_line' id='line_1_18' title="bbox 391 1126 991 1176; baseline 0.002 -13"><span class='ocrx_word' id='word_1_117' title='bbox 391 1126 749 1176; x_wconf 69' lang='lat' dir='ltr'>interceptionibus</span> <span class='ocrx_word' id='word_1_118' title='bbox 788 1126 991 1176; x_wconf 74' lang='lat' dir='ltr'>predictis.</span> 
     </span>
    </p>
   </div>
   <div class='ocr_carea' id='block_1_10' title="bbox 394 1246 2155 3413">
    <p class='ocr_par' dir='ltr' id='par_1_10' title="bbox 394 1246 2155 3413">
     <span class='ocr_line' id='line_1_19' title="bbox 501 1246 2098 1297; baseline 0.002 -13"><span class='ocrx_word' id='word_1_119' title='bbox 501 1246 740 1284; x_wconf 88' lang='lat' dir='ltr'>Mandatum</span> <span class='ocrx_word' id='word_1_120' title='bbox 789 1249 848 1285; x_wconf 91' lang='lat' dir='ltr'>est</span> <span class='ocrx_word' id='word_1_121' title='bbox 895 1247 950 1285; x_wconf 85' lang='lat' dir='ltr'>M.</span> <span class='ocrx_word' id='word_1_122' title='bbox 991 1247 1075 1286; x_wconf 90' lang='lat' dir='ltr'>filio</span> <span class='ocrx_word' id='word_1_123' title='bbox 1123 1247 1300 1292; x_wconf 81' lang='lat' dir='ltr'>Geroldi,</span> <span class='ocrx_word' id='word_1_124' title='bbox 1349 1247 1574 1297; x_wconf 83' lang='lat' dir='ltr'>justiciario</span> <span class='ocrx_word' id='word_1_125' title='bbox 1623 1246 1831 1294; x_wconf 86' lang='lat' dir='ltr'>Hibernie,</span> <span class='ocrx_word' id='word_1_126' title='bbox 1872 1251 1911 1286; x_wconf 88' lang='lat' dir='ltr'>et</span> <span class='ocrx_word' id='word_1_127' title='bbox 1959 1248 2008 1287; x_wconf 88' lang='lat' dir='ltr'>G.</span> <span class='ocrx_word' id='word_1_128' title='bbox 2050 1249 2098 1288; x_wconf 88' lang='lat' dir='ltr'>de</span> 
     </span>
     <span class='ocr_line' id='line_1_20' title="bbox 395 1309 2101 1359; baseline 0.002 -13"><span class='ocrx_word' id='word_1_129' title='bbox 395 1309 572 1355; x_wconf 72' lang='lat' dir='ltr'>&#39;I&#39;urvill’‚</span> <span class='ocrx_word' id='word_1_130' title='bbox 628 1309 877 1348; x_wconf 85' lang='lat' dir='ltr'>thesaurario</span> <span class='ocrx_word' id='word_1_131' title='bbox 929 1309 1111 1356; x_wconf 86' lang='lat' dir='ltr'>Dublin&#39;,</span> <span class='ocrx_word' id='word_1_132' title='bbox 1162 1310 1268 1348; x_wconf 88' lang='lat' dir='ltr'>inter</span> <span class='ocrx_word' id='word_1_133' title='bbox 1321 1313 1453 1348; x_wconf 87' lang='lat' dir='ltr'>cetera</span> <span class='ocrx_word' id='word_1_134' title='bbox 1504 1311 1623 1359; x_wconf 87' lang='lat' dir='ltr'>quod,</span> <span class='ocrx_word' id='word_1_135' title='bbox 1679 1322 1770 1349; x_wconf 91' lang='lat' dir='ltr'>cum</span> <span class='ocrx_word' id='word_1_136' title='bbox 1823 1311 2101 1350; x_wconf 86' lang='lat' dir='ltr'>consuluerint</span> 
     </span>
     <span class='ocr_line' id='line_1_21' title="bbox 394 1371 2099 1423; baseline 0.001 -15"><span class='ocrx_word' id='word_1_137' title='bbox 394 1383 527 1420; x_wconf 82' lang='lat' dir='ltr'>regem</span> <span class='ocrx_word' id='word_1_138' title='bbox 575 1384 694 1420; x_wconf 90' lang='lat' dir='ltr'>super</span> <span class='ocrx_word' id='word_1_139' title='bbox 742 1371 925 1420; x_wconf 90' lang='lat' dir='ltr'>pluribus</span> <span class='ocrx_word' id='word_1_140' title='bbox 972 1372 1166 1418; x_wconf 76' lang='lat' dir='ltr'>articulis,</span> <span class='ocrx_word' id='word_1_141' title='bbox 1215 1372 1347 1422; x_wconf 89' lang='lat' dir='ltr'>primo</span> <span class='ocrx_word' id='word_1_142' title='bbox 1395 1371 1548 1410; x_wconf 88' lang='lat' dir='ltr'>scilicet</span> <span class='ocrx_word' id='word_1_143' title='bbox 1596 1372 1643 1410; x_wconf 92' lang='lat' dir='ltr'>de</span> <span class='ocrx_word' id='word_1_144' title='bbox 1690 1371 1922 1421; x_wconf 82' lang='lat' dir='ltr'>quingentis</span> <span class='ocrx_word' id='word_1_145' title='bbox 1970 1376 2008 1411; x_wconf 92' lang='lat' dir='ltr'>et</span> <span class='ocrx_word' id='word_1_146' title='bbox 2056 1373 2099 1423; x_wconf 85' lang='lat' dir='ltr'>lj.</span> 
     </span>
     <span class='ocr_line' id='line_1_22' title="bbox 395 1433 2100 1483; baseline 0.002 -13"><span class='ocrx_word' id='word_1_147' title='bbox 395 1433 507 1471; x_wconf 85' lang='lat' dir='ltr'>libris</span> <span class='ocrx_word' id='word_1_148' title='bbox 555 1446 654 1483; x_wconf 87' lang='lat' dir='ltr'>quas</span> <span class='ocrx_word' id='word_1_149' title='bbox 702 1437 910 1483; x_wconf 86' lang='lat' dir='ltr'>promptas</span> <span class='ocrx_word' id='word_1_150' title='bbox 959 1434 1110 1472; x_wconf 87' lang='lat' dir='ltr'>habent</span> <span class='ocrx_word' id='word_1_151' title='bbox 1158 1438 1196 1473; x_wconf 90' lang='lat' dir='ltr'>et</span> <span class='ocrx_word' id='word_1_152' title='bbox 1246 1435 1292 1472; x_wconf 91' lang='lat' dir='ltr'>de</span> <span class='ocrx_word' id='word_1_153' title='bbox 1342 1434 1517 1472; x_wconf 85' lang='lat' dir='ltr'>denariis</span> <span class='ocrx_word' id='word_1_154' title='bbox 1566 1434 1735 1483; x_wconf 81' lang='lat' dir='ltr'>receptis</span> <span class='ocrx_word' id='word_1_155' title='bbox 1780 1435 1829 1472; x_wconf 89' lang='lat' dir='ltr'>ad</span> <span class='ocrx_word' id='word_1_156' title='bbox 1879 1435 2100 1473; x_wconf 88' lang='lat' dir='ltr'>terminum</span> 
     </span>
     <span class='ocr_line' id='line_1_23' title="bbox 399 1496 2104 1548; baseline 0.001 -13"><span class='ocrx_word' id='word_1_157' title='bbox 399 1496 539 1548; x_wconf 78' lang='lat' dir='ltr'>Sancti</span> <span class='ocrx_word' id='word_1_158' title='bbox 587 1496 790 1534; x_wconf 81' lang='lat' dir='ltr'>Johannis</span> <span class='ocrx_word' id='word_1_159' title='bbox 835 1496 1031 1546; x_wconf 88' lang='lat' dir='ltr'>Baptiste,</span> <span class='ocrx_word' id='word_1_160' title='bbox 1079 1497 1185 1546; x_wconf 90' lang='lat' dir='ltr'>quod</span> <span class='ocrx_word' id='word_1_161' title='bbox 1232 1509 1373 1535; x_wconf 88' lang='lat' dir='ltr'>omnes</span> <span class='ocrx_word' id='word_1_162' title='bbox 1421 1497 1607 1535; x_wconf 89' lang='lat' dir='ltr'>denarios</span> <span class='ocrx_word' id='word_1_163' title='bbox 1655 1497 1745 1535; x_wconf 91' lang='lat' dir='ltr'>illos</span> <span class='ocrx_word' id='word_1_164' title='bbox 1792 1497 1901 1535; x_wconf 89' lang='lat' dir='ltr'>mitti</span> <span class='ocrx_word' id='word_1_165' title='bbox 1951 1498 2104 1536; x_wconf 81' lang='lat' dir='ltr'>faciant</span> 
     </span>
     <span class='ocr_line' id='line_1_24' title="bbox 398 1557 2105 1609; baseline 0.002 -13"><span class='ocrx_word' id='word_1_166' title='bbox 398 1557 472 1596; x_wconf 91' lang='lat' dir='ltr'>sub</span> <span class='ocrx_word' id='word_1_167' title='bbox 511 1558 621 1596; x_wconf 87' lang='lat' dir='ltr'>salvo</span> <span class='ocrx_word' id='word_1_168' title='bbox 668 1558 870 1597; x_wconf 83' lang='lat' dir='ltr'>conductu</span> <span class='ocrx_word' id='word_1_169' title='bbox 917 1572 1041 1609; x_wconf 90' lang='lat' dir='ltr'>usque</span> <span class='ocrx_word' id='word_1_170' title='bbox 1080 1559 1320 1597; x_wconf 84' lang='lat' dir='ltr'>Bristollum</span> <span class='ocrx_word' id='word_1_171' title='bbox 1370 1559 1411 1596; x_wconf 89' lang='lat' dir='ltr'>in</span> <span class='ocrx_word' id='word_1_172' title='bbox 1459 1559 1536 1597; x_wconf 87' lang='lat' dir='ltr'>hoc</span> <span class='ocrx_word' id='word_1_173' title='bbox 1584 1559 1755 1597; x_wconf 88' lang='lat' dir='ltr'>instanti</span> <span class='ocrx_word' id='word_1_174' title='bbox 1803 1563 2028 1609; x_wconf 74' lang='lat' dir='ltr'>autumpno</span> <span class='ocrx_word' id='word_1_175' title='bbox 2066 1564 2105 1599; x_wconf 92' lang='lat' dir='ltr'>et</span> 
     </span>
     <span class='ocr_line' id='line_1_25' title="bbox 396 1620 2105 1671; baseline 0.002 -14"><span class='ocrx_word' id='word_1_176' title='bbox 396 1620 557 1659; x_wconf 87' lang='lat' dir='ltr'>liberari</span> <span class='ocrx_word' id='word_1_177' title='bbox 604 1620 901 1659; x_wconf 74' lang='lat' dir='ltr'>constabulario</span> <span class='ocrx_word' id='word_1_178' title='bbox 948 1621 1131 1660; x_wconf 84' lang='lat' dir='ltr'>Bristolli</span> <span class='ocrx_word' id='word_1_179' title='bbox 1179 1622 1229 1660; x_wconf 89' lang='lat' dir='ltr'>ad</span> <span class='ocrx_word' id='word_1_180' title='bbox 1276 1635 1376 1671; x_wconf 88' lang='lat' dir='ltr'>opus</span> <span class='ocrx_word' id='word_1_181' title='bbox 1428 1622 1532 1671; x_wconf 79' lang='lat' dir='ltr'>regis</span> <span class='ocrx_word' id='word_1_182' title='bbox 1580 1621 1875 1668; x_wconf 87' lang='lat' dir='ltr'>custodiendos,</span> <span class='ocrx_word' id='word_1_183' title='bbox 1926 1623 1989 1661; x_wconf 89' lang='lat' dir='ltr'>cui</span> <span class='ocrx_word' id='word_1_184' title='bbox 2037 1637 2105 1662; x_wconf 83' lang='lat' dir='ltr'>rex</span> 
     </span>
     <span class='ocr_line' id='line_1_26' title="bbox 400 1683 2107 1733; baseline 0.002 -12"><span class='ocrx_word' id='word_1_185' title='bbox 400 1683 610 1722; x_wconf 89' lang='lat' dir='ltr'>mandavit</span> <span class='ocrx_word' id='word_1_186' title='bbox 648 1684 751 1733; x_wconf 87' lang='lat' dir='ltr'>quod</span> <span class='ocrx_word' id='word_1_187' title='bbox 792 1697 858 1722; x_wconf 87' lang='lat' dir='ltr'>eos</span> <span class='ocrx_word' id='word_1_188' title='bbox 907 1684 1073 1733; x_wconf 85' lang='lat' dir='ltr'>recipiat</span> <span class='ocrx_word' id='word_1_189' title='bbox 1116 1697 1207 1722; x_wconf 90' lang='lat' dir='ltr'>cum</span> <span class='ocrx_word' id='word_1_190' title='bbox 1247 1684 1295 1722; x_wconf 87' lang='lat' dir='ltr'>ad</span> <span class='ocrx_word' id='word_1_191' title='bbox 1335 1697 1427 1722; x_wconf 89' lang='lat' dir='ltr'>eum</span> <span class='ocrx_word' id='word_1_192' title='bbox 1469 1684 1667 1722; x_wconf 86' lang='lat' dir='ltr'>venerint.</span> <span class='ocrx_word' id='word_1_193' title='bbox 1752 1684 1870 1731; x_wconf 84' lang='lat' dir='ltr'>Item,</span> <span class='ocrx_word' id='word_1_194' title='bbox 1912 1698 1979 1723; x_wconf 81' lang='lat' dir='ltr'>rex</span> <span class='ocrx_word' id='word_1_195' title='bbox 2018 1686 2107 1725; x_wconf 90' lang='lat' dir='ltr'>vult</span> 
     </span>
     <span class='ocr_line' id='line_1_27' title="bbox 400 1745 2106 1797; baseline 0.002 -14"><span class='ocrx_word' id='word_1_196' title='bbox 400 1746 506 1796; x_wconf 85' lang='lat' dir='ltr'>quod</span> <span class='ocrx_word' id='word_1_197' title='bbox 539 1758 679 1784; x_wconf 89' lang='lat' dir='ltr'>omnes</span> <span class='ocrx_word' id='word_1_198' title='bbox 712 1746 771 1784; x_wconf 89' lang='lat' dir='ltr'>illi</span> <span class='ocrx_word' id='word_1_199' title='bbox 805 1746 873 1796; x_wconf 87' lang='lat' dir='ltr'>qui</span> <span class='ocrx_word' id='word_1_200' title='bbox 912 1746 959 1784; x_wconf 93' lang='lat' dir='ltr'>de</span> <span class='ocrx_word' id='word_1_201' title='bbox 997 1746 1131 1797; x_wconf 85' lang='lat' dir='ltr'>aliquo</span> <span class='ocrx_word' id='word_1_202' title='bbox 1166 1746 1246 1796; x_wconf 81' lang='lat' dir='ltr'>regi</span> <span class='ocrx_word' id='word_1_203' title='bbox 1282 1747 1520 1796; x_wconf 86' lang='lat' dir='ltr'>respondere</span> <span class='ocrx_word' id='word_1_204' title='bbox 1554 1745 1714 1793; x_wconf 87' lang='lat' dir='ltr'>debent,</span> <span class='ocrx_word' id='word_1_205' title='bbox 1750 1750 1890 1796; x_wconf 84' lang='lat' dir='ltr'>utpote</span> <span class='ocrx_word' id='word_1_206' title='bbox 1923 1748 2106 1795; x_wconf 85' lang='lat' dir='ltr'>firmarii,</span> 
     </span>
     <span class='ocr_line' id='line_1_28' title="bbox 399 1808 2110 1855; baseline 0.001 -9"><span class='ocrx_word' id='word_1_207' title='bbox 399 1808 667 1855; x_wconf 84' lang='lat' dir='ltr'>vicecomites,</span> <span class='ocrx_word' id='word_1_208' title='bbox 725 1809 946 1855; x_wconf 83' lang='lat' dir='ltr'>castellani,</span> <span class='ocrx_word' id='word_1_209' title='bbox 1006 1808 1294 1848; x_wconf 77' lang='lat' dir='ltr'>constabularii</span> <span class='ocrx_word' id='word_1_210' title='bbox 1358 1812 1397 1847; x_wconf 91' lang='lat' dir='ltr'>et</span> <span class='ocrx_word' id='word_1_211' title='bbox 1464 1809 1530 1846; x_wconf 88' lang='lat' dir='ltr'>alii</span> <span class='ocrx_word' id='word_1_212' title='bbox 1598 1808 1737 1847; x_wconf 88' lang='lat' dir='ltr'>ballivi</span> <span class='ocrx_word' id='word_1_213' title='bbox 1803 1809 1844 1847; x_wconf 89' lang='lat' dir='ltr'>in</span> <span class='ocrx_word' id='word_1_214' title='bbox 1912 1809 2110 1849; x_wconf 75' lang='lat' dir='ltr'>Hibernia</span> 
     </span>
     <span class='ocr_line' id='line_1_29' title="bbox 400 1871 2108 1921; baseline 0.001 -11"><span class='ocrx_word' id='word_1_215' title='bbox 400 1871 667 1921; x_wconf 74' lang='lat' dir='ltr'>respondeant</span> <span class='ocrx_word' id='word_1_216' title='bbox 696 1871 875 1910; x_wconf 87' lang='lat' dir='ltr'>decetero</span> <span class='ocrx_word' id='word_1_217' title='bbox 904 1872 951 1909; x_wconf 89' lang='lat' dir='ltr'>de</span> <span class='ocrx_word' id='word_1_218' title='bbox 981 1871 1169 1910; x_wconf 88' lang='lat' dir='ltr'>omnibus</span> <span class='ocrx_word' id='word_1_219' title='bbox 1199 1871 1435 1918; x_wconf 87' lang='lat' dir='ltr'>redditibus,</span> <span class='ocrx_word' id='word_1_220' title='bbox 1472 1871 1614 1918; x_wconf 86' lang='lat' dir='ltr'>firmis,</span> <span class='ocrx_word' id='word_1_221' title='bbox 1644 1871 1928 1910; x_wconf 84' lang='lat' dir='ltr'>misericordiis</span> <span class='ocrx_word' id='word_1_222' title='bbox 1958 1876 1996 1911; x_wconf 92' lang='lat' dir='ltr'>et</span> <span class='ocrx_word' id='word_1_223' title='bbox 2025 1886 2108 1911; x_wconf 89' lang='lat' dir='ltr'>om-</span> 
     </span>
     <span class='ocr_line' id='line_1_30' title="bbox 401 1933 2109 1984; baseline 0.001 -12"><span class='ocrx_word' id='word_1_224' title='bbox 401 1933 521 1972; x_wconf 90' lang='lat' dir='ltr'>nibus</span> <span class='ocrx_word' id='word_1_225' title='bbox 555 1933 644 1971; x_wconf 89' lang='lat' dir='ltr'>aliis</span> <span class='ocrx_word' id='word_1_226' title='bbox 678 1933 908 1984; x_wconf 83' lang='lat' dir='ltr'>perquisitis</span> <span class='ocrx_word' id='word_1_227' title='bbox 937 1936 975 1972; x_wconf 91' lang='lat' dir='ltr'>et</span> <span class='ocrx_word' id='word_1_228' title='bbox 1005 1933 1179 1972; x_wconf 82' lang='lat' dir='ltr'>exitibus</span> <span class='ocrx_word' id='word_1_229' title='bbox 1210 1946 1343 1983; x_wconf 83' lang='lat' dir='ltr'>regem</span> <span class='ocrx_word' id='word_1_230' title='bbox 1383 1933 1728 1983; x_wconf 80' lang='lat' dir='ltr'>contingentibus,</span> <span class='ocrx_word' id='word_1_231' title='bbox 1770 1934 1818 1972; x_wconf 88' lang='lat' dir='ltr'>ad</span> <span class='ocrx_word' id='word_1_232' title='bbox 1856 1934 2109 1973; x_wconf 84' lang='lat' dir='ltr'>Scaccarium</span> 
     </span>
     <span class='ocr_line' id='line_1_31' title="bbox 404 1995 2112 2046; baseline 0.001 -12"><span class='ocrx_word' id='word_1_233' title='bbox 404 1996 570 2034; x_wconf 84' lang='lat' dir='ltr'>Dublin’</span> <span class='ocrx_word' id='word_1_234' title='bbox 599 1996 714 2046; x_wconf 78' lang='lat' dir='ltr'>juxta</span> <span class='ocrx_word' id='word_1_235' title='bbox 743 1995 1078 2035; x_wconf 84' lang='lat' dir='ltr'>consuetudinem</span> <span class='ocrx_word' id='word_1_236' title='bbox 1109 1996 1351 2034; x_wconf 80' lang='lat' dir='ltr'>ballivorum</span> <span class='ocrx_word' id='word_1_237' title='bbox 1382 1996 1486 2045; x_wconf 81' lang='lat' dir='ltr'>regis</span> <span class='ocrx_word' id='word_1_238' title='bbox 1520 1996 1563 2034; x_wconf 87' lang='lat' dir='ltr'>in</span> <span class='ocrx_word' id='word_1_239' title='bbox 1594 1996 1756 2046; x_wconf 82' lang='lat' dir='ltr'>Anglia,</span> <span class='ocrx_word' id='word_1_240' title='bbox 1788 1999 1826 2035; x_wconf 94' lang='lat' dir='ltr'>et</span> <span class='ocrx_word' id='word_1_241' title='bbox 1860 1997 1953 2036; x_wconf 91' lang='lat' dir='ltr'>inde</span> <span class='ocrx_word' id='word_1_242' title='bbox 1981 1997 2112 2036; x_wconf 91' lang='lat' dir='ltr'>mittit</span> 
     </span>
     <span class='ocr_line' id='line_1_32' title="bbox 403 2057 2113 2108; baseline 0.001 -11"><span class='ocrx_word' id='word_1_243' title='bbox 403 2059 458 2097; x_wconf 87' lang='lat' dir='ltr'>eis</span> <span class='ocrx_word' id='word_1_244' title='bbox 493 2071 560 2096; x_wconf 80' lang='lat' dir='ltr'>rex</span> <span class='ocrx_word' id='word_1_245' title='bbox 593 2058 748 2096; x_wconf 85' lang='lat' dir='ltr'>litteras</span> <span class='ocrx_word' id='word_1_246' title='bbox 783 2071 875 2097; x_wconf 86' lang='lat' dir='ltr'>suas</span> <span class='ocrx_word' id='word_1_247' title='bbox 904 2062 1088 2107; x_wconf 88' lang='lat' dir='ltr'>patentes</span> <span class='ocrx_word' id='word_1_248' title='bbox 1117 2058 1290 2097; x_wconf 88' lang='lat' dir='ltr'>directas</span> <span class='ocrx_word' id='word_1_249' title='bbox 1324 2058 1515 2108; x_wconf 85' lang='lat' dir='ltr'>predictis</span> <span class='ocrx_word' id='word_1_250' title='bbox 1546 2057 1706 2097; x_wconf 87' lang='lat' dir='ltr'>ballivis</span> <span class='ocrx_word' id='word_1_251' title='bbox 1736 2058 2040 2098; x_wconf 84' lang='lat' dir='ltr'>vicecomitibus</span> <span class='ocrx_word' id='word_1_252' title='bbox 2074 2063 2113 2098; x_wconf 91' lang='lat' dir='ltr'>et</span> 
     </span>
     <span class='ocr_line' id='line_1_33' title="bbox 404 2119 2113 2170; baseline 0.001 -12"><span class='ocrx_word' id='word_1_253' title='bbox 404 2121 494 2159; x_wconf 89' lang='lat' dir='ltr'>aliis</span> <span class='ocrx_word' id='word_1_254' title='bbox 528 2123 612 2158; x_wconf 84' lang='lat' dir='ltr'>tam</span> <span class='ocrx_word' id='word_1_255' title='bbox 648 2121 823 2159; x_wconf 91' lang='lat' dir='ltr'>Connac’</span> <span class='ocrx_word' id='word_1_256' title='bbox 856 2122 894 2158; x_wconf 91' lang='lat' dir='ltr'>et</span> <span class='ocrx_word' id='word_1_257' title='bbox 927 2120 1155 2158; x_wconf 85' lang='lat' dir='ltr'>Todmund’</span> <span class='ocrx_word' id='word_1_258' title='bbox 1190 2133 1313 2170; x_wconf 89' lang='lat' dir='ltr'>quam</span> <span class='ocrx_word' id='word_1_259' title='bbox 1350 2119 1512 2158; x_wconf 85' lang='lat' dir='ltr'>aliunde</span> <span class='ocrx_word' id='word_1_260' title='bbox 1547 2120 1588 2158; x_wconf 90' lang='lat' dir='ltr'>in</span> <span class='ocrx_word' id='word_1_261' title='bbox 1629 2120 1839 2158; x_wconf 89' lang='lat' dir='ltr'>Hibernia.</span> <span class='ocrx_word' id='word_1_262' title='bbox 1905 2121 2024 2167; x_wconf 91' lang='lat' dir='ltr'>Item,</span> <span class='ocrx_word' id='word_1_263' title='bbox 2066 2121 2113 2160; x_wconf 92' lang='grc'>(16</span> 
     </span>
     <span class='ocr_line' id='line_1_34' title="bbox 406 2182 2112 2232; baseline 0.001 -12"><span class='ocrx_word' id='word_1_264' title='bbox 406 2182 618 2221; x_wconf 87' lang='lat' dir='ltr'>dominicis</span> <span class='ocrx_word' id='word_1_265' title='bbox 656 2182 759 2231; x_wconf 82' lang='lat' dir='ltr'>regis</span> <span class='ocrx_word' id='word_1_266' title='bbox 797 2182 956 2220; x_wconf 89' lang='lat' dir='ltr'>traditis</span> <span class='ocrx_word' id='word_1_267' title='bbox 994 2183 1043 2220; x_wconf 86' lang='lat' dir='ltr'>ad</span> <span class='ocrx_word' id='word_1_268' title='bbox 1077 2182 1237 2220; x_wconf 88' lang='lat' dir='ltr'>firmam</span> <span class='ocrx_word' id='word_1_269' title='bbox 1272 2196 1342 2231; x_wconf 90' lang='lat' dir='ltr'>per</span> <span class='ocrx_word' id='word_1_270' title='bbox 1379 2182 1597 2220; x_wconf 81' lang='lat' dir='ltr'>Ricardum</span> <span class='ocrx_word' id='word_1_271' title='bbox 1629 2183 1676 2221; x_wconf 91' lang='lat' dir='ltr'>de</span> <span class='ocrx_word' id='word_1_272' title='bbox 1706 2182 1843 2232; x_wconf 85' lang='lat' dir='ltr'>Burgo</span> <span class='ocrx_word' id='word_1_273' title='bbox 1881 2186 1920 2221; x_wconf 92' lang='lat' dir='ltr'>et</span> <span class='ocrx_word' id='word_1_274' title='bbox 1958 2184 2112 2222; x_wconf 89' lang='lat' dir='ltr'>dictum</span> 
     </span>
     <span class='ocr_line' id='line_1_35' title="bbox 408 2244 2111 2296; baseline 0 -13"><span class='ocrx_word' id='word_1_275' title='bbox 408 2247 455 2283; x_wconf 90' lang='lat' dir='ltr'>G.</span> <span class='ocrx_word' id='word_1_276' title='bbox 486 2245 533 2282; x_wconf 90' lang='lat' dir='ltr'>de</span> <span class='ocrx_word' id='word_1_277' title='bbox 564 2244 729 2283; x_wconf 83' lang='lat' dir='ltr'>Turvill⁷</span> <span class='ocrx_word' id='word_1_278' title='bbox 763 2244 980 2283; x_wconf 85' lang='lat' dir='ltr'>Ricardum</span> <span class='ocrx_word' id='word_1_279' title='bbox 1014 2246 1096 2296; x_wconf 78' lang='lat' dir='ltr'>(sic)</span> <span class='ocrx_word' id='word_1_280' title='bbox 1129 2244 1264 2282; x_wconf 81' lang='lat' dir='ltr'>Duket</span> <span class='ocrx_word' id='word_1_281' title='bbox 1296 2257 1422 2294; x_wconf 88' lang='lat' dir='ltr'>usque</span> <span class='ocrx_word' id='word_1_282' title='bbox 1456 2245 1505 2282; x_wconf 86' lang='lat' dir='ltr'>ad</span> <span class='ocrx_word' id='word_1_283' title='bbox 1540 2245 1761 2282; x_wconf 89' lang='lat' dir='ltr'>terminum</span> <span class='ocrx_word' id='word_1_284' title='bbox 1794 2245 1862 2294; x_wconf 84' lang='lat' dir='ltr'>vij.</span> <span class='ocrx_word' id='word_1_285' title='bbox 1897 2259 2111 2293; x_wconf 88' lang='lat' dir='ltr'>annorum,</span> 
     </span>
     <span class='ocr_line' id='line_1_36' title="bbox 408 2307 2114 2358; baseline 0.001 -13"><span class='ocrx_word' id='word_1_286' title='bbox 408 2307 477 2358; x_wconf 83' lang='lat' dir='ltr'>qui</span> <span class='ocrx_word' id='word_1_287' title='bbox 507 2320 614 2345; x_wconf 90' lang='lat' dir='ltr'>nunc</span> <span class='ocrx_word' id='word_1_288' title='bbox 643 2307 823 2356; x_wconf 88' lang='lat' dir='ltr'>preteriti</span> <span class='ocrx_word' id='word_1_289' title='bbox 856 2311 977 2354; x_wconf 88' lang='lat' dir='ltr'>sunt;</span> <span class='ocrx_word' id='word_1_290' title='bbox 1026 2307 1155 2356; x_wconf 88' lang='lat' dir='ltr'>placet</span> <span class='ocrx_word' id='word_1_291' title='bbox 1194 2307 1277 2356; x_wconf 81' lang='lat' dir='ltr'>regi</span> <span class='ocrx_word' id='word_1_292' title='bbox 1308 2308 1413 2356; x_wconf 88' lang='lat' dir='ltr'>quod</span> <span class='ocrx_word' id='word_1_293' title='bbox 1448 2307 1579 2345; x_wconf 83' lang='lat' dir='ltr'>adhuc</span> <span class='ocrx_word' id='word_1_294' title='bbox 1618 2308 1831 2345; x_wconf 85' lang='lat' dir='ltr'>tradantur</span> <span class='ocrx_word' id='word_1_295' title='bbox 1865 2308 1914 2345; x_wconf 88' lang='lat' dir='ltr'>ad</span> <span class='ocrx_word' id='word_1_296' title='bbox 1954 2308 2114 2346; x_wconf 90' lang='lat' dir='ltr'>firmam</span> 
     </span>
     <span class='ocr_line' id='line_1_37' title="bbox 409 2369 2116 2419; baseline 0.001 -11"><span class='ocrx_word' id='word_1_297' title='bbox 409 2382 534 2419; x_wconf 90' lang='lat' dir='ltr'>usque</span> <span class='ocrx_word' id='word_1_298' title='bbox 590 2370 639 2407; x_wconf 90' lang='lat' dir='ltr'>ad</span> <span class='ocrx_word' id='word_1_299' title='bbox 692 2369 911 2407; x_wconf 89' lang='lat' dir='ltr'>terminum</span> <span class='ocrx_word' id='word_1_300' title='bbox 961 2369 1086 2408; x_wconf 87' lang='lat' dir='ltr'>trium</span> <span class='ocrx_word' id='word_1_301' title='bbox 1139 2382 1354 2414; x_wconf 89' lang='lat' dir='ltr'>annorum,</span> <span class='ocrx_word' id='word_1_302' title='bbox 1408 2370 1629 2408; x_wconf 90' lang='lat' dir='ltr'>dummodo</span> <span class='ocrx_word' id='word_1_303' title='bbox 1686 2369 1789 2408; x_wconf 91' lang='lat' dir='ltr'>sicut</span> <span class='ocrx_word' id='word_1_304' title='bbox 1840 2369 1917 2419; x_wconf 89' lang='lat' dir='ltr'>ipsi</span> <span class='ocrx_word' id='word_1_305' title='bbox 1970 2371 2116 2409; x_wconf 88' lang='lat' dir='ltr'>melius</span> 
     </span>
     <span class='ocr_line' id='line_1_38' title="bbox 409 2431 2117 2482; baseline 0 -11"><span class='ocrx_word' id='word_1_306' title='bbox 409 2432 584 2471; x_wconf 89' lang='lat' dir='ltr'>viderint</span> <span class='ocrx_word' id='word_1_307' title='bbox 631 2431 827 2481; x_wconf 77' lang='lat' dir='ltr'>expedire.</span> <span class='ocrx_word' id='word_1_308' title='bbox 913 2432 1031 2476; x_wconf 90' lang='lat' dir='ltr'>Item,</span> <span class='ocrx_word' id='word_1_309' title='bbox 1085 2431 1359 2469; x_wconf 87' lang='lat' dir='ltr'>firmationem</span> <span class='ocrx_word' id='word_1_310' title='bbox 1416 2431 1538 2470; x_wconf 87' lang='lat' dir='ltr'>castri</span> <span class='ocrx_word' id='word_1_311' title='bbox 1590 2431 1696 2482; x_wconf 90' lang='lat' dir='ltr'>quod</span> <span class='ocrx_word' id='word_1_312' title='bbox 1744 2432 1958 2481; x_wconf 83' lang='lat' dir='ltr'>expediens</span> <span class='ocrx_word' id='word_1_313' title='bbox 2013 2435 2117 2471; x_wconf 88' lang='lat' dir='ltr'>esset</span> 
     </span>
     <span class='ocr_line' id='line_1_39' title="bbox 411 2493 2115 2543; baseline 0 -11"><span class='ocrx_word' id='word_1_314' title='bbox 411 2494 571 2532; x_wconf 89' lang='lat' dir='ltr'>firmare</span> <span class='ocrx_word' id='word_1_315' title='bbox 609 2494 651 2531; x_wconf 90' lang='lat' dir='ltr'>in</span> <span class='ocrx_word' id='word_1_316' title='bbox 688 2507 724 2532; x_wconf 88' lang='lat' dir='ltr'>v.</span> <span class='ocrx_word' id='word_1_317' title='bbox 765 2494 967 2532; x_wconf 86' lang='lat' dir='ltr'>cantredis</span> <span class='ocrx_word' id='word_1_318' title='bbox 1001 2493 1176 2532; x_wconf 82' lang='lat' dir='ltr'>Connac&#39;</span> <span class='ocrx_word' id='word_1_319' title='bbox 1208 2497 1397 2543; x_wconf 81' lang='lat' dir='ltr'>prorogat</span> <span class='ocrx_word' id='word_1_320' title='bbox 1427 2507 1495 2532; x_wconf 77' lang='lat' dir='ltr'>rex</span> <span class='ocrx_word' id='word_1_321' title='bbox 1534 2506 1659 2543; x_wconf 88' lang='lat' dir='ltr'>usque</span> <span class='ocrx_word' id='word_1_322' title='bbox 1698 2494 1748 2532; x_wconf 89' lang='lat' dir='ltr'>ad</span> <span class='ocrx_word' id='word_1_323' title='bbox 1777 2494 1903 2532; x_wconf 89' lang='lat' dir='ltr'>alium</span> <span class='ocrx_word' id='word_1_324' title='bbox 1944 2508 2115 2532; x_wconf 89' lang='lat' dir='ltr'>annum.</span> 
     </span>
     <span class='ocr_line' id='line_1_40' title="bbox 411 2555 2118 2606; baseline -0.001 -11"><span class='ocrx_word' id='word_1_325' title='bbox 411 2559 529 2602; x_wconf 93' lang='lat' dir='ltr'>Item,</span> <span class='ocrx_word' id='word_1_326' title='bbox 561 2557 690 2606; x_wconf 88' lang='lat' dir='ltr'>placet</span> <span class='ocrx_word' id='word_1_327' title='bbox 720 2556 802 2605; x_wconf 82' lang='lat' dir='ltr'>regi</span> <span class='ocrx_word' id='word_1_328' title='bbox 830 2556 937 2605; x_wconf 88' lang='lat' dir='ltr'>quod</span> <span class='ocrx_word' id='word_1_329' title='bbox 965 2556 1216 2594; x_wconf 88' lang='lat' dir='ltr'>dominicum</span> <span class='ocrx_word' id='word_1_330' title='bbox 1246 2556 1351 2605; x_wconf 82' lang='lat' dir='ltr'>regis</span> <span class='ocrx_word' id='word_1_331' title='bbox 1385 2556 1491 2606; x_wconf 86' lang='lat' dir='ltr'>quod</span> <span class='ocrx_word' id='word_1_332' title='bbox 1522 2555 1791 2595; x_wconf 88' lang='lat' dir='ltr'>Macchiteroc</span> <span class='ocrx_word' id='word_1_333' title='bbox 1831 2556 2118 2595; x_wconf 88' lang='lat' dir='ltr'>Hiberniensis</span> 
     </span>
     <span class='ocr_line' id='line_1_41' title="bbox 413 2618 2117 2669; baseline -0.001 -12"><span class='ocrx_word' id='word_1_334' title='bbox 413 2619 545 2658; x_wconf 90' lang='lat' dir='ltr'>tenuit</span> <span class='ocrx_word' id='word_1_335' title='bbox 593 2619 708 2669; x_wconf 77' lang='lat' dir='ltr'>juxta</span> <span class='ocrx_word' id='word_1_336' title='bbox 746 2618 1000 2664; x_wconf 82' lang='lat' dir='ltr'>Waterford&#39;,</span> <span class='ocrx_word' id='word_1_337' title='bbox 1042 2619 1224 2656; x_wconf 85' lang='lat' dir='ltr'>tradatur</span> <span class='ocrx_word' id='word_1_338' title='bbox 1263 2618 1370 2657; x_wconf 88' lang='lat' dir='ltr'>dicto</span> <span class='ocrx_word' id='word_1_339' title='bbox 1410 2618 1459 2656; x_wconf 91' lang='lat' dir='ltr'>G.</span> <span class='ocrx_word' id='word_1_340' title='bbox 1496 2618 1543 2656; x_wconf 89' lang='lat' dir='ltr'>de</span> <span class='ocrx_word' id='word_1_341' title='bbox 1576 2618 1743 2657; x_wconf 77' lang='lat' dir='ltr'>&#39;I&#39;urvill’</span> <span class='ocrx_word' id='word_1_342' title='bbox 1798 2619 1846 2656; x_wconf 88' lang='lat' dir='ltr'>ad</span> <span class='ocrx_word' id='word_1_343' title='bbox 1885 2619 2117 2657; x_wconf 86' lang='lat' dir='ltr'>faciendum</span> 
     </span>
     <span class='ocr_line' id='line_1_42' title="bbox 414 2680 2118 2731; baseline 0 -12"><span class='ocrx_word' id='word_1_344' title='bbox 414 2682 507 2719; x_wconf 88' lang='lat' dir='ltr'>inde</span> <span class='ocrx_word' id='word_1_345' title='bbox 546 2680 803 2719; x_wconf 88' lang='lat' dir='ltr'>commodum</span> <span class='ocrx_word' id='word_1_346' title='bbox 837 2680 955 2729; x_wconf 83' lang='lat' dir='ltr'>regis.</span> <span class='ocrx_word' id='word_1_347' title='bbox 1025 2680 1144 2727; x_wconf 91' lang='lat' dir='ltr'>Item,</span> <span class='ocrx_word' id='word_1_348' title='bbox 1180 2681 1226 2718; x_wconf 87' lang='lat' dir='ltr'>de</span> <span class='ocrx_word' id='word_1_349' title='bbox 1265 2680 1345 2718; x_wconf 90' lang='lat' dir='ltr'>fine</span> <span class='ocrx_word' id='word_1_350' title='bbox 1383 2693 1502 2730; x_wconf 84' lang='lat' dir='ltr'>quem</span> <span class='ocrx_word' id='word_1_351' title='bbox 1544 2680 1606 2719; x_wconf 88' lang='lat' dir='ltr'>W.</span> <span class='ocrx_word' id='word_1_352' title='bbox 1647 2681 1693 2718; x_wconf 89' lang='lat' dir='ltr'>de</span> <span class='ocrx_word' id='word_1_353' title='bbox 1722 2682 1851 2731; x_wconf 78' lang='lat' dir='ltr'>Lascy</span> <span class='ocrx_word' id='word_1_354' title='bbox 1891 2681 1985 2720; x_wconf 79' lang='lat' dir='ltr'>fecit</span> <span class='ocrx_word' id='word_1_355' title='bbox 2024 2694 2118 2719; x_wconf 91' lang='lat' dir='ltr'>cum</span> 
     </span>
     <span class='ocr_line' id='line_1_43' title="bbox 417 2742 2118 2792; baseline -0.001 -11"><span class='ocrx_word' id='word_1_356' title='bbox 417 2744 454 2782; x_wconf 82' lang='lat' dir='ltr'>J.</span> <span class='ocrx_word' id='word_1_357' title='bbox 494 2755 584 2792; x_wconf 83' lang='lat' dir='ltr'>rege</span> <span class='ocrx_word' id='word_1_358' title='bbox 621 2745 660 2781; x_wconf 89' lang='lat' dir='ltr'>et</span> <span class='ocrx_word' id='word_1_359' title='bbox 693 2745 831 2792; x_wconf 87' lang='lat' dir='ltr'>postea</span> <span class='ocrx_word' id='word_1_360' title='bbox 864 2755 955 2781; x_wconf 89' lang='lat' dir='ltr'>cum</span> <span class='ocrx_word' id='word_1_361' title='bbox 996 2742 1049 2780; x_wconf 92' lang='lat' dir='ltr'>H.</span> <span class='ocrx_word' id='word_1_362' title='bbox 1090 2755 1181 2792; x_wconf 82' lang='lat' dir='ltr'>rege</span> <span class='ocrx_word' id='word_1_363' title='bbox 1214 2742 1292 2781; x_wconf 85' lang='lat' dir='ltr'>isto</span> <span class='ocrx_word' id='word_1_364' title='bbox 1331 2742 1531 2780; x_wconf 87' lang='lat' dir='ltr'>reddendo</span> <span class='ocrx_word' id='word_1_365' title='bbox 1577 2742 1626 2780; x_wconf 88' lang='lat' dir='ltr'>ad</span> <span class='ocrx_word' id='word_1_366' title='bbox 1677 2742 1933 2782; x_wconf 81' lang='lat' dir='ltr'>Scaccarium</span> <span class='ocrx_word' id='word_1_367' title='bbox 1973 2743 2118 2789; x_wconf 88' lang='lat' dir='ltr'>Lond’,</span> 
     </span>
     <span class='ocr_line' id='line_1_44' title="bbox 417 2803 2155 2855; baseline -0.002 -11"><span class='ocrx_word' id='word_1_368' title='bbox 417 2807 523 2844; x_wconf 80' lang='lat' dir='ltr'>facta</span> <span class='ocrx_word' id='word_1_369' title='bbox 561 2805 654 2843; x_wconf 88' lang='lat' dir='ltr'>inde</span> <span class='ocrx_word' id='word_1_370' title='bbox 688 2804 962 2855; x_wconf 85' lang='lat' dir='ltr'>inquisitione,</span> <span class='ocrx_word' id='word_1_371' title='bbox 1004 2804 1037 2843; x_wconf 90' lang='lat' dir='ltr'>si</span> <span class='ocrx_word' id='word_1_372' title='bbox 1075 2805 1171 2854; x_wconf 86' lang='lat' dir='ltr'>quid</span> <span class='ocrx_word' id='word_1_373' title='bbox 1210 2804 1264 2843; x_wconf 81' lang='lat' dir='ltr'>ibi</span> <span class='ocrx_word' id='word_1_374' title='bbox 1304 2804 1536 2850; x_wconf 85' lang='lat' dir='ltr'>reddiderit,</span> <span class='ocrx_word' id='word_1_375' title='bbox 1577 2803 1741 2843; x_wconf 88' lang='lat' dir='ltr'>libitum</span> <span class='ocrx_word' id='word_1_376' title='bbox 1776 2818 1894 2842; x_wconf 86' lang='lat' dir='ltr'>suum</span> <span class='ocrx_word' id='word_1_377' title='bbox 1934 2805 1990 2842; x_wconf 84' lang='lat' dir='ltr'>eis</span> <span class='ocrx_word' id='word_1_378' title='bbox 2030 2804 2155 2842; x_wconf 90' lang='lat' dir='ltr'>inde.</span> 
     </span>
     <span class='ocr_line' id='line_1_45' title="bbox 419 2866 2121 2917; baseline -0.001 -12"><span class='ocrx_word' id='word_1_379' title='bbox 419 2866 609 2917; x_wconf 83' lang='lat' dir='ltr'>signabit.</span> <span class='ocrx_word' id='word_1_380' title='bbox 684 2866 803 2912; x_wconf 86' lang='lat' dir='ltr'>Item,</span> <span class='ocrx_word' id='word_1_381' title='bbox 844 2867 972 2904; x_wconf 86' lang='lat' dir='ltr'>mittit</span> <span class='ocrx_word' id='word_1_382' title='bbox 1028 2866 1084 2904; x_wconf 90' lang='lat' dir='ltr'>eis</span> <span class='ocrx_word' id='word_1_383' title='bbox 1141 2879 1210 2904; x_wconf 81' lang='lat' dir='ltr'>rex</span> <span class='ocrx_word' id='word_1_384' title='bbox 1262 2866 1418 2905; x_wconf 86' lang='lat' dir='ltr'>litteras</span> <span class='ocrx_word' id='word_1_385' title='bbox 1470 2879 1562 2904; x_wconf 88' lang='lat' dir='ltr'>suas</span> <span class='ocrx_word' id='word_1_386' title='bbox 1619 2866 1791 2904; x_wconf 84' lang='lat' dir='ltr'>directas</span> <span class='ocrx_word' id='word_1_387' title='bbox 1835 2866 1873 2904; x_wconf 81' lang='lat' dir='ltr'>J.</span> <span class='ocrx_word' id='word_1_388' title='bbox 1925 2866 2121 2904; x_wconf 89' lang='lat' dir='ltr'>Fernensi</span> 
     </span>
     <span class='ocr_line' id='line_1_46' title="bbox 418 2927 2122 2978; baseline -0.002 -11"><span class='ocrx_word' id='word_1_389' title='bbox 418 2929 615 2978; x_wconf 87' lang='lat' dir='ltr'>episcopo,</span> <span class='ocrx_word' id='word_1_390' title='bbox 670 2928 775 2978; x_wconf 85' lang='lat' dir='ltr'>quod</span> <span class='ocrx_word' id='word_1_391' title='bbox 831 2928 983 2966; x_wconf 89' lang='lat' dir='ltr'>rotulos</span> <span class='ocrx_word' id='word_1_392' title='bbox 1039 2928 1142 2977; x_wconf 82' lang='lat' dir='ltr'>regis</span> <span class='ocrx_word' id='word_1_393' title='bbox 1199 2928 1246 2966; x_wconf 89' lang='lat' dir='ltr'>de</span> <span class='ocrx_word' id='word_1_394' title='bbox 1313 2928 1520 2966; x_wconf 77' lang='lat' dir='ltr'>Scaccario</span> <span class='ocrx_word' id='word_1_395' title='bbox 1576 2928 1624 2966; x_wconf 90' lang='lat' dir='ltr'>de</span> <span class='ocrx_word' id='word_1_396' title='bbox 1682 2930 1861 2977; x_wconf 89' lang='lat' dir='ltr'>tempore</span> <span class='ocrx_word' id='word_1_397' title='bbox 1913 2941 1991 2977; x_wconf 86' lang='lat' dir='ltr'>quo</span> <span class='ocrx_word' id='word_1_398' title='bbox 2045 2927 2122 2965; x_wconf 77' lang='lat' dir='ltr'>fuit</span> 
     </span>
     <span class='ocr_line' id='line_1_47' title="bbox 421 2988 2127 3039; baseline -0.001 -10"><span class='ocrx_word' id='word_1_399' title='bbox 421 2990 697 3030; x_wconf 87' lang='lat' dir='ltr'>thesaurarius</span> <span class='ocrx_word' id='word_1_400' title='bbox 735 2989 929 3028; x_wconf 90' lang='lat' dir='ltr'>Hibernie</span> <span class='ocrx_word' id='word_1_401' title='bbox 976 2991 1032 3028; x_wconf 87' lang='lat' dir='ltr'>eis</span> <span class='ocrx_word' id='word_1_402' title='bbox 1089 2990 1242 3028; x_wconf 87' lang='lat' dir='ltr'>reddat.</span> <span class='ocrx_word' id='word_1_403' title='bbox 1320 2990 1439 3036; x_wconf 84' lang='lat' dir='ltr'>Item,</span> <span class='ocrx_word' id='word_1_404' title='bbox 1475 2992 1608 3027; x_wconf 86' lang='lat' dir='ltr'>castra</span> <span class='ocrx_word' id='word_1_405' title='bbox 1664 2989 1770 3039; x_wconf 82' lang='lat' dir='ltr'>regis</span> <span class='ocrx_word' id='word_1_406' title='bbox 1827 2990 1869 3027; x_wconf 91' lang='lat' dir='ltr'>in</span> <span class='ocrx_word' id='word_1_407' title='bbox 1926 2988 2127 3028; x_wconf 86' lang='lat' dir='ltr'>Hibernia</span> 
     </span>
     <span class='ocr_line' id='line_1_48' title="bbox 421 3051 2125 3101; baseline -0.002 -9"><span class='ocrx_word' id='word_1_408' title='bbox 421 3052 682 3092; x_wconf 88' lang='lat' dir='ltr'>committant</span> <span class='ocrx_word' id='word_1_409' title='bbox 722 3052 771 3089; x_wconf 90' lang='lat' dir='ltr'>ad</span> <span class='ocrx_word' id='word_1_410' title='bbox 810 3055 966 3090; x_wconf 90' lang='lat' dir='ltr'>certum</span> <span class='ocrx_word' id='word_1_411' title='bbox 996 3052 1128 3091; x_wconf 87' lang='lat' dir='ltr'>forum</span> <span class='ocrx_word' id='word_1_412' title='bbox 1159 3052 1421 3091; x_wconf 89' lang='lat' dir='ltr'>custodienda</span> <span class='ocrx_word' id='word_1_413' title='bbox 1450 3055 1488 3089; x_wconf 93' lang='lat' dir='ltr'>et</span> <span class='ocrx_word' id='word_1_414' title='bbox 1528 3052 1577 3089; x_wconf 88' lang='lat' dir='ltr'>ad</span> <span class='ocrx_word' id='word_1_415' title='bbox 1616 3051 1753 3089; x_wconf 89' lang='lat' dir='ltr'>minus</span> <span class='ocrx_word' id='word_1_416' title='bbox 1782 3051 1887 3101; x_wconf 87' lang='lat' dir='ltr'>quod</span> <span class='ocrx_word' id='word_1_417' title='bbox 1921 3054 2125 3100; x_wconf 91' lang='lat' dir='ltr'>poterunt.</span> 
     </span>
     <span class='ocr_line' id='line_1_49' title="bbox 424 3113 2127 3162; baseline -0.002 -9"><span class='ocrx_word' id='word_1_418' title='bbox 424 3115 543 3160; x_wconf 89' lang='lat' dir='ltr'>Item,</span> <span class='ocrx_word' id='word_1_419' title='bbox 580 3126 648 3151; x_wconf 79' lang='lat' dir='ltr'>rex</span> <span class='ocrx_word' id='word_1_420' title='bbox 680 3113 889 3151; x_wconf 87' lang='lat' dir='ltr'>mandavit</span> <span class='ocrx_word' id='word_1_421' title='bbox 927 3113 1118 3152; x_wconf 86' lang='lat' dir='ltr'>omnibus</span> <span class='ocrx_word' id='word_1_422' title='bbox 1157 3114 1397 3152; x_wconf 82' lang='lat' dir='ltr'>Waterford&#39;</span> <span class='ocrx_word' id='word_1_423' title='bbox 1438 3116 1476 3151; x_wconf 89' lang='lat' dir='ltr'>et</span> <span class='ocrx_word' id='word_1_424' title='bbox 1516 3113 1718 3162; x_wconf 82' lang='lat' dir='ltr'>Droghed’</span> <span class='ocrx_word' id='word_1_425' title='bbox 1759 3113 1863 3162; x_wconf 86' lang='lat' dir='ltr'>quod</span> <span class='ocrx_word' id='word_1_426' title='bbox 1901 3113 2009 3150; x_wconf 88' lang='lat' dir='ltr'>villis</span> <span class='ocrx_word' id='word_1_427' title='bbox 2043 3113 2127 3150; x_wconf 87' lang='lat' dir='ltr'>suis</span> 
     </span>
     <span class='ocr_line' id='line_1_50' title="bbox 425 3174 2128 3225; baseline -0.002 -9"><span class='ocrx_word' id='word_1_428' title='bbox 425 3176 657 3217; x_wconf 87' lang='lat' dir='ltr'>claudendis</span> <span class='ocrx_word' id='word_1_429' title='bbox 706 3175 875 3214; x_wconf 87' lang='lat' dir='ltr'>viriliter</span> <span class='ocrx_word' id='word_1_430' title='bbox 924 3176 1154 3214; x_wconf 87' lang='lat' dir='ltr'>intendant.</span> <span class='ocrx_word' id='word_1_431' title='bbox 1223 3176 1341 3222; x_wconf 87' lang='lat' dir='ltr'>Item,</span> <span class='ocrx_word' id='word_1_432' title='bbox 1394 3188 1463 3214; x_wconf 81' lang='lat' dir='ltr'>rex</span> <span class='ocrx_word' id='word_1_433' title='bbox 1512 3175 1681 3213; x_wconf 87' lang='lat' dir='ltr'>mandat</span> <span class='ocrx_word' id='word_1_434' title='bbox 1729 3175 1858 3213; x_wconf 85' lang='lat' dir='ltr'>eidem</span> <span class='ocrx_word' id='word_1_435' title='bbox 1905 3174 2128 3225; x_wconf 86' lang='lat' dir='ltr'>justiciario</span> 
     </span>
     <span class='ocr_line' id='line_1_51' title="bbox 426 3236 2128 3289; baseline -0.001 -12"><span class='ocrx_word' id='word_1_436' title='bbox 426 3239 531 3289; x_wconf 91' lang='lat' dir='ltr'>quod</span> <span class='ocrx_word' id='word_1_437' title='bbox 587 3238 637 3276; x_wconf 88' lang='lat' dir='ltr'>ad</span> <span class='ocrx_word' id='word_1_438' title='bbox 690 3237 881 3276; x_wconf 78' lang='lat' dir='ltr'>forestam</span> <span class='ocrx_word' id='word_1_439' title='bbox 937 3250 1052 3275; x_wconf 90' lang='lat' dir='ltr'>suam</span> <span class='ocrx_word' id='word_1_440' title='bbox 1108 3238 1150 3275; x_wconf 88' lang='lat' dir='ltr'>in</span> <span class='ocrx_word' id='word_1_441' title='bbox 1204 3238 1306 3275; x_wconf 87' lang='lat' dir='ltr'>valle</span> <span class='ocrx_word' id='word_1_442' title='bbox 1345 3240 1384 3275; x_wconf 90' lang='lat' dir='ltr'>et</span> <span class='ocrx_word' id='word_1_443' title='bbox 1431 3237 1473 3275; x_wconf 93' lang='lat' dir='ltr'>in</span> <span class='ocrx_word' id='word_1_444' title='bbox 1530 3237 1739 3275; x_wconf 87' lang='lat' dir='ltr'>montanis</span> <span class='ocrx_word' id='word_1_445' title='bbox 1796 3236 1959 3274; x_wconf 88' lang='lat' dir='ltr'>Dublin‘</span> <span class='ocrx_word' id='word_1_446' title='bbox 2019 3237 2128 3275; x_wconf 87' lang='lat' dir='ltr'>salvo</span> 
     </span>
     <span class='ocr_line' id='line_1_52' title="bbox 426 3296 2129 3348; baseline -0.002 -9"><span class='ocrx_word' id='word_1_447' title='bbox 426 3300 732 3341; x_wconf 86' lang='lat' dir='ltr'>custodiendam</span> <span class='ocrx_word' id='word_1_448' title='bbox 771 3312 909 3338; x_wconf 88' lang='lat' dir='ltr'>curam</span> <span class='ocrx_word' id='word_1_449' title='bbox 948 3302 1137 3348; x_wconf 88' lang='lat' dir='ltr'>apponat,</span> <span class='ocrx_word' id='word_1_450' title='bbox 1169 3299 1279 3337; x_wconf 87' lang='lat' dir='ltr'>salva</span> <span class='ocrx_word' id='word_1_451' title='bbox 1308 3298 1493 3337; x_wconf 88' lang='lat' dir='ltr'>libertate</span> <span class='ocrx_word' id='word_1_452' title='bbox 1524 3298 1815 3347; x_wconf 87' lang='lat' dir='ltr'>archiepiscopi</span> <span class='ocrx_word' id='word_1_453' title='bbox 1851 3296 2129 3336; x_wconf 88' lang='lat' dir='ltr'>Dublinensis.</span> 
     </span>
     <span class='ocr_line' id='line_1_53' title="bbox 428 3359 1647 3413; baseline -0.003 -11"><span class='ocrx_word' id='word_1_454' title='bbox 428 3363 545 3403; x_wconf 77' lang='lat' dir='ltr'>Teste</span> <span class='ocrx_word' id='word_1_455' title='bbox 583 3375 674 3412; x_wconf 83' lang='lat' dir='ltr'>rege</span> <span class='ocrx_word' id='word_1_456' title='bbox 712 3361 817 3412; x_wconf 86' lang='lat' dir='ltr'>apud</span> <span class='ocrx_word' id='word_1_457' title='bbox 855 3361 962 3410; x_wconf 89' lang='lat' dir='ltr'>apud</span> <span class='ocrx_word' id='word_1_458' title='bbox 1003 3361 1085 3413; x_wconf 76' lang='lat' dir='ltr'>(sic)</span> <span class='ocrx_word' id='word_1_459' title='bbox 1128 3360 1296 3405; x_wconf 81' lang='lat' dir='ltr'>Theok’,</span> <span class='ocrx_word' id='word_1_460' title='bbox 1335 3361 1389 3411; x_wconf 85' lang='lat' dir='ltr'>xj.</span> <span class='ocrx_word' id='word_1_461' title='bbox 1430 3360 1492 3398; x_wconf 91' lang='lat' dir='ltr'>die</span> <span class='ocrx_word' id='word_1_462' title='bbox 1534 3359 1647 3398; x_wconf 85' lang='lat' dir='ltr'>Julii.</span> 
     </span>
    </p>
   </div>
   <div class='ocr_carea' id='block_1_11' title="bbox 449 3447 578 3471">
    <p class='ocr_par' dir='ltr' id='par_1_11' title="bbox 449 3447 578 3471">
     <span class='ocr_line' id='line_1_54' title="bbox 449 3447 578 3471; baseline -0.008 -1"><span class='ocrx_word' id='word_1_463' title='bbox 449 3447 578 3471; x_wconf 43' lang='lat' dir='ltr'>Aa*</span> 
     </span>
    </p>
   </div>
  </div>
 </body>
</html>
