2375 3587
205 351 349 397 1237.

196 419 251 456 [m.
275 415 370 454 17‹z.]

199 2100 258 2138 [m.
277 2097 367 2136 16‹l.]

1074 222 1124 260 21
1170 219 1375 260 HENRY
1417 220 1499 260 ΙΙΙ.
2063 210 2143 259 52'1

548 417 691 455 Brevia
738 418 881 456 mortis
934 418 1200 456 antecessoris
1253 421 1291 456 et
1341 418 1387 455 de
1440 417 1588 454 nativis
1637 420 1676 454 et
1728 417 1774 453 116
1826 416 2009 465 ingressu
2068 428 2148 453 non

439 479 633 517 excedant
673 480 843 518 reditum
880 480 983 526 regis
1023 480 1225 518 Johannis
1264 480 1310 517 de
1343 478 1551 529 Hybernia
1588 478 1626 514 in
1660 478 1865 527 Angliam‚
1901 481 1940 516 et
1971 478 2149 526 vigorem

440 541 587 579 habeat
634 542 711 580 ista
758 543 931 591 provisio
979 556 1002 580 a
1050 545 1228 591 tempore
1276 541 1466 591 predicto,
1517 544 1556 578 et
1604 540 1739 578 brevia
1786 541 1895 589 prius
1934 540 2150 589 impetrata

439 604 667 650 procedant.

548 690 692 728 Brevia
739 704 831 729 vero
880 705 980 729 nove
1028 691 1224 729 dissasine
1264 703 1345 728 non
1389 690 1583 728 excedant
1632 690 2007 727 transfretationem
2050 689 2151 738 regis

440 752 508 800 qui
546 765 654 791 nunc
692 757 752 792 est
790 755 830 791 in
870 754 1143 799 Britanniam,
1183 756 1221 790 et
1261 753 1439 799 vigorem
1479 752 1654 790 habeant
1687 765 1710 789 a
1743 759 1921 800 tempore
1956 751 2150 800 predicto,

441 817 479 852 et
518 814 652 853 brevia
689 816 799 865 prius
838 817 1055 865 impetrata
1094 816 1328 865 procedant.

548 903 858 942 Memoranduni
897 905 1003 953 quod
1041 904 1232 941 dominus
1270 916 1339 940 rex
1377 903 1575 940 concessit
1608 902 1812 940 W'illelmo
1847 902 1894 939 (16
1928 901 2012 939 Keu
2044 901 2149 950 quod

442 966 566 1003 terras
597 979 688 1004 suas
724 967 771 1004 de
811 967 996 1004 Mordon'
1037 970 1075 1004 et
1113 967 1159 1003 116
1193 965 1369 1003 Wicton'
1405 978 1498 1002 011111
1538 965 1792 1014 pertinentiis
1831 963 1958 1013 possit
1997 964 2151 1001 tradere

441 1027 489 1064 ad
529 1028 689 1066 firmam
730 1042 853 1079 usque
893 1029 941 1066 ad
982 1029 1203 1066 terminum
1244 1028 1546 1077 111111110111111,
1581 1031 1620 1065 et
1657 1027 1689 1064 ei
1732 1027 1825 1064 inde
1865 1027 2021 1064 litteras
2062 1038 2154 1063 suas

441 1090 534 1128 fecit
573 1093 770 1139 patentes,
812 1094 850 1129 et
888 1091 944 1128 eis
974 1091 1041 1140 qui
1073 1093 1200 1128 terras
1232 1090 1321 1127 illas
1349 1102 1371 1127 a
1400 1089 1578 1138 predicto
1608 1089 1815 1127 Willelmo
1850 1088 2072 1137 receperint
2102 1087 2151 1125 ad

441 1152 601 1190 firmam
641 1167 710 1202 per
750 1158 903 1192 cartam
943 1166 1058 1190 suani
1098 1151 1369 1191 confirmabit.

551 1241 750 1279 Radulfus
774 1242 821 1279 de
844 1241 1046 1291 Hoyland’
1068 1241 1289 1279 attornavit
1306 1241 1537 1278 ‚Johannem
1559 1240 1606 1277 de
1623 1239 1819 1288 Wigetoft
1836 1239 1884 1276 ad
1907 1237 2150 1276 lucrandum

442 1303 504 1341 vel
543 1304 789 1352 perdendum
830 1305 871 1341 in
911 1304 1069 1353 loquela
1106 1316 1181 1353 que
1220 1308 1279 1341 est
1328 1304 1368 1340 in
1408 1303 1604 1341 comitatu
1644 1302 1758 1340 Linc'
1800 1301 1905 1339 inter
1943 1301 2075 1350 ipsum
2116 1302 2155 1337 et

444 1365 665 1403 Radulfum
707 1367 754 1404 de
798 1366 926 1404 Fenn'
967 1367 1013 1403 de
1052 1365 1416 1404 consuetudinibus
1455 1369 1493 1403 et
1533 1365 1709 1402 serviciis
1747 1377 1823 1413 que
1861 1363 1985 1411 exigit
2023 1362 2072 1400 ab
2111 1376 2155 1400 eo

443 1429 490 1466 de
528 1432 759 1467 tenemento
801 1429 841 1466 in
877 1429 1097 1479 Benyton',
1138 1432 1177 1466 et
1217 1429 1258 1465 in
1296 1428 1455 1477 loquela
1492 1440 1568 1477 quc
1607 1431 1667 1464 est
1706 1427 1746 1464 in
1787 1427 1925 1464 eodem
1961 1425 2156 1464 comitatu

442 1488 548 1528 inter
596 1491 730 1540 ipsum
780 1501 818 1528 et
868 1491 1096 1529 Gerardum
1140 1491 1187 1527 de
1230 1491 1358 1528 Fenn’
1404 1491 1451 1527 de
1493 1489 1856 1528 consuetudinibus
1899 1491 1938 1526 et
1979 1487 2158 1525 serviciis

442 1553 490 1590 de
528 1556 762 1591 tenemento
802 1553 841 1590 in
885 1553 1082 1598 Scstebec,
1124 1556 1163 1590 et
1212 1553 1251 1589 in
1292 1553 1449 1602 loquela
1485 1565 1562 1601 que
1600 1555 1660 1589 est
1703 1551 1743 1588 in
1785 1552 1922 1589 eodem
1962 1549 2157 1588 comitatu

442 1614 548 1652 inter
585 1615 721 1664 ipsum
771 1619 811 1653 et
861 1615 1062 1653 Thomam
1106 1615 1153 1652 de
1194 1614 1391 1663 Notingh'
1432 1621 1471 1652 et
1519 1613 1728 1658 Felici-am,
1770 1626 1934 1651 uxorem
1974 1613 2072 1661 ejus,
2114 1611 2160 1648 de

441 1676 803 1715 consuetudinibus
851 1680 890 1714 et
938 1676 1117 1715 serviciis
1166 1677 1212 1713 de
1262 1678 1494 1714 tenemento
1536 1676 1576 1712 in
1616 1675 1713 1713 villa
1759 1674 1899 1713 Sancti
1946 1673 2157 1723 Botulphi.

444 1739 560 1777 Teste
599 1752 690 1787 rege
728 1739 833 1789 apud
872 1739 1296 1783 XVestmonasteriuni,
1338 1739 1393 1788 xj.
1435 1738 1497 1775 die
1537 1737 1760 1776 Februarii.

554 1826 787 1874 Stephanus
826 1826 935 1863 filius
975 1825 1137 1863 Ricardi
1185 1825 1407 1863 attornavit
1455 1824 1727 1873 Reginaldum
1776 1823 1906 1860 filium
1946 1823 2158 1861 Laurentii

443 1888 492 1925 ad
531 1888 773 1926 lucrandum
813 1888 875 1925 vel
915 1888 1164 1937 perdendum
1205 1887 1246 1924 in
1286 1887 1447 1936 loquela
1485 1899 1562 1935 que
1600 1889 1660 1924 est
1699 1886 1741 1923 111
1780 1885 1977 1924 comitatu
2016 1885 2157 1923 Essex'

444 1951 548 1988 inter
594 1963 686 1988 eum
738 1954 778 1988 et
826 1950 1053 1987 Ranulfum
1102 1949 1280 2000 Haliday
1328 1950 1376 1987 de
1426 1962 1490 1986 xv.
1540 1948 1642 1987 acris
1691 1950 1793 1986 terre
1842 1948 1883 1985 in
1923 1947 2156 1986 Twinsted’.

445 2013 561 2051 Teste
600 2026 690 2062 rege
728 2013 835 2062 apud
874 2013 1036 2058 Kenet',
1076 2012 1145 2062 vij.
1185 2011 1248 2050 die
1286 2011 1507 2050 Februarii.

553 2099 782 2137 Willelmus
812 2099 859 2136 de
893 2099 969 2149 Wy
1000 2102 1039 2137 et
1070 2098 1256 2145 Matillis‚
1291 2112 1391 2136 uxor
1419 2099 1518 2148 ejus,
1552 2099 1861 2135 attornaverunt
1903 2097 2157 2146 Stephanum

443 2162 490 2200 de
520 2162 682 2200 Bewell'
714 2162 756 2199 in
786 2161 946 2211 loquela
976 2175 1053 2210 que
1083 2165 1143 2200 est
1173 2161 1215 2199 in
1247 2161 1446 2200 comitatu
1477 2160 1631 2199 Kancie
1662 2160 1766 2198 inter
1799 2159 1905 2209 ipsos
1936 2162 1976 2197 et
2008 2159 2161 2197 Lucam

443 2225 491 2262 de
530 2224 660 2262 Fonte
698 2224 746 2261 de
785 2224 855 2273 vij.
896 2224 998 2262 acris
1046 2228 1148 2262 terre
1196 2227 1235 2262 et
1284 2223 1454 2261 dimidia
1502 2223 1543 2260 in
1585 2222 1854 2260 Westerham.
1915 2221 2032 2259 Teste
2070 2234 2161 2272 rege

444 2287 550 2336 apud
587 2286 863 2331 Gantuariann
905 2287 958 2336 vj.
999 2287 1062 2324 die
1101 2286 1258 2325 Marcii.

554 2374 629 2411 Die
667 2373 858 2412 Mercurii
897 2374 1081 2423 proxima
1124 2377 1215 2423 post
1264 2372 1597 2411 Purificationem
1647 2384 1754 2409 anno
1802 2371 1915 2420 regni
1964 2375 2039 2409 etc.
2079 2371 2161 2420 xxj.

447 2449 581 2475 coram
621 2436 787 2473 domino
827 2449 918 2485 rege
957 2439 995 2474 et
1035 2449 1171 2475 coram
1211 2436 1378 2474 domino
1417 2434 1665 2473 Eboracensi
1705 2434 1889 2483 episcopo
1924 2436 1962 2471 et
1993 2433 2082 2471 aliis
2117 2434 2164 2471 de

447 2498 615 2537 consilio
653 2498 809 2536 domini
850 2498 954 2547 regis
995 2502 1215 2536 tractatum
1257 2498 1334 2536 fuit
1376 2498 1424 2535 de
1473 2497 1634 2535 forestis
1683 2501 1722 2534 et
1769 2496 1894 2534 officio
1931 2495 2167 2545 capitalium

446 2560 764 2611 justiciariorum
795 2560 1049 2606 forestarum,
1084 2564 1122 2599 et
1152 2561 1199 2598 de
1229 2560 1360 2599 officio
1390 2560 1632 2598 ballivorum
1654 2558 1858 2597 dominica
1887 2558 2041 2596 domini
2063 2558 2166 2607 regis

447 2621 775 2667 custodientium,
816 2622 922 2659 inter
959 2636 1060 2672 quos
1100 2622 1307 2673 contentio
1346 2621 1424 2659 fuit
1463 2621 1553 2670 quis
1587 2633 1725 2658 eorum
1760 2618 1898 2657 debuit
1930 2620 2165 2669 respondere

447 2685 495 2722 de
532 2683 649 2721 viridi
689 2686 727 2721 et
766 2684 995 2722 venatione.
1070 2684 1126 2721 Et
1165 2684 1330 2722 tandem
1373 2683 1430 2721 ita
1478 2682 1687 2732 provisum
1728 2686 1788 2719 est
1826 2694 1961 2719 coram
1999 2681 2162 2719 domino

448 2746 537 2795 rege
574 2746 679 2795 quod
718 2745 913 2794 capitales
952 2746 1168 2795 justiciarii
1204 2746 1367 2795 plenam
1407 2745 1583 2782 habeant
1631 2746 1873 2792 potestatem
1912 2743 2163 2780 custodiendi

448 2821 589 2847 omnes
638 2808 820 2853 forestas,
871 2812 955 2846 tam
1005 2809 1053 2846 de
1102 2808 1320 2846 dominicis
1368 2807 1524 2846 domini
1575 2807 1679 2855 regis
1726 2818 1847 2855 quam
1897 2806 1943 2843 de
1982 2805 2084 2850 aliis,
2125 2809 2163 2843 et

449 2871 554 2920 quod
612 2869 750 2908 ballivi
808 2870 963 2908 domini
1021 2871 1125 2920 regis
1182 2871 1230 2908 de
1287 2869 1502 2908 dominicis
1561 2868 1644 2907 suis
1700 2867 1878 2906 habeant
1934 2867 1976 2904 in
2033 2867 2162 2905 boscis

449 2932 662 2970 dominicis
707 2932 863 2970 domini
912 2933 1015 2982 regis
1061 2946 1107 2970 ea
1153 2945 1229 2982 que
1278 2932 1483 2982 pertinent
1533 2931 1582 2969 ad
1629 2930 1809 2968 maneria
1852 2943 1936 2974 sua,
1977 2929 2163 2968 videlicet

450 3007 572 3032 nuces
639 2997 677 3032 et
742 2995 822 3032 mel
892 2999 931 3033 et
997 3008 1209 3044 pessonem
1267 2998 1306 3033 et
1363 2994 1485 3032 etiam
1544 2993 1829 3043 agistationem
1894 3005 1963 3040 per
2030 2991 2161 3030 visum

449 3057 714 3106 agistatorum
762 3060 801 3094 et
849 3057 1154 3095 forestariorum
1194 3060 1232 3095 et
1273 3056 1511 3106 herbagium
1552 3057 1601 3094 ad
1649 3059 1828 3094 stauruin
1869 3054 2021 3092 domini
2061 3054 2163 3103 regis

449 3133 519 3169 per
548 3119 680 3157 visum
714 3123 753 3156 et
787 3120 1003 3157 consilium
1036 3120 1273 3168 capitalium
1306 3119 1625 3170 justiciariorum
1654 3119 1703 3156 ad
1738 3119 1871 3167 majus
1905 3117 2163 3154 commodum

448 3181 603 3220 domini
643 3181 746 3230 regis
794 3185 833 3219 et
884 3182 932 3220 ad
982 3182 1118 3219 minus
1167 3184 1461 3220 nocumentum
1503 3182 1648 3219 foreste
1696 3193 1777 3218 sue.
1874 3181 1931 3216 De
1989 3179 2164 3227 caplecio

450 3244 521 3281 fiat
550 3243 808 3281 commodum
839 3243 995 3281 domini
1026 3243 1130 3292 regis
1169 3256 1239 3292 per
1276 3244 1410 3281 visun]
1446 3243 1731 3280 viridariorum
1769 3244 1808 3278 et
1846 3240 2147 3278 forestariorum

449 3306 505 3344 Et
545 3305 734 3344 dominus
774 3318 841 3343 rex
881 3305 1028 3344 habeat
1068 3306 1109 3343 in
1150 3306 1323 3355 singulis
1362 3306 1471 3343 villis
1511 3305 1594 3343 suis
1634 3303 1890 3342 forestarium
1929 3315 2048 3340 suum
2079 3303 2165 3340 sine

449 3380 543 3406 arcu
582 3371 620 3405 et
661 3367 833 3417 sagittis,
876 3371 914 3405 et
954 3368 1022 3417 qui
1062 3380 1144 3406 non
1178 3367 1288 3406 vivat
1327 3368 1375 3405 de
1409 3367 1567 3417 patria;
1609 3370 1668 3403 set
1700 3364 1885 3414 capitalis
1916 3364 2164 3414 justiciarius

449 3433 625 3479 apponat
666 3429 898 3468 forestarios
938 3442 1029 3468 cum
1071 3442 1166 3468 arcu
1207 3434 1245 3468 et
1294 3429 1467 3478 sagittis,
1512 3428 1612 3465 tales
1651 3427 1756 3476 quod
1796 3427 1843 3463 de
1882 3439 2018 3464 eorum
2059 3426 2166 3465 facto

412 3515 421 3531 Ἰ
455 3517 472 3549 4
