2375 3587
263 195 344 236 236

329 318 470 366 1236.

317 386 378 424 [m.
407 383 480 424 is]

1194 199 1379 242 GLOSE
1424 199 1631 242 ROLLS.

674 396 747 432 Pro
794 397 977 433 Willelmo
1015 397 1165 433 εσίεεονι7
1203 398 1348 433 domini
1383 397 1789 444 restim—Mandatum
1819 400 1879 436 est
1909 397 1946 435 J.
1978 398 2025 436 de
2059 397 2261 437 Colemere

560 456 664 505 quod
693 457 838 495 habere
872 458 996 496 faciat
1026 458 1230 496 Willelmo
1260 457 1417 496 scissori
1448 458 1551 507 regis
1578 472 1706 497 unum
1736 459 1890 497 dolium
1921 459 2004 497 vini
2037 459 2258 504 Wasconie,

560 519 606 556 de
645 518 751 557 dono
790 520 906 569 regis.
987 520 1102 557 Teste
1142 523 1186 557 ut
1225 533 1357 568 supra.

670 608 744 644 Pro
782 609 906 655 priore
945 615 977 644 et
1016 609 1206 644 monachis
1247 609 1288 643 de
1329 607 1690 654 Spalde'njs'.—Rex
1742 609 1938 647 concessit
1988 621 2056 657 per
2107 611 2259 647 cartam

558 682 672 706 suam
712 669 833 718 priori
872 672 910 707 et
951 669 1164 706 monachis
1203 669 1249 706 de
1297 669 1504 718 Spalding*
1545 670 1652 718 quod
1705 669 1780 718 ipsi
1825 672 1863 708 et
1913 683 2160 709 successores
2199 669 2260 707 sui

558 730 600 767 in
630 734 867 779 perpetuum
903 730 1077 768 habeant
1110 730 1278 767 liberam
1308 743 1538 768 warennam
1570 730 1610 768 in
1642 731 1855 770 dominicis
1886 732 1968 770 suis
1998 732 2038 769 in
2069 731 2261 770 maneriis

559 792 606 830 de
662 791 887 840 Spaldingss
945 791 1209 842 Pyncebeck',
1267 792 1444 830 Weston’
1496 795 1534 830 et
1584 792 1796 838 Muleton⁷‚
1852 794 1906 831 ita
1962 794 2067 843 qnod
2123 793 2260 831 nullus

558 866 789 891 warennam
835 853 947 891 illam
998 854 1148 891 intrare
1202 853 1328 902 possit
1378 854 1426 891 ad
1476 854 1699 902 fugandum
1758 855 1798 892 in
1856 868 1901 893 ea
1956 855 2041 893 sine
2096 855 2260 893 licentia

558 915 736 964 ipsorum
776 915 920 964 prioris
961 918 1000 953 et
1030 916 1322 953 monachorum
1356 920 1394 953 et
1427 929 1702 954 successorum
1743 929 1919 963 suorum⁷
1961 917 2065 956 sicut
2102 917 2260 966 plenius

558 977 788 1016 continetur
826 977 865 1014 in
908 982 1017 1015 carta
1061 977 1164 1027 regis
1203 991 1323 1027 quam
1363 978 1418 1015 eis
1457 977 1548 1016 inde
1590 978 1675 1016 fieri
1724 978 1833 1017 fecit.
1926 980 1981 1017 Et
2020 980 2258 1017 mandatum

558 1042 618 1078 est
656 1039 881 1078 vicecomiti
927 1039 1039 1078 Linc'
1079 1040 1184 1089 quod
1232 1043 1384 1078 cartam
1435 1039 1656 1088 predictam
1705 1040 1746 1077 in
1797 1041 1916 1090 pleno
1955 1041 2150 1079 comitatu
2189 1055 2259 1079 suo

558 1102 634 1150 legi
673 1106 711 1139 et
749 1102 873 1140 teneri
913 1102 1045 1145 faciat,
1088 1102 1191 1140 sicut
1230 1102 1454 1151 predictum
1487 1107 1559 1140 est.
1637 1103 1753 1141 Teste
1791 1116 1881 1152 rege
1920 1106 1964 1141 ut
1999 1116 2132 1153 supra.

665 1191 795 1226 Judei.
878 1190 928 1225 De
994 1196 1094 1225 tvrra
1161 1188 1703 1226 ‹no-tendenda.——Mandatum
1779 1192 1838 1227 est
1912 1190 2145 1239 justiciariis
2209 1190 2259 1227 ad

557 1251 781 1289 custodiam
847 1250 1069 1289 Judeoruni
1128 1251 1344 1300 assignatis
1420 1251 1525 1300 quod
1588 1255 1734 1289 terram
1784 1251 1968 1290 Nicholai
2015 1252 2062 1290 de
2112 1252 2260 1290 Sancto

558 1313 775 1350 Edinundo
822 1312 982 1350 extendi
1041 1312 1163 1350 faciat
1228 1315 1427 1361 quantum
1482 1312 1612 1350 valeat
1682 1313 1723 1349 in
1782 1312 2015 1359 redditibus,
2073 1313 2258 1359 servitiis,

557 1375 766 1424 vilenagiis
805 1378 843 1413 et
881 1374 1070 1412 omnibus
1118 1374 1209 1412 aliis
1248 1374 1422 1412 exitibus
1453 1379 1568 1420 terre,
1600 1377 1639 1412 et
1669 1374 1776 1412 facta
1814 1375 2046 1413 extensione
2084 1375 2261 1424 predicta

556 1438 684 1476 eidem
723 1436 916 1475 Nicholao
967 1435 1248 1474 rationabilem
1302 1436 1425 1474 finem
1472 1439 1511 1474 et
1560 1435 1820 1474 rationabiles
1868 1437 2063 1475 terminos
2114 1437 2259 1475 habere

556 1499 678 1538 faciat
721 1500 770 1537 ad
809 1498 942 1536 debita
980 1511 1055 1547 que
1095 1497 1210 1535 debet
1250 1498 1383 1536 Aaron
1439 1498 1524 1536 filio
1577 1497 1735 1536 Abrahe
1774 1502 1812 1536 et
1851 1499 1953 1549 Elye
1992 1498 2027 1536 le
2076 1498 2258 1545 Esvesk’,

556 1561 695 1599 Judeis
725 1561 869 1606 Lond’,
899 1560 1098 1598 reddenda
1128 1560 1348 1598 secundum
1373 1561 1548 1598 valorem
1579 1560 1752 1609 predicte
1785 1563 1886 1598 terre
1919 1564 1957 1599 et
1987 1561 2257 1611 quantitatem

556 1624 824 1673 predictorum
859 1622 1098 1661 debitorum.
1186 1622 1302 1660 Teste
1342 1626 1386 1660 nt
1426 1635 1559 1671 supra.

663 1712 739 1748 Pr«,
786 1711 950 1758 episcnpa
998 1709 1506 1756 Ilei-‹jford''.—Mandatum
1559 1713 1619 1747 est
1671 1709 1829 1747 ballivis
1877 1709 2033 1756 Glmm',
2069 1711 2173 1759 quod
2226 1710 2259 1749 si

557 1773 785 1810 Willelmns
824 1773 870 1809 de
910 1772 1091 1809 Preston'
1131 1784 1250 1820 quein
1311 1775 1500 1820 ceperunt
1551 1776 1589 1809 et
1636 1776 1797 1821 captum
1847 1775 1986 1810 tenent
2034 1786 2104 1822 pro
2151 1773 2259 1812 furto

556 1835 659 1884 quod
698 1834 923 1872 coniississe
963 1833 1109 1871 dicitur
1157 1833 1197 1870 in
1247 1833 1360 1870 feodo
1408 1832 1647 1871 venerabilis
1695 1833 1820 1882 patris
1864 1834 1911 1871 R.
1953 1834 2259 1873 Herefordensis

556 1897 730 1946 episcopi
769 1896 809 1932 in
859 1895 1005 1933 seisina
1052 1895 1229 1945 ejusdem
1278 1894 1375 1932 furti
1424 1895 1614 1933 inventus
1677 1896 1809 1941 fuerit,
1852 1898 1948 1934 tunc
1995 1895 2128 1946 ipsum
2173 1897 2258 1935 sine

556 1958 748 1996 dilatione
779 1957 937 1995 ballivis
969 1957 1095 2006 ipsius
1127 1957 1302 2005 episcopi
1334 1956 1495 1994 liberari
1526 1957 1691 2003 faciant,
1710 1970 1801 1995 cuin
1833 1957 1878 1995 ad
1913 1970 1980 1996 eos
2006 1958 2257 2005 accesserint,

556 2021 604 2058 ad
652 2019 924 2069 recipiendum
969 2019 1010 2056 in
1054 2019 1163 2056 curia
1207 2018 1351 2067 prefati
1398 2019 1589 2068 episcopi,
1640 2019 1707 2057 ubi
1756 2019 1860 2057 idem
1910 2020 2064 2058 furtum
2111 2020 2258 2058 dicitur

555 2082 817 2127 commisisse,
869 2082 973 2131 quod
1011 2081 1232 2120 secundum
1282 2081 1411 2130 legem
1459 2085 1497 2119 et
1545 2081 1877 2120 consuetudinem
1926 2082 2103 2132 ejusdem
2152 2082 2259 2121 curie

558 2145 731 2195 recipere
767 2144 920 2182 debeat.
1008 2144 1123 2182 Teste
1163 2148 1207 2181 ut
1247 2157 1379 2192 supra.

669 2235 720 2271 De
769 2235 888 2269 damis
938 2232 1350 2270 «latix.-Mandatuni
1397 2236 1457 2269 est
1509 2232 1689 2270 Johanni
1729 2233 1775 2270 de
1826 2232 1984 2278 Nevill’‚
2037 2231 2259 2281 justiciario

556 2297 715 2341 foreste,
764 2295 869 2344 quod
918 2295 959 2332 in
1008 2295 1155 2332 foresta
1204 2295 1250 2332 de
1299 2294 1477 2332 Windes'
1528 2295 1648 2333 faciat
1695 2294 1841 2332 habere
1890 2293 2071 2333 Gilberto
2118 2295 2260 2333 Basset

556 2358 689 2396 decem
756 2358 895 2394 damas
961 2361 999 2394 et
1067 2360 1145 2394 tres
1211 2356 1349 2394 damos
1413 2357 1462 2394 ad
1528 2369 1693 2405 parcum
1760 2369 1877 2394 suum
1939 2356 1987 2393 de
2050 2356 2259 2406 W'ocking’

556 2420 879 2465 instaurandum,
930 2420 976 2457 de
1024 2420 1128 2457 dono
1177 2419 1293 2467 regis.
1393 2418 1509 2457 Teste
1559 2432 1645 2468 rege
1694 2419 1798 2467 apud
1849 2418 2023 2464 Guldef’,
2064 2431 2156 2456 xxx.
2197 2419 2259 2457 die

557 2482 752 2520 Januarii.

665 2570 720 2606 De
787 2567 1212 2615 )›‹»·‹I‹»1ati‹›nc.——Rex
1270 2566 1487 2605 baronibus
1547 2567 1628 2605 suis
1703 2567 1749 2604 de
1809 2566 2016 2605 Scaccario
2073 2567 2258 2605 salutem.

561 2631 705 2669 Sciatis
760 2629 864 2679 quod
922 2629 1233 2678 perdonavimus
1289 2629 1473 2678 Drogoni
1526 2629 1572 2666 de
1629 2628 1824 2666 Barentin
1881 2632 1922 2666 et
1979 2628 2157 2667 <Iohanni
2212 2630 2261 2667 de

557 2693 719 2731 Plesset'
772 2695 944 2740 quatuor
996 2703 1164 2735 marcas,
1220 2690 1404 2728 videlicet
1457 2690 1614 2740 utrique
1667 2690 1830 2728 illorum
1880 2690 1978 2728 duas
2017 2703 2171 2729 marcas
2210 2692 2259 2729 ad

557 2768 656 2804 quas
696 2753 903 2792 amerciati
944 2754 1108 2790 fuerunt
1148 2765 1280 2790 coram
1319 2752 1554 2802 justiciariis
1603 2752 1752 2790 nostris
1790 2752 1936 2790 ultimo
1975 2752 2259 2792 itinerantibus

558 2816 663 2866 apud
703 2815 901 2853 Oxoniam
952 2827 1022 2863 pro
1065 2814 1228 2852 defalta.
1306 2814 1361 2852 Et
1399 2814 1486 2852 ideo
1535 2812 1646 2852 vobis
1699 2814 1942 2851 mandamus
1994 2814 2099 2863 quod
2152 2815 2258 2864 ipsos

557 2879 787 2927 Drogonem
824 2880 861 2914 et
901 2876 1133 2914 Johannem
1173 2876 1219 2913 de
1259 2876 1339 2913 illis
1374 2880 1546 2925 quatuor
1580 2875 1724 2914 marcis
1762 2876 1917 2925 quietos
1957 2888 2042 2914 esse
2086 2876 2257 2915 faciatis.

557 2936 672 2978 Teste
712 2942 756 2976 ut
794 2950 927 2987 supra.

662 3027 738 3063 Pro
776 3026 983 3061 hominihus
1015 3026 1156 3072 prioris
1196 3027 1237 3061 «le
1276 3025 1707 3062 Harl’.—ii1andatum
1765 3028 1823 3062 est
1863 3023 2087 3063 vicecomiti
2134 3024 2251 3062 Berk’

556 3088 661 3138 quod
700 3087 746 3124 de
782 3085 927 3134 viginti
966 3085 1103 3123 solidis
1148 3098 1246 3135 quos
1299 3086 1422 3135 exigit
1482 3085 1531 3124 ab
1583 3084 1818 3124 hominibus
1869 3085 2011 3135 prioris
2049 3086 2096 3124 de
2134 3086 2252 3124 Hurl’

557 3151 604 3188 de
644 3148 758 3186 Hurl’
798 3160 870 3196 pro
924 3147 1012 3185 visu
1060 3147 1188 3186 franci
1237 3147 1357 3196 plegii
1403 3152 1442 3185 et
1489 3148 1536 3185 de
1580 3147 1761 3197 quinque
1811 3147 1947 3185 solidis
1991 3147 2039 3184 de
2092 3147 2254 3196 hidagio

556 3225 655 3262 quos
694 3210 817 3259 exigit
854 3208 904 3246 ab
948 3209 1098 3247 eisdem
1146 3213 1184 3247 et
1233 3211 1338 3247 unde
1389 3222 1455 3247 rex
1508 3210 1638 3248 eidem
1685 3209 1807 3258 priori
1856 3209 2123 3259 quietantiam
2162 3210 2256 3248 fecit

557 3287 625 3324 per
678 3276 832 3311 cartam
889 3284 1004 3308 suam
1056 3271 1161 3320 ipsos
1216 3271 1373 3321 quietos
1428 3285 1512 3309 esse
1570 3271 1793 3320 permittat.
1886 3271 1941 3309 Et
1994 3271 2026 3308 si
2083 3271 2179 3320 quid
2235 3284 2258 3309 a

557 3334 721 3385 prefatis
772 3331 1006 3370 horninibus
1056 3345 1101 3370 ea
1152 3333 1357 3371 occasione
1411 3333 1530 3382 cepit,
1583 3333 1621 3369 id
1667 3332 1723 3370 eis
1774 3332 1860 3369 sine
1908 3332 2099 3370 dilatione
2146 3333 2255 3370 reddi

557 3397 690 3436 faciat.
767 3394 883 3433 Teste
924 3397 969 3432 ut
1008 3407 1141 3444 supra.
1267 3402 1272 3404 “
