2375 3587
182 357 324 404 1236.

177 425 234 463 [m.
257 424 323 462 15.]

1054 223 1109 265 20
1150 222 1354 264 HENRY
1396 222 1476 264 ΙΙΙ.
2038 223 2119 264 251

528 423 606 459 Pro
676 422 862 459 Willelma
925 422 1085 458 Ricardi
1150 422 1193 457 de
1260 419 1570 458 Ba›·:a‹2.—Rex
1637 420 1690 458 H.
1760 421 1806 459 de
1869 419 2119 467 Trublevill'‚

419 484 640 522 senescallo
679 496 751 522 suo
781 483 1004 528 Wasconie,
1030 482 1214 520 salutem.
1276 481 1423 519 Sciatis
1461 482 1567 531 quod
1605 483 1886 521 commisimus
1917 482 2121 520 Willelmo

420 545 594 592 Ricardi,
640 545 820 584 bailliam
869 546 916 583 de
964 545 1116 582 Barzac
1164 543 1469 582 custodiendam
1519 546 1603 582 tota
1650 544 1733 582 vita
1780 557 1852 582 sua
1898 547 1937 582 et
1984 544 2033 582 ad
2080 557 2121 583 se

418 608 732 646 sustentandum
773 607 814 644 in
855 606 1022 646 servicio
1060 608 1212 652 nostro,
1246 605 1303 643 ita
1342 608 1477 643 tamen
1517 605 1622 654 quod
1658 604 1839 643 bailliam
1876 606 1988 643 illam
2023 605 2122 644 bene

418 672 457 708 et
496 669 606 708 salvo
645 670 845 709 custodiat
883 673 921 708 et
959 668 1072 707 vobis
1111 671 1150 706 et
1189 667 1279 706 aliis
1320 667 1550 706 senescallis
1589 667 1739 706 nostris
1778 668 2003 713 Wasconie‚
2053 668 2121 718 qui

418 744 489 781 pro
528 735 708 781 tempore
747 732 911 777 fuerint,
952 732 999 769 de
1034 730 1257 769 redditibus
1296 733 1335 768 et
1374 729 1547 768 exitibus
1577 730 1758 780 ejusdem
1789 729 1925 768 baillie
1955 730 2123 768 fideliter

419 795 670 844 respondeat.
729 794 784 832 Et
818 795 905 832 ideo
939 793 1051 831 vobis
1083 793 1326 831 mandamus
1360 793 1465 842 quod
1499 792 1629 830 eidem
1666 792 1872 830 Willelmo
1911 792 1957 830 de
1988 792 2124 830 baillia

417 856 488 894 illa
525 856 687 906 plenam
728 856 919 894 seisinam
959 855 1104 894 habere
1144 854 1314 900 faciatis,
1356 854 1459 892 sicut
1507 854 1733 903 predictum
1772 857 1845 892 est.
1923 854 2041 892 Teste
2080 858 2124 892 ut

416 931 549 969 supra,

524 1041 602 1077 Pro
632 1041 800 1077 Henrz‘eo
821 1041 863 1075 de
887 1039 1098 1076 Tmblevill'
1129 1038 1535 1089 (sio).-Mandatum
1565 1041 1625 1076 est
1646 1037 1780 1076 Avicie
1810 1038 1858 1075 de
1888 1036 2124 1076 Columbers

414 1102 520 1152 quod
560 1101 682 1140 faciat
721 1100 865 1138 habere
905 1100 1083 1138 Henrico
1122 1100 1169 1138 de
1204 1099 1430 1138 Bernevall'
1469 1113 1507 1137 x.
1549 1099 1657 1138 fusta
1697 1099 1738 1137 in
1779 1099 1959 1137 Finchel'
1995 1099 2043 1137 ad
2083 1112 2123 1137 se

415 1163 707 1214 hospitandum
742 1163 848 1213 apud
883 1161 1147 1208 Chelebaunt,
1189 1162 1236 1201 de
1275 1162 1381 1201 dono
1420 1161 1538 1211 regis.
1610 1161 1727 1200 Teste
1766 1164 1810 1199 ut
1849 1174 1982 1211 supra.

526 1287 603 1322 Pro
652 1285 828 1322 abbatlzia
878 1285 1014 1322 Sancte
1062 1284 1189 1320 Mar-ie
1244 1281 1743 1320 11'intonsa-Mandatum
1793 1285 1852 1321 est
1899 1282 2125 1321 vicecomiti

419 1347 646 1397 Suhampt',
699 1347 802 1385 sicut
851 1347 934 1397 jam
991 1346 1125 1395 sepius
1183 1345 1425 1383 mandatum
1475 1347 1547 1390 est,
1602 1344 1707 1394 quod
1758 1345 1924 1383 domum
1977 1344 2125 1383 Sancte

417 1410 544 1448 Marie
585 1409 791 1448 Wintonie
829 1412 868 1447 et
907 1412 1034 1447 terras
1086 1412 1125 1446 et
1177 1407 1279 1446 bona
1326 1407 1506 1457 ejusdem
1551 1407 1694 1445 domus
1740 1407 1849 1445 salvo
1897 1407 2123 1452 custodiat,

418 1472 474 1510 ita
513 1473 619 1522 quod
657 1472 750 1510 inde
788 1471 914 1509 nichil
962 1470 1146 1519 capiatur
1183 1470 1246 1508 vel
1294 1472 1531 1507 amoveatur
1579 1472 1709 1518 preter
1753 1472 2125 1507 sustentamentum

418 1534 659 1573 monialium
698 1534 878 1584 ejusdem
917 1533 1075 1579 domus,
1116 1545 1192 1582 que
1231 1532 1392 1582 quidem
1437 1532 1715 1570 sustineantur
1755 1532 1874 1570 modo
1914 1531 2048 1570 debito
2087 1534 2125 1570 et

418 1599 609 1635 consueto
661 1600 699 1635 et
749 1595 907 1645 singule
955 1594 1175 1633 secundum
1224 1594 1286 1632 sui
1333 1597 1463 1632 status
1511 1594 1771 1643 exigentiam,
1807 1606 1879 1632 nec
1918 1593 2125 1643 permittat

419 1659 674 1709 aliquatenus
710 1658 815 1708 quod
856 1657 1030 1701 Natalia,
1067 1669 1189 1706 quam
1228 1657 1399 1706 quedam
1440 1669 1530 1705 pars
1570 1656 1841 1705 predictarum
1883 1655 2123 1694 monialium

418 1721 539 1771 elegit
591 1724 629 1759 et
681 1733 756 1771 que
809 1733 849 1758 se
899 1719 1014 1769 gerit,
1068 1722 1112 1756 ut
1160 1718 1404 1764 audivimus,
1456 1722 1664 1766 tamquam
1713 1717 1895 1763 electam,
1945 1717 2124 1766 aliquam

417 1782 562 1821 habeat
601 1781 1013 1820 amministrationem
1060 1780 1340 1829 temporalem,
1381 1779 1507 1817 donec
1555 1792 1577 1816 a
1618 1778 1733 1817 nobis
1782 1779 1890 1817 aliud
1939 1778 2126 1817 habueris

419 1845 674 1884 mandatum.
748 1844 865 1882 Teste
905 1856 995 1892 rege
1035 1842 1141 1892 apud
1180 1841 1351 1887 Dinesl',
1393 1841 1472 1879 xxi.
1512 1841 1575 1879 die
1615 1841 1771 1879 Marcii.

528 1968 585 2004 De
623 1968 791 2004 subbasco
832 1967 869 2003 [n
910 1966 1024 2002 boswile
1062 1966 1127 2013 qni
1154 1966 1321 2012 fuerunt
1365 1965 1513 2001 Roberti
1547 1964 1622 2005 filii
1657 1964 1817 2000 Walters
1858 1964 2012 2000 ulterius
2052 1977 2126 2000 non

421 2028 918 2067 rendendo.—-Mandatum
951 2030 1010 2064 est
1039 2026 1122 2063 Ade
1153 2026 1236 2063 filio
1267 2025 1463 2063 Willelmi
1496 2025 1602 2075 quod
1632 2024 1906 2062 venditionem
1942 2023 2124 2062 subbosci

417 2092 464 2130 de
502 2090 631 2129 boscis
671 2090 739 2140 qui
779 2090 944 2127 fuerunt
982 2087 1145 2126 Roberti
1185 2087 1259 2125 filii
1296 2087 1476 2133 Walteri,
1509 2086 1576 2136 qui
1616 2093 1712 2124 sunt
1761 2086 1801 2123 in
1842 2099 1966 2124 manu
2007 2087 2122 2135 regis,

417 2167 539 2204 quam
586 2166 654 2191 rex
701 2165 770 2202 per
808 2164 899 2189 eum
949 2150 1034 2188 fieri
1082 2149 1272 2199 precepit,
1314 2149 1476 2198 penitus
1514 2162 1667 2187 cessare
1706 2148 1841 2193 faciat,
1883 2148 2009 2186 donec
2058 2161 2125 2186 rex

419 2216 528 2254 aliud
566 2215 659 2253 inde
698 2213 930 2264 preceperit.
1007 2213 1124 2250 Teste
1163 2216 1206 2250 ut
1245 2224 1380 2261 supra.

529 2339 584 2375 De
641 2343 799 2385 respectu
857 2336 998 2384 loquele
1057 2348 1123 2382 ρνω
1183 2334 1342 2382 stamma
1402 2334 1444 2368 «Ie
1504 2331 2008 2370 ‹slaeau›·‹»‹>x.—B1aiidatu111
2066 2334 2126 2369 est

420 2399 654 2449 justiciariis
701 2399 748 2436 de
787 2396 914 2436 banco
961 2396 1066 2446 quod
1114 2395 1316 2444 loquelam
1360 2407 1435 2444 que
1483 2393 1732 2431 summonita
1780 2397 1840 2431 est
1887 2406 2021 2431 coram
2069 2393 2126 2431 eis

421 2475 490 2511 per
536 2461 653 2500 breve
699 2460 802 2510 regis
849 2460 953 2497 inter
992 2458 1211 2497 Ricardum
1256 2457 1303 2494 de
1349 2457 1529 2506 Argent’,
1578 2458 1795 2505 petentem,
1835 2459 1873 2493 et
1913 2455 2124 2505 Paganum

420 2524 467 2562 de
507 2524 719 2568 Chaurces,
759 2525 978 2566 tenentem,
1019 2520 1066 2558 de
1105 2519 1295 2557 maneriis
1337 2518 1384 2556 de
1427 2517 1534 2555 Linl'
1574 2521 1613 2555 et
1654 2518 1701 2555 de
1742 2517 1894 2568 Wylye,
1937 2519 2126 2567 pona[n]t

421 2587 463 2624 in
503 2589 727 2636 respectum
767 2596 891 2634 usque
931 2583 970 2620 in
1004 2582 1234 2622 crastinum
1279 2580 1515 2620 octabarum
1565 2580 1712 2619 Sancte
1751 2579 1978 2625 Trinitatis,
2019 2592 2127 2618 anno

422 2652 496 2688 etc.
537 2662 601 2687 xx.
678 2648 795 2685 Teste
834 2649 878 2684 ut
919 2657 1052 2694 supra.

530 2727 771 2765 Mandatum
837 2728 897 2763 est
961 2723 1196 2774 justiciariis
1262 2722 1445 2772 proximo
1510 2721 1761 2760 itineraturis
1830 2721 1869 2758 in
1932 2720 2127 2759 comitatu

424 2790 574 2829 Kancie
630 2789 735 2838 quod
791 2787 991 2837 loquelam
1043 2799 1119 2836 que
1168 2789 1418 2823 sumnionita
1474 2787 1535 2822 est
1590 2796 1722 2822 coram
1777 2783 1833 2821 eis
1890 2796 1959 2832 per
2011 2782 2128 2821 breve

423 2853 527 2903 regis
574 2853 621 2890 de
667 2853 846 2889 waranto
895 2852 1003 2888 carte
1050 2849 1156 2886 inter
1204 2847 1429 2885 Walterum
1479 2846 1526 2884 de
1576 2846 1767 2884 Beruton'
1819 2850 1858 2883 et
1903 2845 2127 2895 predictum

424 2916 633 2965 Paganum
674 2917 828 2963 ponant
867 2912 908 2950 in
947 2914 1174 2960 respectum
1214 2922 1339 2960 usque
1386 2909 1435 2947 ad
1483 2909 1656 2947 eundem
1705 2908 1940 2946 terminum.
2011 2907 2128 2946 Teste

422 2982 467 3018 ut
506 2990 639 3028 supra.

534 3100 612 3135 Pro
668 3098 838 3135 Hem-ico
890 3098 932 3133 de
990 3092 1523 3132 Trublecilv.—Mandatum
1580 3095 1640 3130 est
1697 3091 1817 3130 Petro
1870 3090 1982 3129 Cucu
2023 3092 2129 3141 quod

424 3162 617 3200 ducentas
657 3171 813 3197 marcas
851 3170 950 3208 quas
994 3170 1061 3194 rex
1104 3156 1139 3193 ei
1183 3155 1277 3194 fecit
1320 3153 1480 3192 liberari
1527 3153 1632 3203 apud
1683 3153 1878 3191 Portesm'
1919 3153 1967 3190 ad
2007 3166 2129 3203 equos

425 3223 615 3262 emendos
654 3221 696 3258 in
735 3219 915 3269 partibus
955 3218 1037 3257 suis
1075 3218 1125 3255 ad
1177 3230 1277 3266 opus
1329 3216 1444 3265 regis,
1485 3216 1532 3253 de
1570 3214 1715 3265 quibus
1752 3214 1833 3263 regi
1871 3217 2009 3263 postea
2047 3228 2128 3253 non

426 3284 632 3335 respondit
688 3283 729 3321 in
786 3282 898 3332 equis
954 3293 1027 3319 nec
1083 3281 1125 3317 in
1183 3279 1372 3324 denariis,
1422 3278 1509 3316 sine
1561 3277 1754 3316 dilatione
1802 3277 1941 3314 reddat
1983 3277 2035 3314 H.
2082 3278 2129 3316 de

427 3345 676 3392 Trublevill',
716 3343 935 3383 senescallo
974 3341 1198 3388 Wasconie,
1240 3342 1355 3391 cujus
1396 3340 1480 3392 (sic)
1522 3353 1592 3378 rex
1629 3352 1694 3377 eas
1733 3338 1855 3377 dedit.
1930 3338 2047 3378 Teste
2086 3342 2130 3378 ut

428 3422 560 3458 supra.
