2375 3587
192 351 337 398 1236.

179 415 352 460 [mast]

205 2405 348 2453 1236.

1060 214 1114 254 20
1156 211 1362 252 HENRY
1404 211 1486 252 III.
2045 208 2128 249 339

430 415 588 453 defectu
628 414 686 452 tui
726 414 767 451 in
808 412 995 463 predictis
1035 410 1194 450 casibus
1229 423 1268 447 50
1318 408 1443 457 possit
1490 421 1558 456 per
1606 407 1882 453 ignoranciam
1931 419 2132 445 excusare.

429 477 545 515 Teste
583 489 673 525 rege
711 476 816 525 apud
857 475 1030 520 Guldef’,
1072 486 1162 510 xxx.
1206 472 1268 509 die
1308 469 1508 509 ζ111111111111.

536 547 689 585 Eodem
729 547 848 584 modo
886 545 1127 583 mandatum
1178 546 1237 580 est
1287 538 1595 579 vicecomitibus
1648 552 1717 587 per
1767 542 1895 577 totam
1944 539 2134 588 Angliam

427 613 466 647 et
518 610 643 647 eciam
696 608 929 659 justiciariis
986 603 1273 645 itinerantibus
1330 603 1370 641 in
1424 600 1691 639 comitatibus
1750 600 1867 639 Suht‘
1920 605 1958 639 et
2010 601 2135 639 Wilt'.

430 672 545 710 Teste
584 675 628 710 ut
666 684 797 720 supra.

538 758 919 796 hors-&affieardus
950 757 997 793 de
1029 755 1246 805 Syfrewast
1277 751 1501 790 attornavit
1522 750 1743 788 Robertum
1773 750 1903 787 filiuni
1926 749 2139 797 Reginaldi

430 835 567 860 versus
606 821 793 859 abbatem
842 821 888 857 de
937 818 1133 856 Binedon’
1176 818 1397 859 tenentem,
1441 814 1488 850 de
1538 826 1617 850 una
1665 817 1852 850 carucata
1901 815 2002 849 terre
2049 824 2140 849 cum

429 884 683 933 pertinentiis
733 884 774 920 in
826 879 1115 921 Winterburn’.
1188 878 1305 915 Teste
1353 888 1444 923 rege
1492 875 1598 925 apud
1648 874 1917 919 wintoniam,
1968 873 2025 923 iij.
2076 873 2139 911 die

429 946 650 985 Februarii.

546 1037 596 1073 Dc
633 1036 790 1084 quodam
832 1033 931 1069 brevi
971 1033 1007 1068 ίη
1038 1032 1161 1075 forma
1195 1029 1359 1065 indebita
1396 1032 1582 1072 concepto,
1617 1032 1654 1061 ut
1684 1023 2138 1061 dicitu›n—Mandatum

432 1102 491 1138 est
543 1097 776 1148 justiciariis
847 1094 949 1143 regis
998 1089 1287 1130 itinerantibus
1337 1089 1378 1126 in
1434 1087 1630 1126 comitatu
1687 1086 1799 1123 Wilt’
1858 1086 1963 1134 quod
2021 1085 2138 1123 breve

431 1161 627 1210 originale
666 1160 712 1197 de
751 1158 909 1207 loquela
947 1168 1022 1205 que
1060 1159 1119 1192 est
1158 1165 1292 1191 coram
1324 1151 1379 1189 eis
1416 1150 1521 1187 inter
1551 1149 1680 1186 Adam
1720 1149 1754 1185 le
1789 1148 1900 1198 Ireys
1934 1151 2139 1197 petentem

432 1228 470 1262 et
519 1222 762 1261 Richardum
815 1220 946 1258 filium
999 1215 1171 1255 Aucheri
1225 1216 1441 1258 tenentem,
1489 1212 1536 1249 de
1587 1224 1623 1248 x.
1679 1210 1845 1259 virgatis
1896 1214 1998 1247 terre
2048 1222 2139 1247 cum

433 1285 688 1336 pertinentiis
726 1284 766 1321 in
808 1281 960 1325 Cnuke,
1002 1279 1106 1329 quod
1137 1278 1251 1316 breve
1292 1289 1372 1313 non
1404 1278 1463 1312 est
1494 1274 1534 1311 in
1575 1272 1710 1311 debita
1740 1272 1870 1310 forma
1899 1275 2139 1321 conceptum

434 1352 478 1387 ut
517 1348 677 1391 dicitur,
714 1346 795 1395 regi
837 1345 1018 1388 mittant,
1050 1341 1201 1379 dictam
1241 1338 1443 1388 loquelam
1483 1339 1664 1374 tenentes
1704 1335 1743 1372 111
1784 1347 1979 1384 suspenso
2017 1334 2142 1372 donec

434 1425 501 1449 rex
540 1410 650 1449 aliud
688 1409 781 1446 inde
820 1405 1054 1457 preceperit.
1114 1403 1229 1441 Teste
1266 1414 1355 1450 rege
1394 1403 1437 1437 ut
1477 1411 1609 1448 supra.

544 1497 834 1547 Redeat-Rex
909 1493 1113 1532 Willelmo
1180 1489 1412 1533 Mai-mium,
1491 1487 1677 1525 salutem.
1774 1484 1961 1522 Ostendit
2027 1483 2143 1521 nobis

437 1561 644 1600 Galfridus
683 1561 730 1597 de
768 1561 879 1608 Lucy
917 1556 1022 1606 quod
1053 1553 1260 1592 occasione
1301 1550 1459 1595 seisine,
1496 1561 1617 1599 quain
1654 1547 1726 1585 tibi
1767 1547 1852 1584 fieri
1892 1546 2142 1595 precepimus

436 1625 483 1662 de
523 1624 639 1662 terris
677 1635 752 1671 que
791 1619 1007 1670 aliquando
1046 1617 1213 1654 fuerunt
1264 1614 1304 1650 in
1360 1625 1485 1650 manu
1539 1610 1834 1648 wintoniensis
1887 1608 2062 1658 episcopi
2102 1608 2143 1645 in

438 1688 697 1729 Thorenton‚'
735 1691 773 1722 et
812 1684 859 1720 de
897 1680 1042 1731 quibus
1082 1678 1196 1716 nobis
1236 1675 1379 1714 dedisti
1421 1673 1594 1722 intelligi
1633 1672 1738 1722 quod
1773 1671 1999 1708 disseisitus
2029 1670 2143 1707 fuisti

437 1764 505 1801 per
531 1750 783 1788 voluntatem
822 1749 1015 1788 nostram,
1052 1739 1301 1780 disseisiristi
1356 1739 1487 1787 ipsum
1540 1735 1771 1774 Galt'ridum
1820 1738 1858 1771 et
1903 1733 2142 1771 Nicholaam

437 1826 601 1851 uxorem
632 1813 717 1861 ejus
748 1810 793 1846 de
825 1807 940 1846 terris
969 1819 1068 1856 quas
1098 1804 1174 1853 ipsi
1206 1803 1424 1840 tenuerunt
1452 1799 1616 1837 nomine
1651 1797 1756 1835 dotis
1791 1796 1917 1845 ipsius
1952 1795 2144 1833 Nicholae

436 1877 477 1914 in
509 1876 646 1913 eadem
680 1873 789 1911 xilla.
847 1872 900 1908 Et
939 1869 1032 1918 quia
1071 1880 1153 1905 non
1189 1864 1305 1903 debet
1342 1862 1485 1912 aliquis
1521 1861 1669 1911 injuste
1708 1859 1901 1896 disseisiri
1936 1858 1983 1895 de
2021 1856 2145 1895 libero

438 1940 669 1978 tenemento
708 1948 793 1979 suo,
834 1936 892 1970 set
932 1932 964 1969 si
1005 1929 1150 1979 aliquis
1180 1925 1392 1966 crediderit
1432 1937 1471 1962 se
1510 1924 1573 1973 jus
1617 1921 1763 1960 habere
1803 1920 1878 1959 sibi
1919 1919 2146 1969 perquirere

438 2000 554 2039 debet
612 2012 681 2048 per
741 1997 869 2045 legem
932 1997 1047 2038 terre,
1098 1990 1172 2029 tibi
1220 1988 1465 2038 precipimus
1512 1985 1616 2035 quod
1674 1983 1825 2022 eisdem
1875 1981 2059 2020 &alfrido
2106 1984 2145 2019 et

440 2063 631 2101 Nicholae
662 2059 851 2098 seisinam
884 2069 999 2094 suani
1030 2055 1115 2092 sine
1145 2051 1338 2090 dilatione
1373 2048 1561 2088 rehabere
1601 2047 1738 2091 facias,
1771 2058 1820 2083 ne
1859 2047 2041 2094 oporteat
2079 2056 2145 2081 eos

439 2124 627 2175 conqueri
686 2124 847 2171 propter
884 2118 990 2168 quod
1029 2117 1078 2154 ad
1116 2116 1191 2153 hoc
1234 2125 1402 2150 manuni
1452 2122 1651 2160 opponere
1699 2107 1928 2145 debeamus.
2006 2105 2062 2143 Et
2112 2105 2144 2143 si

439 2186 652 2227 credideris
679 2188 716 2222 te
737 2184 801 2233 jus
822 2181 967 2219 habere
998 2180 1039 2216 in
1070 2182 1176 2216 terra
1206 2176 1274 2213 illa
1305 2188 1372 2224 per
1402 2174 1529 2221 legem
1563 2176 1675 2216 terre,
1700 2170 1772 2208 tibi
1803 2169 1895 2206 inde
1927 2168 2146 2218 perquiras

438 2253 492 2289 Et
531 2250 562 2287 si
603 2248 792 2286 seisinam
832 2256 969 2282 eorum
1009 2242 1064 2279 eis
1103 2238 1291 2277 rehabere
1330 2249 1411 2274 non
1461 2233 1599 2272 feceris
1649 2232 1870 2270 secundum
1917 2231 2021 2279 quod
2072 2229 2145 2268 tibi

438 2312 694 2362 precipimus,
734 2305 1017 2345 mandavimus
1064 2300 1289 2341 vicecomiti
1330 2301 1468 2336 nostro
1511 2295 1624 2333 Linc’
1667 2294 1771 2344 quod
1812 2293 1924 2330 illam
1964 2292 2020 2330 eis
2059 2292 2144 2329 sine

438 2374 631 2412 dilatione
656 2370 843 2409 rehabere
866 2367 997 2406 faciat.
1046 2365 1161 2402 Teste
1192 2375 1281 2411 rege
1311 2361 1415 2410 apud
1438 2358 1706 2403 Wintoniam.
1730 2356 1788 2406 iij.
1812 2356 1873 2393 die
1896 2354 2143 2392 Decembris.

547 2454 631 2491 Rex
669 2448 887 2489 venerabili
926 2446 1031 2496 patri
1070 2444 1111 2481 in
1151 2443 1312 2482 Christo
1352 2463 1458 2467 -——
1499 2438 1636 2476 eadem
1677 2435 1807 2485 gratia
1847 2434 2146 2483 archiepiscopo

440 2516 643 2554 Auxitano
663 2513 848 2551 salutem.
908 2511 961 2547 Ut
983 2509 1029 2545 de
1051 2503 1360 2545 connnunicatis
1382 2500 1493 2539 vobis
1521 2499 1677 2549 gaudiis
1707 2501 1745 2536 et
1776 2495 1995 2534 honoribus
2027 2495 2145 2544 regiis

439 2578 631 2627 gaudium
670 2572 905 2624 paternitati
944 2573 1072 2608 vestre
1106 2570 1304 2606 accrescat
1343 2567 1382 2602 et
1420 2562 1625 2607 exultatio,
1666 2563 1808 2598 notum
1841 2559 1925 2596 fieri
1958 2558 2146 2595 volumus

439 2639 645 2678 dilectioni
691 2641 819 2675 vestre
866 2633 972 2684 quod
1019 2631 1081 2669 die
1130 2632 1245 2667 Lune
1294 2628 1335 2664 in
1393 2624 1569 2664 crastino
1626 2621 1859 2661 octabarum
1914 2619 2144 2669 Epiphanie

440 2702 603 2741 Domini
645 2697 976 2748 desponsavimus
1010 2693 1116 2742 apud
1149 2689 1410 2730 Cantuariam
1443 2687 1674 2724 Alienoram
1704 2684 1831 2721 filiam
1862 2681 2022 2720 comitis
2060 2682 2142 2731 (sic)

439 2777 614 2804 sororem
658 2761 793 2811 regine
836 2757 1017 2802 Francie‚
1057 2768 1178 2805 quam
1224 2754 1286 2791 die
1330 2749 1547 2789 Dominio-a
1588 2746 1770 2796 sequenti
1815 2758 1895 2782 una
1934 2743 2143 2782 nobiscum

439 2828 545 2878 apud
597 2821 1004 2864 Westinonasterium
1058 2816 1337 2865 sollempniter
1388 2810 1569 2851 coronari
1624 2809 1824 2853 fecimus;
1879 2810 1918 2844 et
1973 2809 2017 2843 ut
2069 2805 2144 2843 hoc

440 2892 492 2929 sit
530 2890 579 2927 ad
618 2886 904 2925 exaltationem
944 2886 981 2920 et
1021 2880 1193 2918 salutem
1233 2880 1413 2916 nostram
1462 2876 1500 2911 et
1544 2872 1656 2921 regni
1702 2870 1828 2908 nostri
1873 2872 1911 2907 et
1960 2867 2144 2905 omnium

442 2951 695 2990 subditorum
725 2950 957 2984 nostrorum
986 2953 1244 2981 communem
1275 2938 1508 2979 utilitatem,
1531 2934 1714 2971 divinam
1736 2930 1995 2970 clementiam
2023 2929 2143 2966 inter-

441 3014 588 3064 pellare
625 3009 757 3048 velitis
800 3020 871 3057 pro
918 3006 1056 3043 eodem
1105 3001 1324 3051 optinendo
1373 3010 1506 3047 preces
1553 3008 1621 3044 per
1669 2993 1919 3043 provinciam
1967 2996 2143 3028 vestrum

442 3074 679 3125 generaliter
699 3071 785 3109 fieri
815 3071 1051 3107 statuentes.
1111 3066 1298 3103 Ceterum
1320 3074 1410 3100 cum
1432 3067 1544 3108 capte
1565 3062 1603 3095 et
1635 3058 1861 3095 assecurate
1894 3054 1975 3091 sint
2008 3056 2145 3101 treuge

442 3140 547 3177 inter
566 3148 699 3184 regem
721 3132 888 3170 Francie
913 3134 951 3167 et
974 3142 1045 3166 nos
1068 3141 1191 3176 usque
1221 3126 1262 3163 in
1292 3124 1470 3174 quinque
1500 3133 1628 3158 annos
1657 3132 1680 3157 a
1710 3119 1811 3156 festo
1841 3114 2145 3163 Assumptionis

441 3202 554 3240 beate
574 3197 700 3236 Marie
721 3194 903 3244 proximo
924 3191 1126 3241 preterito,
1149 3201 1247 3238 quas
1268 3186 1429 3236 quidem
1461 3185 1500 3220 in
1532 3181 1733 3232 presentia
1754 3179 1988 3216 nuntiorum
2018 3176 2145 3225 ipsius

442 3263 545 3313 regis
583 3261 632 3299 ad
670 3271 742 3296 nos
781 3257 822 3293 in
863 3254 1051 3303 Angliam
1092 3255 1252 3300 propter
1285 3250 1361 3286 1100
1395 3246 1691 3284 destinatorum
1726 3254 1852 3290 nuper
1887 3240 1928 3276 111
1964 3239 2144 3276 animam

442 3328 622 3365 nostram
654 3319 777 3372 jurari
808 3317 989 3361 fecimus,
1020 3313 1277 3352 dilectionem
1308 3313 1482 3349 vestram
1513 3318 1702 3355 rogamus
1736 3302 1933 3342 attentius
1954 3301 2146 3350 quatinus

442 3393 602 3435 treugas
633 3384 873 3421 memoratas
903 3377 1073 3415 firmiter
1103 3374 1274 3413 teneatis
1308 3376 1346 3410 et
1378 3384 1400 3408 a
1430 3368 1602 3408 subditis
1634 3366 1776 3405 vestris
1812 3363 1939 3402 teneri
1974 3363 2145 3402 faciatis.

443 3452 559 3493 Teste
598 3459 688 3495 rege
727 3443 832 3493 apud
871 3438 1140 3483 Wintoniam,
1180 3436 1248 3486 vij.
1288 3435 1350 3472 die
1391 3430 1610 3470 Februarii.
