2375 3587
206 321 347 368 1235.

193 388 254 428 [m.
268 387 359 427 iota]

205 1277 264 1316 [m.
283 1276 353 1315 at]

189 2759 248 2798 [m.
282 2759 352 2799 ea]

1082 201 1133 239 19
1176 198 1383 239 HENRY
1424 200 1505 239 ΠΙ.
2038 203 2119 242 183

557 396 904 433 Hibernia—Rex
943 395 1088 433 dilecto
1126 397 1165 432 et
1203 394 1311 432 fideli
1352 395 1407 432 M.
1461 394 1545 432 filio
1593 395 1772 444 Geroldi,
1811 396 2034 446 justiciario
2079 409 2151 434 suo

446 456 651 502 Hibernie‚
704 457 894 495 salutem.
970 457 1214 494 Mandamus
1263 455 1376 494 vobis
1424 456 1593 494 firmiter
1641 457 1900 507 injungentes
1947 458 2151 507 quatinus,

444 519 476 557 si
533 519 734 557 Radulfus
791 519 838 557 de
898 519 1217 564 Souekewwffl’,
1266 518 1334 567 qui
1392 518 1470 556 fuit
1527 519 1649 556 frater
1705 520 1848 557 domus
1897 520 2055 569 Templi
2113 524 2152 558 et

444 584 651 630 preceptor
706 581 886 630 ejusdem
943 582 1087 619 domus
1144 581 1184 618 in
1244 580 1442 618 Hibernia
1499 583 1537 618 et
1594 580 1779 618 habitum
1837 595 1957 619 suum
2014 586 2152 631 postea

444 643 618 692 reliquit,
658 643 812 681 venerit
851 643 893 680 in
933 646 1082 681 terram
1124 647 1303 681 nostram
1344 641 1552 687 Hibernie,
1593 655 1755 680 omnem
1795 656 1916 692 quam
1968 644 2151 693 poteritis

442 705 696 754 diligentiam
744 718 944 754 apponere
992 718 1073 743 non
1121 704 1322 743 omittatis
1370 705 1419 741 ad
1468 704 1601 753 ipsum
1649 705 1886 754 capiendum
1943 709 1981 743 et
2039 706 2149 744 salvo

442 766 747 805 custodiendum
788 767 912 805 donec
951 767 1059 804 aliud
1098 780 1120 804 a
1158 766 1275 804 nobis
1314 766 1406 803 inde
1445 765 1668 804 habueritis
1710 767 1964 805 mandatum.
2035 768 2153 806 Teste

444 842 533 879 rege
572 829 677 878 apud
717 829 904 879 Rading'‚
945 829 1001 879 xj.
1040 829 1103 867 die
1141 829 1269 867 Junii.

550 908 606 946 Et
658 909 897 946 mandatum
949 911 1009 946 est
1054 908 1183 946 eidem
1236 907 1459 957 justiciario
1508 908 1616 957 quod
1666 908 1831 946 fratrem
1874 909 2075 958 Rogerum
2116 910 2152 947 19

445 970 606 1017 Waleis,
642 971 891 1020 presentium
931 970 1114 1017 latorem,
1147 983 1264 1020 quem
1303 970 1496 1019 magister
1536 970 1688 1008 Milicie
1728 970 1886 1020 Templi
1926 971 1966 1008 in
2006 971 2153 1020 Anglia

442 1033 489 1070 de
546 1032 712 1071 consilio
770 1033 942 1071 fratrum
1000 1046 1165 1071 suorum
1232 1032 1362 1070 mittit
1423 1032 1465 1070 in
1528 1031 1785 1078 Hiberniam,
1848 1033 2053 1071 custodem
2113 1037 2153 1072 et

443 1098 715 1145 preceptorem
746 1096 890 1133 domus
921 1095 1078 1144 Templi
1111 1095 1152 1132 in
1183 1094 1382 1133 Hibernia
1411 1094 1616 1141 admittat,
1646 1100 1684 1132 et
1716 1095 1848 1143 ipsum
1880 1098 1918 1133 et
1954 1096 2153 1142 homines,

443 1159 585 1204 terras,
624 1158 803 1196 redditus
842 1161 917 1196 etc.
957 1160 1221 1195 manuteneat
1259 1161 1335 1195 etc.
1415 1157 1532 1195 Teste
1572 1160 1616 1194 ut
1655 1170 1787 1206 supra.

554 1276 930 1323 Snff'.—Ricar‹ilus
978 1276 1085 1313 filius
1134 1275 1299 1313 Walteri
1346 1275 1520 1314 Seward'
1560 1279 1598 1313 et
1644 1275 1869 1313 Alexander
1907 1275 2028 1313 frater
2066 1277 2152 1325 ejus

444 1340 750 1375 attornaverunt
790 1337 1041 1375 Willelmum
1094 1337 1240 1374 Muriel
1289 1350 1426 1375 versus
1465 1336 1685 1374 Robertum
1733 1337 1888 1382 BuHoc,
1930 1340 2150 1384 tenentem,

444 1400 491 1437 de
530 1413 610 1438 uno
648 1399 854 1449 mesuagio
893 1413 985 1438 cum
1025 1399 1282 1450 pertinentiis
1320 1399 1361 1436 in
1402 1399 1634 1437 Dunewico.

554 1508 910 1547 Ornm'm-—Abbas
947 1509 994 1546 de
1033 1507 1266 1547 Abbendon'
1306 1508 1529 1546 attornavit
1568 1508 1800 1546 Johannem
1834 1508 1881 1546 de
1921 1509 2073 1558 Goseye
2112 1513 2151 1547 et

444 1570 662 1608 Ricardum
718 1571 754 1608 le
804 1571 978 1609 Mudner
1028 1584 1166 1609 versus
1223 1570 1476 1609 Willelmum
1535 1571 1683 1620 Aufrey
1738 1571 1785 1608 de
1843 1571 2019 1609 serviciis
2076 1585 2150 1621 que

444 1632 646 1682 predictus
689 1632 811 1671 abbas
850 1646 873 1671 a
912 1633 1089 1682 predicto
1129 1633 1334 1671 Willelmo
1382 1632 1509 1682 exigit
1553 1633 1600 1670 de
1640 1632 1763 1670 libero
1802 1636 2032 1671 tenemento
2079 1647 2150 1672 suo

442 1695 548 1743 quod
587 1694 635 1732 de
672 1707 717 1732 eo
757 1698 866 1733 tenet
904 1695 946 1732 in
977 1695 1146 1733 Oxonia.

554 1801 896 1840 (r'louo'.——Abbas
935 1802 982 1840 de
1022 1802 1326 1841 Winchecumb’
1366 1802 1587 1841 attornavit
1639 1802 1856 1851 Hugonem
1896 1802 2149 1848 Pincernam,

443 1863 683 1902 servientem
742 1877 874 1910 suum,
933 1865 973 1901 in
1031 1865 1200 1914 loquelis
1256 1878 1332 1915 que
1390 1868 1565 1914 tangunt
1633 1864 1844 1902 dominum
1910 1877 2041 1913 regem
2109 1865 2150 1902 in

443 1926 638 1964 comitatu
679 1926 836 1965 Glouc’.
924 1927 976 1964 Et
1018 1927 1257 1964 mandatum
1306 1931 1366 1965 est
1414 1926 1642 1966 vicecomiti
1691 1926 1833 1964 Glouc'
1873 1927 1978 1976 quod
2018 1928 2149 1976 ipsum

443 1988 661 2037 Hugonem
717 1988 804 2026 loco
857 1988 983 2037 ipsius
1028 1988 1184 2027 abbatis
1234 1989 1283 2026 ad
1331 1989 1407 2027 hoc
1460 1989 1637 2038 recipiat.
1735 1988 1852 2026 Teste
1903 2002 1992 2037 rege
2048 1990 2151 2038 apud

442 2051 689 2097 Wudestok',
731 2050 825 2101 xvij.
866 2051 929 2088 die
969 2051 1098 2089 Junii.

548 2130 750 2168 Henricus
814 2130 861 2167 de
919 2130 1164 2168 Harenhull’
1223 2130 1444 2169 attornavit
1505 2130 1755 2168 Willelmum
1814 2130 1959 2179 Bissop
2015 2144 2151 2169 versus

440 2191 662 2230 Robertum
700 2193 747 2229 de
787 2191 1078 2230 Horeblauton'
1119 2192 1166 2230 de
1205 2192 1565 2231 consuetudinibus
1613 2196 1651 2230 et
1699 2192 1876 2230 serviciis
1923 2206 1997 2241 que
2045 2193 2150 2230 idem

441 2253 640 2293 Robertus
678 2255 802 2304 exigit
841 2255 888 2292 de
927 2255 1105 2303 predicto
1151 2255 1329 2293 Henrico
1376 2255 1423 2293 de
1474 2254 1600 2293 libero
1649 2258 1880 2293 tenemento
1927 2268 1998 2293 suo
2044 2256 2149 2305 quod

439 2316 487 2354 de
525 2329 569 2355 eo
608 2319 718 2355 tenet
756 2317 797 2353 in
838 2316 1136 2355 Horeblauton.
1196 2317 1312 2355 Teste
1344 2330 1433 2366 rege
1462 2317 1570 2366 apud
1603 2317 1798 2362 Wudest’,
1831 2331 1895 2354 xx.
1928 2317 1989 2354 die
2020 2317 2148 2355 ι1111111,

550 2423 878 2472 Ηῃὸω·ηι“((.-111.
935 2423 1048 2461 filius
1107 2423 1282 2470 Geroldi,
1337 2424 1480 2462 Petrus
1536 2424 1583 2461 de
1644 2423 1853 2473 Bermgh’,
1912 2423 2045 2461 David
2101 2424 2148 2461 de

439 2484 579 2535 Barry,
621 2485 822 2523 Walterus
860 2486 908 2524 de
949 2486 1094 2536 Lascy‚
1137 2486 1334 2524 Geroldus
1376 2486 1659 2535 Prendregast,
1701 2486 1787 2524 Odo
1825 2486 1872 2524 de
1911 2486 2050 2536 Barry,
2091 2487 2145 2524 H.

439 2546 486 2584 de
538 2546 682 2597 Lascy,
732 2547 861 2585 Adam
914 2547 962 2585 de
1017 2548 1220 2593 Stanton',
1274 2547 1476 2586 Hem-icus
1533 2548 1568 2585 le
1617 2547 1807 2593 But-tiler,
1858 2547 2053 2585 Ricardus
2101 2548 2148 2586 de

439 2609 589 2658 Burgo,
625 2608 824 2647 Robertus
866 2610 913 2647 de
958 2609 1120 2656 Carreu,
1161 2610 1358 2648 Ricardus
1394 2610 1442 2647 de
1481 2610 1610 2659 Twyt,
1652 2609 1855 2647 Walterus
1894 2610 1941 2647 de
1984 2610 2145 2655 Ridell’,

439 2671 573 2710 Patrio
610 2671 657 2709 de
697 2671 838 2722 Curcy,
879 2672 1075 2710 Ricardus
1116 2672 1163 2710 de
1202 2672 1339 2721 Feipo,
1382 2671 1591 2710 Galfridus
1630 2672 1677 2709 de
1717 2672 1921 2709 Turevill’.

547 2759 787 2797 Mandatum
826 2762 886 2798 est
917 2760 980 2798 W.
1016 2760 1063 2798 de
1099 2759 1280 2798 Eboraco
1319 2764 1358 2798 et
1398 2759 1517 2798 sociis
1557 2759 1639 2797 suis
1679 2759 1915 2809 justiciariis
1954 2760 2144 2798 itineran-

437 2821 545 2860 tibus
583 2823 625 2859 in
656 2821 914 2860 comitatibus
954 2822 1109 2860 Oxonie
1146 2825 1186 2861 et
1220 2822 1427 2871 W⁷igornie
1459 2822 1563 2871 quod
1603 2821 1825 2859 Radulfum
1865 2822 1911 2859 de
1950 2822 2143 2867 Norwico,

436 2897 554 2933 quem
580 2897 647 2922 rex
674 2884 723 2922 ad
750 2896 816 2922 eos
842 2884 973 2922 mittit
999 2885 1048 2922 ad
1078 2884 1353 2922 itinerandum
1381 2897 1473 2922 cum
1502 2884 1558 2921 eis
1588 2883 1628 2920 in
1655 2883 1914 2921 comitatibus
1942 2884 2144 2933 predictis,

437 2946 485 2983 ad
523 2946 599 2984 hoc
637 2946 869 2984 admittant.
927 2946 1043 2984 Teste
1082 2959 1172 2996 rege
1211 2947 1317 2996 apud
1357 2945 1605 2991 Wudestok',
1647 2959 1739 2983 xxv.
1780 2945 1842 2983 die
1881 2946 2008 2983 Junii.

546 3033 786 3071 Mandatum
825 3036 885 3071 est
922 3033 1148 3072 vicecomiti
1189 3034 1329 3072 Glouc'
1369 3033 1475 3083 quod
1519 3032 1723 3071 comitisse
1763 3032 1916 3077 Heref',
1957 3045 2048 3070 011111
2094 3033 2143 3070 ad

435 3098 501 3134 te²³³³=
539 3095 694 3134 venerit
731 3098 770 3133 et
808 3095 919 3144 loqui
953 3095 1123 3133 voluerit
1161 3109 1254 3134 cum
1287 3095 1489 3140 Alienora,
1523 3097 1697 3143 cognata
1732 3094 1848 3143 regis,
1879 3098 2063 3131 morante
2099 3095 2141 3132 in

436 3157 537 3196 turri
569 3157 723 3202 Glouc’‚
755 3157 791 3194 ei
820 3169 912 3195 cum
943 3169 1023 3194 una
1052 3157 1264 3195 domicella
1295 3170 1367 3195 sua
1397 3157 1458 3194 vel
1493 3170 1584 3194 cum
1615 3155 1782 3201 duabus,
1815 3155 1847 3192 si
1877 3155 2060 3200 voluerit,
2093 3156 2141 3193 ad

435 3233 523 3258 eam
554 3219 722 3257 liberam
752 3218 898 3256 habere
928 3218 1050 3256 faciat
1079 3219 1308 3269 ingressum
1338 3219 1387 3256 ad
1419 3218 1666 3267 colloquium
1696 3230 1788 3255 cum
1819 3230 1863 3254 ea
1893 3216 2139 3254 habendum.

437 3282 554 3320 Teste
579 3295 643 3320 me
669 3281 756 3331 ipso
785 3281 891 3330 apud
913 3281 1161 3328 Wudestok‘‚
1186 3282 1293 3332 xxvj.
1316 3281 1379 3319 die
1401 3280 1530 3319 Junii.
1587 3281 1662 3317 Per
1685 3280 1734 3317 G.
1757 3279 1804 3316 de
1826 3279 2120 3318 Crawecumbe.

2055 3351 2127 3358 ᾑ-

1077 3378 1161 3411 *Sic
1195 3378 1231 3409 in
1266 3379 1339 3410 MS.
