2375 3587
156 305 300 352 1236.

161 370 306 412 [mat]

158 2059 217 2098 [m.
230 2058 302 2096 2‹I.]

1026 189 1081 229 20
1123 188 1328 229 HENRY
1369 189 1453 229 ΙΙΙ.
2013 189 2095 230 379

394 386 496 419 esset
534 381 583 419 ad
622 386 770 420 terram
809 385 961 421 tractus
995 386 1034 422 et
1072 383 1256 421 unanimi
1296 395 1462 421 assensu
1497 382 1751 421 baillivorum
1787 385 2019 420 nostrorum
2058 384 2097 419 et

395 442 521 492 ipsius
550 444 693 493 prioris
727 446 831 483 esset
870 445 911 482 in
946 445 1120 494 quadam
1155 446 1275 483 domo
1310 445 1517 494 depositus
1556 448 1594 482 et
1627 445 1708 483 sale
1746 444 1956 486 conditus;
2005 443 2099 492 quia

395 503 547 543 baillivi
591 506 717 545 nostri
755 506 919 544 tandem
956 520 1037 545 non
1074 507 1344 557 permiserunt
1381 506 1533 545 dictum
1572 506 1745 555 priorem
1780 519 1851 556 pro
1890 505 2099 544 voluntate

395 580 466 605 sua
504 568 552 605 de
590 568 697 607 dicto
735 569 842 618 pisce
871 569 1093 618 disponere,
1126 572 1375 608 reservantes
1413 581 1505 606 eum
1540 569 1589 606 ad
1628 581 1728 618 opus
1765 569 1933 618 regium,
1964 567 2099 606 debita

393 629 485 668 inde
515 629 626 669 vobis
661 631 823 680 querela
853 644 921 681 per
951 632 1154 681 prefatum
1186 631 1360 681 priorem
1392 631 1637 669 sententiam
1667 629 2098 669 excommunicationis

393 691 434 730 in
486 691 669 731 baillivos
722 696 881 732 nostros
938 694 1222 744 precipit-asiais,
1272 694 1376 731 unde
1430 693 1461 731 si
1519 693 1714 731 miremur
1769 696 1808 731 et
1864 705 2098 730 moveamur

392 755 561 793 minime
610 755 748 793 mirari
797 755 963 803 debetis,
1023 768 1114 795 cum
1168 756 1307 794 nullus
1365 756 1407 793 in
1458 768 1581 805 regno
1638 758 1776 793 nostro
1831 755 1895 805 jus
1951 753 2098 792 habeat

391 817 625 867 hujusmodi
664 818 819 867 regium
859 818 1009 867 piscem
1057 818 1297 857 vendicandi
1347 817 1590 868 ubicumque
1639 816 1893 866 applicuerit,
1934 816 2012 854 nisi
2051 816 2098 854 de

390 879 477 929 jure
516 880 679 929 speciali
719 894 741 918 a
778 880 894 919 nobis
933 881 995 919 vel
1034 880 1380 931 predecessoribus
1428 880 1577 919 nostris
1626 879 1661 918 ei
1709 878 1831 917 fuerit
1877 879 2096 917 indultum.

390 942 446 980 Et
485 942 578 981 licet
617 942 771 981 baillivi
810 943 939 982 nostri
978 956 1118 993 graves
1157 943 1410 982 exstitissent
1449 943 1524 992 ipsi
1564 942 1687 991 priori
1724 941 1785 979 vel
1824 940 1943 979 alicui
1983 953 2100 990 super

392 1017 581 1043 concessa
619 1006 654 1043 ei
693 1018 715 1043 a
753 1005 861 1054 regia
895 1008 1092 1054 potestate
1135 1005 1334 1051 libertate,
1376 1005 1426 1043 ob
1466 1005 1617 1054 regiam
1657 1007 1794 1042 tamen
1833 1003 2098 1041 reverentiam

392 1067 619 1116 requirendi
667 1081 845 1106 essemus
893 1071 938 1106 ut
985 1068 1023 1106 id
1072 1068 1285 1107 emendare
1332 1068 1568 1111 faceremus,
1617 1069 1656 1104 et
1704 1070 1800 1104 tunc
1857 1065 2019 1103 demum
2067 1066 2099 1103 si

392 1129 641 1178 negligentes
689 1142 868 1168 essemus
898 1130 938 1168 in
972 1131 1048 1169 hac
1077 1134 1202 1180 parte,
1246 1133 1380 1180 posset
1411 1130 1451 1167 in
1488 1129 1671 1168 baillivos
1702 1131 1861 1166 nostros
1890 1127 2100 1165 honestius

392 1191 674 1230 animadverti.
749 1192 805 1231 Et
855 1192 944 1231 ideo
996 1192 1108 1231 vobis
1154 1192 1397 1231 mandamus
1447 1194 1635 1241 rogantes
1684 1190 1877 1240 quatinus
1925 1190 2100 1238 prefatos

393 1252 575 1293 baillivos
614 1258 773 1293 nostros
811 1268 833 1292 a
871 1254 978 1293 dicta
1026 1254 1228 1293 sententia
1266 1252 1698 1293 excommunicationis
1737 1252 1895 1291 faciatis
1933 1251 2097 1297 absolvi,

392 1318 431 1353 et
470 1315 502 1353 si
542 1319 790 1355 memoratus
828 1316 937 1366 prior
975 1317 1184 1356 ostendere
1223 1316 1321 1355 velit
1359 1316 1466 1365 quod
1504 1315 1569 1366 jus
1608 1314 1754 1353 habeat
1784 1314 1824 1351 in
1864 1314 2098 1364 hujusmodi

392 1378 500 1427 regio
548 1378 667 1428 pisce,
713 1379 843 1428 parati
892 1392 1033 1417 sumus
1083 1379 1216 1428 ipsum
1267 1378 1404 1416 audire
1452 1380 1490 1416 et
1538 1377 1572 1415 ei
1621 1390 1690 1427 per
1737 1376 2100 1415 considerationem

392 1440 499 1479 curie
538 1444 673 1480 nostre
711 1441 916 1491 justiciam
955 1441 1153 1480 exhibere.
1233 1442 1350 1479 Teste
1389 1453 1479 1489 rege
1527 1439 1633 1489 apud
1682 1439 1933 1483 Donecastr',
1974 1438 2099 1488 xxvij.

393 1502 469 1541 die.
512 1502 774 1552 Septembris.

501 1626 883 1667 Lz'm·’.—Robertus
940 1628 987 1666 de
1040 1627 1186 1666 Beivill
1243 1626 1466 1666 attornavit
1525 1625 1776 1664 Willelmum
1834 1626 1881 1663 de
1938 1625 2097 1663 Ulehal'

391 1692 532 1728 contra
581 1690 802 1728 Robertum
853 1693 892 1728 et
943 1689 1219 1728 Ketelbertum
1272 1690 1319 1727 de
1373 1689 1517 1734 Keles’,
1571 1688 1772 1726 Thomam
1824 1687 1860 1725 16
1910 1687 2099 1733 Ostricer,

391 1752 616 1791 Heni-icum
679 1752 771 1798 Bec,
833 1752 1057 1790 Antonium
1125 1752 1172 1790 de
1238 1751 1425 1797 Ratheb⁷‚
1490 1751 1668 1788 Alanum
1737 1750 1997 1789 Simenhorn'
2059 1753 2098 1788 et

392 1813 618 1853 Antonium
657 1814 704 1852 de
743 1813 980 1864 Michingby
1018 1814 1065 1852 de
1105 1812 1465 1853 consuetudinibus
1514 1815 1552 1850 et
1601 1812 1778 1850 serviciis
1817 1825 1892 1862 que
1931 1812 2098 1860 predicti

392 1875 658 1922 Ketelbertus,
691 1876 905 1923 Hernicus,
928 1877 1120 1923 Thomas,
1153 1875 1367 1922 Antonius,
1393 1875 1548 1913 Alanus
1582 1874 1796 1913 Smenhor'
1828 1877 1867 1912 et
1898 1873 2100 1912 Antonius

392 1952 415 1977 a
452 1939 630 1989 predicto
669 1938 841 1978 Roberto
880 1939 1047 1989 exigunt
1086 1939 1126 1976 in
1167 1938 1357 1977 Tibethu.

500 2059 801 2098 Linc’.—Prior
847 2059 894 2097 de
943 2059 1067 2098 Cruce
1115 2058 1258 2097 Roesie
1316 2057 1538 2097 attornavit
1588 2057 1755 2094 fratrem
1813 2055 2098 2101 Eustachium,

392 2122 631 2160 canonicum
681 2135 813 2167 suum,
862 2124 901 2159 et
950 2121 1173 2159 Henricum
1222 2121 1269 2159 de
1326 2120 1495 2158 Pelham
1554 2119 1601 2157 de
1650 2121 1756 2157 terra
1812 2117 1853 2156 in
1903 2117 2097 2168 Ouresby,

393 2183 639 2230 Thorneton‚
680 2183 929 2233 Campthorp
967 2185 1006 2221 et
1046 2181 1269 2232 Angoteby.

498 2279 639 2317 Gratia
692 2279 739 2317 de
796 2278 937 2317 Insula
988 2277 1211 2317 attornavit
1263 2275 1532 2315 Herebertum
1587 2276 1634 2314 de
1691 2272 1909 2324 Salfleteby
1958 2276 2099 2313 contra

391 2341 590 2380 Thomam
629 2342 676 2379 de
717 2341 883 2391 Scotiny
921 2340 969 2379 de
1007 2339 1368 2379 consuetudinibus
1407 2342 1446 2377 et
1481 2337 1658 2377 serviciis
1695 2337 1742 2375 de
1777 2339 2007 2376 tenemento
2058 2336 2099 2375 in

392 2403 596 2454 Heynton'
636 2406 675 2442 et
713 2402 981 2441 Barcwurth'⁰

498 2498 653 2537 Eadem
694 2498 835 2537 Gratia
871 2497 1092 2537 attornavit
1130 2496 1302 2535 eundem
1343 2495 1611 2534 Herebertum
1652 2498 1791 2534 contra
1830 2494 2010 2532 Durand'
2052 2494 2099 2532 de

391 2559 614 2610 Grymesby
651 2562 690 2598 et
728 2559 927 2609 Agnetem
967 2571 1131 2597 uxorem
1171 2559 1255 2607 ejus
1294 2558 1340 2596 de
1379 2557 1546 2596 dimidio
1585 2557 1688 2596 tofto
1727 2557 1769 2594 in
1816 2555 2043 2606 Grimesby.

498 2655 726 2693 Willelmus
773 2655 820 2693 de
868 2657 1031 2693 Vernun
1078 2653 1299 2692 attornavit
1365 2652 1598 2691 Galfridum
1647 2652 1695 2689 de
1734 2650 1902 2701 Ouneby
1960 2654 2100 2689 contra

390 2717 643 2755 Willelmum
692 2718 739 2755 de
792 2717 941 2757 Sancto
1007 2716 1204 2763 Quintino
1254 2715 1302 2753 de
1353 2713 1713 2753 consuetudinibus
1754 2717 1793 2752 et
1831 2713 2021 2758 serviciis,
2061 2716 2100 2752 et

388 2783 528 2817 contra
583 2780 755 2818 eundem
808 2779 1059 2817 Willelmum
1113 2779 1161 2816 de
1211 2778 1360 2817 Sancto
1417 2776 1614 2824 Quintino
1670 2776 1717 2814 de
1773 2775 1915 2814 averiis
1972 2775 2098 2825 ipsius

391 2842 583 2881 Willelmi
623 2842 751 2892 captis
789 2845 828 2880 et
867 2845 1005 2880 contra
1043 2841 1206 2880 vadium
1244 2844 1283 2879 et
1321 2840 1498 2890 plegium
1538 2839 1724 2878 detentis.

497 2961 919 3000 Eboraczmz.——Abbas
955 2962 1002 2999 de
1032 2961 1271 2999 Thorniton'
1303 2960 1524 2999 attornavit
1565 2959 1729 2997 fratrem
1760 2957 2011 2996 Willelmum
2050 2957 2098 2995 de

390 3023 548 3062 Hedon’
588 3027 627 3061 et
665 3023 886 3062 Robertum
924 3024 960 3061 le
999 3023 1111 3062 Clerc
1154 3025 1294 3062 contra
1332 3022 1555 3061 Ranulfum
1605 3020 1652 3059 de
1691 3019 1859 3059 Faxflet’
1899 3019 1946 3057 de
1985 3031 2018 3057 c.
2058 3022 2098 3058 et

389 3084 442 3123 xl.
483 3085 584 3123 acris
623 3088 724 3123 terre
759 3085 801 3123 in
841 3085 1026 3123 Faxflet’.

495 3203 800 3252 Lina—Hugo
852 3203 1003 3253 Paynel
1058 3202 1279 3241 attornavit
1335 3202 1463 3240 Adam
1522 3201 1697 3239 Tuschet
1753 3201 1791 3237 et
1843 3196 2094 3237 Gilebertum

386 3265 517 3303 filium
548 3265 708 3304 Radulfi
747 3268 887 3304 contra
925 3264 1155 3303 Johannem
1195 3264 1325 3303 filium
1365 3263 1559 3303 Willelmi
1597 3263 1645 3301 de
1683 3261 1767 3312 xiij.
1804 3259 1959 3299 bovatis
1993 3263 2095 3298 terre

386 3330 425 3366 et
464 3328 631 3366 dimidia
670 3327 710 3365 in
751 3327 1000 3366 Westrasun.
