2375 3587
205 235 287 275 532

265 364 410 411 1237.

247 431 297 472 [m
330 430 420 469 14d.]

293 3308 352 3346 [m.
375 3305 465 3344 1311]

1139 226 1324 269 01050
1369 225 1575 286 00115.

613 427 804 465 Johanna
841 438 942 463 uxor
981 423 1190 462 Gwidonis
1228 423 1275 460 de
1316 421 1467 460 Sancto
1515 420 1702 458 Amando
1749 419 1973 458 attornavit
2010 419 2097 457 loco
2143 431 2215 457 suo

506 489 758 528 Willelmum
796 488 844 526 de
883 488 922 525 la
960 487 1062 524 Bere
1099 488 1137 523 et
1176 485 1407 522 Johannem
1456 483 1492 521 10
1530 482 1687 520 Τ1111101·
1734 482 1777 519 in
1825 482 1984 531 loquela
2030 494 2108 530 que
2155 483 2215 519 est

504 565 638 603 coram
689 563 779 600 rege
828 551 932 588 inter
984 549 1118 598 ipsum
1170 550 1209 584 et
1261 546 1462 595 predictos
1513 544 1751 583 Gwidonem
1799 546 1838 581 et
1885 543 2121 582 Johannam
2169 543 2216 581 de

504 614 686 653 custodia
723 617 825 651 terre
868 611 1060 650 Willelmi
1099 610 1147 647 de
1181 609 1326 646 Nevill’
1367 608 1408 644 in
1446 607 1700 653 Shaldewic'‚
1737 606 1853 656 cujus
1892 607 2119 645 custodiam
2148 619 2217 644 rex

505 676 701 715 concessit
739 675 905 713 domino
945 672 1214 723 Cycestrensi.

618 785 761 821 Contra
816 795 989 819 monacus
1044 780 1309 828 cysterciensis
1362 776 1828 815 ordinis.—Mandatum
1881 780 1941 814 est
1993 776 2220 815 vicecomiti

508 847 640 886 Rotel’
672 845 777 896 quod
809 844 851 881 in
882 843 1000 892 pleno
1030 841 1228 880 comitatu
1258 853 1330 878 5110
1359 843 1398 878 01
1428 853 1497 889 1101·
1526 852 1668 877 0111005
1698 838 1826 877 bonas
1855 839 1973 877 villas
2002 838 2218 877 comitatus

510 910 571 948 sui
610 912 649 946 et
687 920 756 957 per
795 909 922 944 totam
962 904 1127 942 balliam
1166 916 1282 941 suam
1322 901 1480 951 publice
1538 901 1748 939 clammari
1788 903 1826 939 et
1865 914 1913 938 ex
1950 903 2061 950 parte
2114 900 2218 950 regis

511 971 682 1009 firmiter
730 967 931 1018 prohiberi
986 966 1108 1004 faciat
1162 978 1212 1003 110
1265 964 1409 1014 aliquis
1449 963 1675 1002 monachus
1714 963 1777 1001 vel
1820 975 2035 1001 conversus
2075 962 2219 1001 Cister-

510 1033 655 1072 ciensis
689 1030 841 1069 ordinis
880 1030 1015 1067 lanam
1054 1028 1116 1066 vel
1155 1028 1263 1066 coria
1298 1030 1408 1065 emat
1448 1026 1538 1064 aliis
1577 1026 1799 1071 vendenda,
1851 1038 1923 1064 nec
1971 1025 2117 1074 aliquis
2165 1025 2221 1063 015

511 1093 745 1146 hujusmodi
793 1091 1065 1130 mercandisas
1114 1090 1263 1128 vendat
1311 1102 1379 1138 per
1418 1101 1587 1126 manum
1629 1101 1743 1125 suam
1788 1087 1935 1125 iterum
1978 1087 2222 1126 vendendas.

514 1159 569 1196 Et
626 1157 658 1193 si
725 1156 905 1193 dccetero
962 1152 1108 1202 aliquis
1166 1151 1392 1189 monachus
1449 1150 1511 1188 vel
1575 1162 1792 1187 conversus
1858 1149 2004 1198 prefati
2070 1149 2224 1187 ordinis

513 1221 757 1267 interceptus
813 1216 875 1254 vel
932 1215 1140 1253 convictus
1214 1213 1336 1251 fuerit
1411 1225 1528 1261 super
1602 1211 1836 1261 hujusmodi
1886 1211 2090 1260 emptione
2141 1214 2225 1250 tam

514 1280 762 1320 mercandise
801 1291 921 1328 (1111101
961 1277 1114 1315 denarii
1155 1276 1210 1314 eis
1249 1288 1419 1325 quorum
1480 1274 1631 1312 fuerint
1671 1273 1937 1322 deperdentur
1973 1276 2011 1312 et
2042 1273 2091 1311 ad
2126 1287 2225 1324 opus

516 1344 618 1393 regis
657 1343 930 1380 incurrentur.

624 1422 780 1460 Eodem
820 1420 939 1457 modo
977 1419 1194 1456 mandatur
1232 1416 1421 1455 omuibus
1460 1414 1765 1454 vicecomitibus
1807 1415 1967 1464 Anglie.

630 1532 681 1567 De
744 1529 1048 1571 malefactoribus
1117 1527 1384 1563 itinerantibus
1450 1526 1489 1561 in
1557 1526 1735 1560 comitatu
1804 1522 2069 1560 Iesum—Ad
2125 1522 2229 1571 regis

517 1593 697 1644 pervenit
736 1591 925 1629 notitiam
965 1589 1071 1638 quod
1119 1588 1251 1637 plures
1300 1587 1581 1625 malefactores
1628 1586 1825 1624 itinerant
1873 1598 1942 1634 per
1989 1584 2229 1623 comitatum

519 1656 659 1694 Essex’
716 1656 999 1692 conversantes
1038 1655 1076 1689 et
1115 1654 1366 1699 receptantes
1407 1649 1444 1686 in
1485 1648 1615 1687 boscis
1655 1648 1758 1696 regis
1805 1647 2022 1685 manifeste
2061 1647 2147 1685 sine
2186 1660 2231 1685 eo

519 1718 623 1768 quod
680 1717 897 1754 clamorem
956 1714 1017 1751 vel
1076 1712 1282 1751 uthesium
1341 1724 1459 1760 super
1526 1724 1592 1749 005
1659 1710 1783 1748 levari
1842 1710 1994 1748 faciant
2051 1710 2231 1757 comites,

519 1781 700 1823 barones,
742 1778 906 1822 milites,
946 1776 1059 1814 liberi
1100 1775 1298 1821 homines,
1340 1777 1378 1811 et
1426 1786 1567 1811 omnes
1615 1772 1684 1810 alii
1733 1773 1783 1810 de
1829 1771 2027 1810 comitatu
2075 1772 2231 1810 Essex'.

521 1846 665 1888 Immo,
713 1841 816 1890 quod
864 1840 978 1890 pejus
1026 1842 1099 1883 est,
1149 1837 1271 1875 vicini
1321 1835 1545 1875 necessaria
1593 1835 1648 1874 015
1698 1835 1740 1872 10
1788 1834 1917 1873 boscis
1957 1834 2039 1872 suis
2078 1834 2234 1873 faciunt

522 1903 760 1949 transmitti,
802 1902 908 1951 ipsos
946 1901 1068 1939 etiam
1109 1901 1150 1937 in
1189 1899 1377 1938 domibus
1418 1898 1501 1936 suis
1541 1900 1807 1947 receptantes.
1879 1896 1957 1935 Pro
1990 1909 2069 1946 quo
2103 1897 2233 1935 mittit

523 1982 590 2006 rex
648 1967 878 2005 Johannem
937 1963 1068 2001 filium
1127 1961 1316 2007 Gala-idi,
1387 1960 1653 1999 Amani-icum
1711 1959 1759 1997 de
1820 1959 1969 1998 Sancto
2034 1959 2234 2006 Amando,

524 2029 791 2070 senescallum
848 2026 966 2075 regis,
1025 2030 1063 2063 et
1120 2024 1375 2062 Willelmum
1433 2023 1479 2061 de
1538 2022 1793 2061 Gulewurth’
1844 2021 1892 2059 ad
1941 2021 2235 2070 providendum

523 2094 693 2143 qualiter
757 2090 854 2129 dicti
916 2088 1193 2126 malefactores
1259 2088 1567 2135 compescantur
1639 2088 1679 2124 et
1750 2098 1845 2134 pax·
1892 2083 1996 2133 regis
2069 2084 2241 2123 firmiter

524 2156 770 2195 observetur.
856 2152 912 2190 Et
970 2151 1057 2188 ideo
1115 2149 1356 2187 mandatum
1406 2158 1465 2186 est
1513 2148 1661 2186 eisdem
1711 2146 1942 2194 comitibus,
2007 2146 2237 2192 baronibus,

526 2218 662 2256 liberis
710 2220 786 2254 etc.
836 2214 942 2264 quod
992 2213 1131 2251 efficax
1179 2211 1395 2250 consilium
1441 2211 1489 2248 ad
1536 2211 1612 2248 hoc
1660 2222 1861 2260 apponere
1903 2212 2056 2255 curent,
2098 2209 2238 2248 scituri

526 2282 631 2331 quod
671 2276 898 2329 providebit
939 2290 1006 2314 rex
1045 2275 1229 2325 qualiter,
1271 2274 1418 2312 amotis
1457 2273 1576 2312 dictis
1614 2271 1943 2311 malefactoribus
1981 2285 2004 2310 a
2050 2271 2237 2321 partibus

526 2343 681 2388 Essex‘,
722 2353 799 2390 pax
847 2338 951 2388 regis
1000 2337 1150 2375 ibidem
1198 2336 1488 2374 inviolabiliter
1535 2334 1768 2374 observetur
1814 2347 1884 2383 per
1922 2346 2001 2381 eos,
2036 2334 2093 2372 ita
2131 2335 2238 2384 quod

527 2406 609 2455 regi
656 2402 894 2452 respondere
944 2401 1101 2450 possint
1151 2399 1396 2437 sufficienter
1443 2411 1562 2448 super
1609 2397 1864 2446 attemptatis
1912 2399 2054 2435 contra
2101 2409 2240 2445 pacem

527 2468 630 2517 regis
669 2478 738 2515 per
776 2462 1013 2514 hujusmodi
1053 2461 1337 2500 malefactores
1376 2460 1436 2498 vel
1476 2473 1544 2498 rex
1576 2459 1795 2498 servientes
1828 2461 1953 2508 ponet
1989 2459 2029 2496 in
2061 2458 2243 2508 partibus

528 2529 609 2567 illis
666 2539 782 2576 super
840 2525 982 2563 bursas
1040 2537 1132 2562 suas
1179 2523 1247 2573 qui
1296 2535 1437 2572 pacem
1485 2521 1589 2571 regis
1638 2524 1797 2559 servent
1845 2520 2032 2566 ibidem;
2091 2520 2245 2570 eligant

529 2591 634 2642 quod
672 2588 904 2626 maluerint.
991 2586 1158 2624 Videtur
1196 2585 1307 2623 enim
1346 2597 1427 2622 non
1467 2583 1659 2622 inmerito
1698 2582 1814 2621 nobis
1853 2586 1892 2620 et
1930 2582 2102 2621 consilio
2140 2583 2245 2632 regis

530 2653 658 2692 dictos
696 2649 974 2688 malefactores
1014 2661 1099 2691 esse
1137 2648 1185 2685 de
1224 2645 1579 2695 consanguinitate
1617 2645 1678 2683 vel
1727 2644 1894 2682 familiis
1933 2644 2029 2691 suis,
2079 2658 2126 2683 ex
2165 2658 2244 2695 quo

532 2728 613 2753 non
652 2714 783 2752 solum
822 2712 1041 2749 clamorem
1080 2710 1143 2748 vel
1181 2709 1387 2747 uthesium
1428 2721 1548 2757 super
1585 2720 1652 2746 eos
1696 2719 1779 2745 non
1827 2706 1976 2753 levant,
2026 2709 2099 2753 set,
2137 2707 2243 2757 quod

532 2777 665 2826 majus
704 2777 776 2819 est,
818 2774 925 2822 ipsos
964 2785 1125 2821 pascere
1164 2775 1203 2809 et
1241 2771 1283 2808 in
1321 2770 1509 2808 domibus
1550 2769 1633 2808 suis
1672 2771 1874 2818 receptare
1913 2781 1994 2807 non
2033 2769 2244 2808 omittant.

535 2839 651 2877 Teste
690 2850 778 2885 rege
818 2835 922 2884 apud
964 2833 1386 2879 Westmonasterium,
1429 2833 1538 2882 xxxj.
1577 2832 1641 2870 die
1679 2831 1793 2869 Maii.

643 2916 699 2954 Et
718 2915 960 2952 mandatum
1000 2917 1060 2951 est
1098 2912 1326 2951 vicecomiti
1365 2912 1506 2949 Essex'
1546 2911 1665 2960 quod,
1707 2909 1803 2949 visis
1843 2909 1990 2947 litteris
2028 2909 2131 2955 istis,
2178 2923 2248 2959 per

535 2983 664 3018 totam
722 2977 887 3016 balliam
946 2989 1060 3014 suam
1124 2975 1166 3013 in
1226 2974 1398 3024 singulis
1454 2973 1673 3011 hundredis
1730 2972 1897 3011 clamari
1963 2972 2087 3011 faciat
2142 2972 2248 3022 quod

537 3042 716 3087 comites,
757 3039 939 3085 barones,
980 3038 1147 3084 milites,
1188 3037 1303 3076 liberi
1338 3036 1539 3082 homines,
1574 3039 1613 3074 et
1649 3036 1696 3074 de
1727 3035 1901 3084 singulis
1935 3034 2044 3073 villis
2075 3037 2249 3084 quatuor

537 3104 723 3143 homines
762 3106 800 3140 et
840 3101 1080 3151 prepositus,
1122 3101 1203 3139 sint
1242 3100 1347 3150 apud
1378 3099 1534 3137 Writel’
1575 3098 1747 3137 instanti
1785 3097 1848 3136 die
1887 3097 2029 3136 Martis
2067 3097 2250 3146 proxima

539 3170 633 3205 ante
686 3164 966 3203 Pentecosten’
1009 3176 1142 3201 coram
1181 3162 1371 3212 predictis
1427 3162 1627 3206 Johanne,
1682 3159 1912 3206 Amaurico,
1966 3159 2250 3197 etWillelmo

540 3241 640 3279 quos
695 3240 763 3264 rex
819 3226 915 3263 illuc
975 3225 1104 3263 mittit
1161 3225 1209 3263 ad
1266 3224 1561 3274 providendum
1618 3223 1665 3260 de
1723 3221 1893 3260 consilio
1951 3221 2137 3259 omnium
2203 3221 2251 3259 de

542 3290 738 3330 comitatu
776 3301 848 3326 suo
895 3287 1065 3337 qualiter
1108 3300 1186 3336 pax
1233 3286 1337 3336 regis
1377 3289 1556 3324 servetur
1602 3285 1752 3323 ibidem
1791 3286 1932 3322 contra
1969 3283 2250 3322 malefactores

543 3352 611 3402 qui
650 3351 845 3389 itinerant
884 3361 953 3398 per
991 3352 1125 3399 partes
1163 3348 1255 3386 illas
1294 3351 1332 3386 et
1370 3360 1510 3396 pacem
1558 3347 1662 3396 regis
1710 3344 1964 3395 perturbant.
2050 3344 2167 3384 Teste
2205 3347 2251 3384 ut

548 3427 678 3463 supra.
