2375 3587
255 235 336 273 518

311 363 454 410 1237.

301 431 360 469 [m.
375 429 464 467 1011]

298 1111 358 1150 [m.
377 1111 468 1149 17‹l.]

1185 234 1371 277 CLOSE
1416 234 1622 276 ROLLS.

657 428 856 479 Margeria
928 443 1028 468 uxor
1098 429 1312 479 Reginaldi
1380 430 1427 467 de
1494 429 1695 467 Carleton'
1754 427 1977 466 attor-navit
2033 427 2120 465 1000
2175 438 2248 463 suo

549 491 820 539 Reginaldum
857 493 904 530 de
943 492 1146 530 Carlet0n⁷
1187 494 1226 529 et
1264 491 1529 528 Herebertuin
1563 491 1610 527 de
1647 489 1893 540 Sanfredeby
1927 489 1976 526 ad
2007 488 2249 526 lucrandum

546 555 607 590 vel
646 554 892 602 perdendum
934 555 974 591 in
1014 554 1171 604 loquela
1208 566 1284 603 que
1320 557 1380 590 est
1416 553 1457 590 in
1495 553 1691 591 comitatu
1729 552 1844 589 Linc'
1896 551 2000 589 inter
2047 551 2246 600 predictos

565 615 815 664 -leginaldum
863 621 902 654 et
950 615 1190 664 Margeriam
1241 618 1279 652 et
1326 615 1557 652 ι10111111110111
1605 614 1652 651 (10
1704 612 1873 663 Auneby
1925 616 1964 651 et
2012 611 2246 656 Elizabeth‚

548 690 711 715 uxorem
760 679 860 728 ejus,
909 679 956 715 (10
1004 678 1218 715 medietate
1266 677 1385 714 unius
1432 676 1629 725 mesuagii
1672 677 1713 713 in
1762 675 1905 725 Yreby.
1992 675 2109 713 Teste
2158 686 2249 722 rege

547 739 654 788 apud
691 739 1109 784 Westmonasterium,
1149 739 1271 788 xxvij.
1311 739 1374 776 die
1413 738 1611 776 Januarii.

654 835 925 875 Baldewinus.
965 848 1093 873 comes
1131 835 1177 872 de
1218 835 1419 883 Gyennes,
1460 833 1680 872 attornavit
1716 833 1951 882 Philippum
1986 832 2033 870 de
2068 832 2106 870 la
2140 831 2248 868 Mote

548 896 588 933 in
628 896 786 946 loquela
823 910 899 946 (1110
939 903 997 935 est
1038 898 1079 934 in
1119 898 1313 934 comitatu
1349 896 1489 933 Essex'
1532 896 1635 934 inter
1682 895 1815 944 ipsum
1863 898 1902 933 et
1941 894 2162 933 Robertum
2202 893 2250 930 de

550 958 704 996 sax-ans
751 959 797 996 de
849 972 928 996 una
977 959 1071 996 hida
1120 965 1221 997 terre
1269 962 1307 996 et
1354 959 1401 996 de
1449 971 1512 996 xx.
1561 961 1674 1007 parte
1722 957 1825 996 feodi
1868 957 1989 995 unius
2032 956 2175 994 militis
2211 956 2251 992 in

550 1020 801 1059 Toleshunt’.
861 1022 977 1059 Teste
1014 1034 1102 1069 rege
1141 1021 1247 1070 apud
1287 1021 1562 1066 Cantuariam,
1602 1021 1710 1069 xviij.
1749 1021 1812 1057 die
1851 1019 2075 1058 Februarii.

658 1116 741 1152 Rex
781 1116 895 1153 fratri
935 1117 972 1153 J.
1012 1116 1216 1165 quondam
1266 1115 1398 1153 abbati
1437 1116 1484 1153 de
1523 1116 1658 1165 Clyva‚
1700 1118 1738 1153 et
1777 1115 1923 1153 dilecto
1959 1117 1998 1152 et
2032 1114 2141 1152 fideli
2181 1125 2252 1150 suo

550 1177 733 1215 Huberto
791 1178 915 1216 Huse.
976 1179 1162 1216 salutem.
1249 1179 1452 1216 Mittimus
1510 1177 1620 1216 vobis
1684 1178 1973 1226 transcriptum
2042 1176 2253 1227 cujusdam

547 1240 851 1289 compositionis
890 1241 1047 1289 provise
1085 1241 1191 1278 inter
1228 1241 1572 1290 archiepiscopum
1608 1241 1949 1289 Burdegalensem
1988 1242 2027 1277 et
2061 1239 2253 1277 dilectum

547 1309 585 1339 et
625 1303 783 1340 fidelem
823 1306 1008 1341 nostrum
1044 1303 1098 1340 H.
1136 1303 1183 1340 de
1216 1302 1465 1348 Trublevill',
1503 1303 1768 1340 senescallum
1808 1312 1994 1340 nostrum
2027 1301 2252 1346 Wasconie,

547 1368 585 1401 et
615 1364 757 1413 sigillis
788 1365 913 1414 ipsius
944 1365 1152 1403 senescalli
1186 1368 1223 1402 01
1255 1365 1449 1402 Willelmi
1485 1365 1531 1402 de
1562 1365 1691 1402 Buell'
1725 1364 1842 1402 nobis
1871 1378 1918 1402 ex
1948 1366 2060 1413 parte
2091 1364 2253 1402 illorum

547 1427 797 1472 transmisse,
830 1441 948 1476 super
978 1427 1180 1465 escambio
1210 1427 1314 1476 quod
1346 1427 1450 1464 idem
1481 1427 1804 1476 archiepiscopus
1833 1440 1856 1464 a
1885 1426 2001 1465 nobis
2030 1426 2155 1475 exigit
2184 1438 2255 1475 pro

547 1491 678 1526 castro
717 1493 755 1526 et
795 1493 899 1527 terra
938 1503 1010 1527 sua
1048 1490 1094 1526 de
1128 1492 1313 1534 Cutures,
1348 1503 1470 1538 (11111111
1506 1490 1668 1539 (1111(10111
1704 1489 2037 1538 compositionem
2071 1488 2253 1526 nondum

548 1551 737 1589 duximus
770 1553 1057 1601 acceptandam
1092 1553 1217 1590 donec
1250 1552 1342 1589 inde
1378 1553 1536 1600 plenius
1570 1553 1767 1590 fuerimus
1799 1552 2007 1590 certificati
2049 1564 2118 1600 per
2155 1551 2254 1588 alios

550 1613 687 1651 fideles
735 1623 892 1652 nostros
940 1628 1060 1663 quan]
1112 1628 1180 1663 per
1223 1615 1325 1653 illos.
1387 1615 1628 1652 Mandanius
1668 1615 1792 1664 igitur
1830 1614 1941 1652 vobis
1982 1615 2173 1664 quatinus
2212 1613 2254 1651 in

549 1675 624 1712 fide
662 1689 740 1725 qua
780 1676 894 1714 nobis
934 1677 1141 1718 tenemini,
1182 1685 1220 1714 et
1269 1677 1371 1713 sicut
1420 1690 1492 1713 nos
1531 1680 1570 1714 et
1610 1677 1803 1715 honorem
1844 1681 2030 1715 nostrum
2068 1675 2254 1725 diligitis,

549 1751 630 1775 una
660 1751 751 1776 011111
782 1739 959 1787 predicto
988 1739 1206 1776 senescallo
1237 1742 1373 1776 nostro
1407 1742 1445 1776 et
1479 1739 1624 1777 dilecto
1654 1744 1692 1776 et
1727 1739 1834 1777 fideli
1867 1742 2002 1777 nostro
2033 1738 2256 1787 Reginaldo

549 1800 595 1838 de
646 1801 855 1845 Pontibus,
906 1801 1050 1850 quibus
1100 1801 1191 1838 inde
1241 1801 1490 1850 scripsimus,
1542 1801 1740 1839 accedatis
1791 1802 1839 1839 ad
1894 1804 2025 1850 partes
2075 1801 2165 1838 illas
2215 1802 2255 1838 et

548 1862 762 1910 diligenter
814 1862 1028 1912 inquiratis
1077 1867 1276 1912 quantum
1326 1863 1456 1900 valeat
1506 1863 1545 1900 id
1595 1863 1699 1912 quod
1749 1863 1881 1901 dictus
1931 1862 2253 1912 archiepiscopus

550 1923 665 1962 nobis
703 1924 818 1962 offert
857 1938 927 1974 pro
966 1938 1011 1963 eo
1059 1925 1163 1974 quod
1201 1938 1223 1962 a
1262 1925 1377 1962 nobis
1424 1925 1526 1973 petit
1566 1925 1607 1962 in
1648 1925 1896 1963 escambium
1941 1925 1982 1962 in
2023 1924 2251 1970 dominicis,

549 1986 772 2024 redditibus
811 1991 848 2024 01
888 1987 1080 2025 omnibus
1138 1987 1228 2024 aliis
1286 1986 1561 2036 proventibus,
1598 1990 1637 2025 et
1690 1991 1889 2037 quantum
1931 1987 1969 2024 id
2005 1987 2110 2025 valet
2149 1986 2254 2036 quod

548 2061 570 2085 a
609 2048 723 2086 nobis
762 2049 861 2098 petit
901 2063 970 2098 pro
1008 2050 1184 2098 predicto
1223 2052 1354 2087 castro
1393 2053 1431 2086 et
1480 2053 1584 2086 terra
1633 2050 1678 2087 de
1729 2050 1901 2088 Cutures
1941 2050 1981 2087 in
2023 2049 2249 2096 dominicis,

548 2111 769 2148 redditibus
809 2114 847 2149 et
877 2111 1066 2149 omnibus.
1111 2112 1200 2149 aliis
1244 2111 1520 2160 proventibus,
1568 2115 1606 2149 et
1650 2116 1787 2150 utrum
1822 2112 1874 2150 sit
1910 2112 1959 2149 ad
1992 2112 2253 2150 commodum

549 2177 733 2210 nostrum
774 2174 835 2211 vel
875 2174 1100 2222 dampnum
1151 2174 1182 2210 si
1231 2173 1431 2211 escambio
1480 2174 1537 2210 illi
1587 2174 1908 2224 adquieverimus
1947 2178 1997 2220 et,
2040 2174 2073 2212 si
2114 2174 2166 2212 sit
2205 2174 2254 2211 ad

548 2236 806 2273 commodum
837 2243 1036 2281 nostrum,
1060 2236 1288 2285 cujusmodi
1330 2236 1603 2281 commodum,
1628 2236 1689 2273 vel
1720 2236 1768 2273 ad
1798 2236 2025 2285 dampnum
2055 2240 2254 2282 nostrum,

548 2298 774 2347 cujusmodi
814 2299 1051 2347 dampnum.
1113 2298 1176 2336 Ita
1204 2298 1430 2347 quodcum
1469 2299 1565 2335 vost*
1605 2298 1653 2335 ad
1684 2311 1756 2335 nos
1796 2298 1994 2336 redieritis
2026 2312 2099 2337 nos
2139 2312 2257 2349 super

548 2360 754 2408 premissis
792 2361 1011 2398 certificare
1051 2360 1213 2409 possitis
1248 2374 1315 2409 per
1346 2360 1653 2409 impiisitionem
1689 2360 1879 2399 distincte
1911 2364 1949 2398 et
1989 2364 2124 2410 aperte
2163 2361 2256 2399 inde

549 2422 697 2460 factam
737 2422 810 2460 sub
849 2422 993 2471 sigillis
1027 2422 1172 2460 vestris
1211 2427 1249 2460 et
1285 2422 1429 2469 sigillis
1465 2423 1737 2471 predictorum
1769 2422 1821 2460 H.
1860 2423 2071 2461 senescalli
2110 2424 2252 2470 nostri,

548 2487 587 2522 et
625 2484 792 2533 predicti
829 2484 1054 2533 Reginaldi.
1113 2484 1231 2522 Teste
1272 2497 1359 2531 rege
1399 2485 1503 2533 apud
1544 2484 1798 2530 Cimendon',
1832 2485 1889 2534 iij.
1922 2485 1986 2523 die
2016 2485 2215 2523 Januarii.

659 2563 813 2601 Eodem
853 2564 971 2601 modo
1010 2562 1199 2601 scribitur
1238 2564 1285 2601 R.
1326 2564 1372 2601 (10
1412 2563 1607 2601 Pontibus
1646 2567 1685 2601 et
1724 2563 1777 2601 H.
1821 2564 1868 2602 de
1908 2563 2158 2602 Trublevill’.

656 2660 857 2697 Jordanus
896 2660 942 2697 (10
982 2660 1136 2709 Aynoh’
1176 2660 1396 2698 attornavit
1444 2661 1530 2698 loco
1577 2673 1648 2698 suo
1698 2660 1923 2698 Walterum
1971 2661 2006 2698 10
2045 2661 2254 2700 Faukener

550 2722 590 2758 in
630 2722 787 2770 loquela
825 2734 900 2770 que
938 2725 997 2760 est
1035 2722 1140 2760 inter
1180 2722 1430 2759 Willelmuin
1470 2723 1516 2760 de
1555 2723 1593 2759 la
1633 2722 1764 2760 Grene
1796 2725 1835 2760 et
1870 2722 2055 2769 Aliciam,
2090 2736 2253 2762 uxorem

551 2785 650 2834 ejus,
700 2788 739 2821 et
790 2784 1015 2832 predictum
1068 2784 1295 2822 »Iordanum
1347 2785 1385 2821 in
1438 2784 1634 2822 comitatu
1684 2784 1889 2823 Hertford'
1940 2786 1987 2823 de
2035 2798 2117 2824 una
2164 2799 2254 2824 acra

549 2845 653 2895 prati
692 2845 733 2882 in
776 2844 1146 2884 &ebricheswurthl
1226 2846 1343 2883 Teste
1384 2859 1471 2896 rege
1509 2846 1615 2895 apud
1656 2846 2079 2893 westmonasterium,
2115 2848 2254 2898 xxviij.

553 2909 614 2946 die
653 2908 853 2946 Januarii.

660 3003 801 3041 Gratia
839 3004 886 3041 de
925 3004 1066 3041 Insula
1105 3004 1326 3042 attornavit
1364 3004 1449 3043 loco
1488 3017 1559 3042 suo
1607 3005 1875 3043 Herebertum
1915 3006 1962 3043 de
2003 3005 2251 3057 Salfletheby

551 3068 590 3104 et
641 3066 807 3103 Petrum
858 3066 1137 3103 Marescallum
1188 3066 1230 3103 in
1280 3066 1438 3116 loquela
1489 3080 1564 3116 que
1617 3070 1677 3104 est
1723 3067 1765 3105 in
1803 3067 1914 3105 curia
1951 3068 1999 3105 de
2039 3068 2253 3119 Grimesby

552 3131 692 3167 contra
730 3127 1009 3165 Baldewinuni
1046 3128 1177 3165 filium
1217 3128 1380 3166 Roberti
1419 3129 1466 3166 de
1505 3129 1673 3167 dimidio
1705 3129 1912 3179 mesuagio
1951 3129 1992 3166 in
2026 3130 2252 3181 Grimesby.

553 3191 669 3229 Teste
703 3203 792 3239 rege
823 3190 929 3238 apud
962 3190 1383 3236 Westmonasterium,
1421 3191 1527 3227 xxix.
1564 3191 1626 3228 die
1662 3191 1861 3228 Januarii.
1934 3191 1990 3229 Et
2024 3191 2065 3228 in
2097 3192 2256 3241 loquela

549 3266 623 3302 que
662 3255 722 3290 est
760 3253 801 3289 in
841 3252 950 3289 curia
990 3252 1101 3289 Linc'
1142 3256 1281 3290 contra
1319 3253 1552 3291 ‚Iohannem
1594 3253 1877 3291 Marescallum
1912 3253 1960 3290 de
1992 3254 2113 3291 tercia
2144 3258 2256 3303 parte

553 3315 580 3364 j.
622 3313 818 3363 mesuagii
857 3313 898 3350 in
937 3313 1144 3359 Lincoln‘;
1189 3317 1227 3352 et
1261 3315 1302 3351 in
1336 3314 1494 3363 loquela
1525 3328 1600 3364 que
1634 3318 1694 3352 est
1726 3315 1767 3352 in
1799 3315 1937 3353 eadem
1972 3315 2084 3353 curia
2114 3318 2254 3354 contra

932 3409 1168 3439 *Substfitteted
1201 3410 1253 3442 for
1287 3410 1452 3451 ‘predicti
1482 3412 1586 3441 abbas
1615 3415 1650 3441 et
1684 3409 1886 3442 HubertuS.⁷
