2375 3587
249 188 332 227 468

309 318 450 366 1237.

320 385 378 425 [m.
396 385 445 425 8.]

1178 187 1361 228 CLOSE
1408 186 1611 228 ROLLS.

652 387 706 422 De
753 388 995 423 armann'ntis
1038 384 1552 434 sscclgsarzmz.——Mandatum
1601 387 1660 423 est
1707 385 1917 423 Bertramo
1975 386 2022 423 de
2080 385 2237 423 Krioill’

542 447 647 496 quod
685 447 900 496 distringat
937 448 1098 485 heredes
1146 446 1311 484 Henrici
1359 446 1432 483 filii
1472 446 1685 495 Reginaldi
1731 450 1770 484 et
1818 446 2038 484 Robertum
2086 447 2237 485 Frostr'

543 509 647 557 quod
684 510 852 547 reddant
891 509 1062 547 Paulino
1099 509 1146 546 de
1185 507 1423 545 Wincheles⁷
1455 511 1494 545 et
1532 508 1637 546 socio
1672 521 1755 551 suo,
1791 521 1889 557 (11103
1920 522 1986 546 rex
2018 508 2238 557 assignavit

545 572 593 608 ad
639 571 774 621 ¹Qalyas
831 584 922 608 suas
978 571 1024 608 de
1081 569 1320 607 Wincheles’
1367 569 1661 615 custodiendas,
1712 573 1964 608 armamenta
2019 570 2236 608 earundem

544 633 742 681 galiarum
791 646 866 682 que
916 645 1034 681 penes
1082 631 1189 679 ipsos
1233 630 1455 667 Henricum
1503 634 1542 668 et
1590 630 1809 669 Robertum
1849 631 2028 680 deposita
2074 632 2238 670 fuerunt

543 695 584 732 in
623 695 707 733 vita
742 708 813 733 sua
850 697 888 732 et
926 694 972 731 de
1009 692 1153 742 quibus
1191 692 1426 741 respondere
1463 691 1619 738 debent,
1660 696 1704 731 ut
1742 693 1900 731 dicitur.
1978 693 2094 731 Teste
2150 706 2238 742 rege

546 760 590 795 ut
629 769 761 806 supra.

652 862 709 898 De
745 861 995 896 substituenda
1040 860 1187 895 custode
1241 860 1290 894 affl
1333 857 1778 906 {mlgms.—Mandatum
1828 862 1887 896 est
1937 859 2146 897 Bertramo
2193 859 2240 897 de

545 922 699 960 Krioill'
774 921 891 970 (1110(1,
980 920 1075 969 quia
1151 920 1327 957 Thomas
1402 920 1510 957 filius
1587 919 1793 957 Gsodefridi
1869 921 1916 958 de
1990 921 2242 959 XVinchelese

543 998 660 1034 quem
709 984 819 1033 prius
866 996 932 1020 rex
980 982 1202 1030 assignavit
1250 983 1299 1019 ad
1347 982 1445 1019 duas
1495 982 1621 1030 galias
1670 982 1772 1030 regis
1829 983 1935 1031 apud
1991 983 2240 1022 Winchelese

543 1046 822 1084 custodiendas
860 1045 917 1082 ita
968 1048 1028 1082 est
1068 1044 1269 1093 impotens
1309 1044 1368 1081 sui
1418 1044 1524 1093 quod
1573 1057 1651 1082 non
1703 1044 1875 1082 sufficiat
1920 1045 1969 1083 de
2016 1048 2145 1083 cetero
2193 1046 2241 1083 ad

542 1122 606 1147 eas
645 1107 938 1153 custodiendas,
986 1107 1071 1144 loco
1110 1106 1234 1155 ipsius
1274 1107 1399 1144 alium
1453 1105 1674 1144 substituat
1712 1107 1779 1155 qui
1820 1120 1901 1144 una
1940 1120 2030 1146 cum
2070 1108 2242 1147 Paulino

542 1172 588 1209 de
627 1170 866 1208 Wincheles’
899 1168 1095 1218 predictas
1134 1169 1258 1217 galias
1297 1168 1511 1217 diligenter
1546 1172 1584 1207 et
1624 1169 1793 1206 fideliter
1831 1169 2045 1208 custodiat.
2125 1170 2242 1210 Teste

547 1246 633 1282 rege
670 1236 714 1270 ut
753 1244 891 1281 supra.

653 1337 729 1372 Pro
767 1336 951 1372 Alienum
990 1336 1032 1369 de
1070 1334 1595 1372 Britamzia.—-Mandatmn
1630 1337 1689 1372 est
1721 1333 1894 1373 baillivis
1926 1335 2105 1374 Bristoll'
2140 1336 2246 1386 quod

544 1400 682 1436 emant
719 1397 813 1435 vina
850 1397 899 1434 ad
937 1409 1036 1445 opus
1073 1396 1258 1433 Alienore
1306 1395 1353 1433 de
1403 1396 1631 1442 Britannia,
1665 1397 1964 1445 consanguinee
2011 1398 2127 1447 regis,
2170 1411 2245 1447 que

546 1462 725 1498 moratur
772 1458 877 1507 apud
917 1458 1072 1503 Glouc’,
1113 1458 1162 1495 ad
1200 1458 1331 1495 forum
1373 1457 1472 1494 11111(1
1520 1458 1568 1495 ad
1616 1459 1721 1508 quod
1771 1463 2066 1497 consueverunt
2115 1473 2245 1499 emere

546 1522 594 1560 ad
633 1534 733 1570 opus
781 1521 883 1567 regis
927 1521 1148 1558 secundum
1198 1520 1301 1568 quod
1351 1520 1571 1557 vicecomes
1620 1520 1760 1558 Glouc'
1802 1521 1858 1558 eis
1906 1521 2024 1568 dicet,
2066 1525 2105 1560 et
2152 1523 2247 1561 vina

545 1585 632 1633 ipsa
670 1583 815 1621 kariari
855 1582 1006 1621 faciant
1044 1595 1165 1631 usque
1201 1582 1370 1627 Glouc’3
1421 1586 1459 1619 et
1493 1582 1540 1619 de
1571 1586 1686 1620 custo
1719 1582 1824 1632 quod
1853 1583 1901 1620 ad
1934 1584 2008 1622 hoc
2039 1585 2246 1634 posuerint

547 1645 805 1695 respondebit
842 1645 898 1683 eis
937 1645 1157 1683 vicecomes
1196 1644 1412 1692 predictus.
1473 1644 1590 1682 Teste
1629 1648 1672 1682 ut
1711 1658 1844 1694 supra.

659 1760 733 1795 I'rn
773 1760 961 1805 Stephano
1008 1759 1049 1792 ιΙν
1089 1757 1246 1803 Sum-arr*
1291 1764 1323 1792 vt
1370 1757 1557 1793 (isleberto
1607 1758 1685 1794 tilia
1732 1757 1967 1803 ‹jusu—Rex
2014 1758 2250 1807 perdonavit

551 1822 758 1870 Stephano
796 1821 843 1857 de
884 1821 1053 1867 sem-ave
1092 1819 1223 1857 (1000111
1272 1822 1311 1856 et
1357 1822 1446 1856 octo
1485 1818 1606 1856 libras
1645 1832 1721 1868 que
1759 1819 1808 1857 ab
1846 1833 1891 1857 eo
1929 1819 2145 1869 exiguntur
2182 1835 2250 1871 per

548 1883 907 1923 summonitionem
949 1881 1143 1920 8030011111
1192 1881 1239 1918 (10
1286 1882 1403 1918 firma
1451 1881 1618 1918 manerii
1667 1882 1714 1919 de
1753 1881 1948 1931 Tingden'
1988 1883 2035 1920 de
2073 1886 2251 1933 tempore

547 1959 625 1996 quo
664 1946 741 1983 fuit
780 1945 912 1994 ipsum
952 1944 1177 1981 manerium
1218 1943 1257 1980 in
1302 1955 1424 1980 manu
1466 1956 1562 1985 sua;
1611 1946 1650 1981 et
1688 1944 1923 1992 perdonavit
1962 1944 2165 1984 Gfleberto
2203 1947 2250 1985 de

549 2009 719 2057 seg-rave,
774 2007 916 2053 viginti
975 2006 1096 2043 libras
1151 2019 1227 2055 que
1282 2004 1331 2042 ab
1394 2018 1439 2042 eo
1496 2005 1712 2054 exiguntur
1766 2019 1834 2055 per
1890 2007 2250 2047 summonitionem

548 2070 743 2109 Scaccarii
800 2069 846 2107 de
904 2070 1021 2105 firma
1078 2068 1179 2105 Novi
1237 2066 1366 2106 Castri
1425 2066 1566 2105 subtus
1620 2067 1782 2105 Limam
1839 2069 1886 2105 de
1940 2071 2117 2118 tempore
2172 2083 2250 2120 quo

546 2136 723 2171 castrum
763 2132 862 2169 illud
902 2131 978 2168 fuit
1029 2131 1067 2167 in
1118 2143 1241 2168 manu
1292 2142 1376 2166 sua.
1464 2129 1518 2167 Et
1557 2131 1797 2168 mandatum
1847 2134 1907 2168 est
1950 2131 2164 2170 baronibus
2202 2133 2250 2171 de

548 2195 753 2234 Scaccario
798 2194 903 2243 quod
952 2193 1175 2242 predictum
1225 2192 1479 2240 Stephanmn
1532 2192 1579 2229 de
1631 2192 1819 2241 predictis
1874 2193 2011 2231 decem
2067 2197 2106 2232 et
2162 2198 2251 2233 octo

546 2257 658 2295 libris
704 2261 742 2295 et
789 2256 1011 2306 predictum
1061 2255 1311 2293 Gilebertum
1361 2254 1407 2291 (1(-
1455 2254 1642 2302 predictis
1691 2268 1754 2292 xx.
1804 2254 1917 2293 libris
1964 2255 2120 2305 quietos
2167 2270 2251 2296 esse

549 2320 712 2358 saciant.
798 2319 915 2356 Teste
954 2322 998 2355 ut
1037 2331 1170 2366 supra.

661 2434 734 2468 l’ro
784 2445 873 2479 mlv,
932 2433 974 2465 tle
1026 2432 1121 2467 vinis
1170 2428 1578 2466 custmlie›1di.s·.-Rex
1630 2429 1774 2478 majori
1841 2429 1996 2476 Glouc’,
2061 2430 2249 2469 salutem.

548 2494 796 2543 Precipimus
835 2492 906 2530 tibi
945 2492 1049 2542 quod
1088 2492 1183 2529 visis
1222 2491 1368 2529 litteris
1418 2491 1503 2529 istis
1553 2490 1644 2540 eligi
1684 2492 1805 2529 facias
1844 2504 1973 2529 unum
2012 2491 2250 2541 burgensem

546 2558 592 2594 de
645 2555 888 2593 fidelioribus
943 2553 1207 2602 burgensibus
1260 2554 1409 2591 nostris
1463 2553 1621 2597 (Houo’,
1671 2553 1739 2602 (1111
1788 2566 1868 2590 una
1915 2566 2006 2591 cum
2056 2554 2251 2592 serviente

546 2618 791 2656 vicecomitis
830 2619 955 2654 nostri
996 2616 1136 2654 Glouc'
1170 2616 1263 2653 rina
1302 2619 1439 2653 nostra
1478 2614 1588 2652 salvo
1626 2615 1826 2653 custodiat
1866 2615 1905 2652 in
1945 2618 2075 2654 castro
2114 2619 2251 2654 nostro

549 2681 596 2718 de
634 2680 791 2717 Giouc'.
878 2679 993 2716 Teste
1034 2682 1078 2716 ut
1118 2691 1252 2726 supra.

658 2794 735 2828 l'ro
772 2793 935 2828 mem-«la
975 2793 1015 2827 «lc
1051 2790 1413 2827 &amanen—Rex
1452 2788 1749 2827 constabulario
1781 2790 1828 2827 de
1864 2790 2012 2828 Sancto
2033 2791 2249 2845 Briavellq

549 2855 733 2893 salutem.
787 2854 889 2900 Quia
922 2853 1136 2891 didicimus
1170 2852 1274 2901 quod
1310 2852 1504 2890 Ricardus
1531 2851 1578 2889 de
1609 2851 1827 2890 Staunton'
1853 2852 1900 2890 de
1926 2853 2013 2902 jure
2044 2853 2252 2892 consuevit

548 2917 693 2955 habere
755 2928 894 2954 omnes
954 2928 1097 2963 ceppos
1154 2915 1353 2952 iustorum
1409 2916 1701 2962 prostratorum
1767 2913 1808 2951 in
1878 2913 2014 2952 baillia
2079 2915 2249 2964 quietos,

547 2983 755 3028 tamquam
803 2977 1049 3026 pertinentes
1096 2977 1145 3014 ad
1192 2976 1419 3014 libertatem
1460 2989 1572 3013 suam
1619 2989 1741 3025 quam
1790 2975 1911 3014 habet
1958 2976 2000 3013 in
2048 2976 2162 3016 feodo
2210 2977 2251 3014 in

548 3042 697 3080 foresta
734 3044 871 3077 nostra
909 3039 955 3076 (10
996 3040 1145 3077 Sancto
1185 3038 1398 3081 Briavello‚
1440 3050 1564 3086 usque
1600 3038 1649 3075 ad
1689 3042 1849 3086 tempus
1882 3051 1960 3087 quo
1994 3039 2173 3087 Rogerus
2205 3039 2252 3077 (10

548 3103 724 3143 Clifford’
781 3101 922 3139 habuit
980 3101 1204 3139 custodiam
1273 3101 1449 3150 predicte
1509 3100 1653 3138 foreste
1710 3103 1846 3138 nostre
1903 3101 1969 3150 qui
2026 3101 2251 3150 predictum

551 3166 766 3204 Ricardum
826 3164 954 3213 coegit
1015 3163 1185 3212 singulis
1253 3163 1491 3212 septimanis
1553 3163 1647 3200 dare
1709 3175 1779 3211 pro
1844 3162 1979 3211 ceppis
2041 3163 2122 3201 illis
2184 3176 2251 3201 sex

548 3227 742 3271 denarios,
783 3225 1053 3264 concessimus
1093 3225 1221 3263 eidem
1271 3225 1442 3264 Ricardo
1488 3225 1593 3273 quod
1641 3225 1688 3262 de
1737 3226 1867 3262 cetero
1915 3223 2062 3262 habeat
2110 3237 2253 3274 ceppos

547 3290 744 3340 predictos
795 3288 949 3337 quietos
997 3287 1083 3325 sine
1132 3287 1263 3335 precio
1313 3287 1459 3336 aliquo,
1514 3286 1618 3324 sicut
1666 3286 1771 3324 idem
1826 3286 2020 3324 Ricardus
2073 3290 2112 3325 et
2164 3300 2250 3336 pre-

548 3353 770 3390 decessores
808 3349 869 3388 sui
908 3349 1060 3387 baillivi
1100 3348 1226 3387 nostri
1265 3349 1311 3386 (10
1346 3348 1492 3386 foresta
1526 3347 1703 3397 predicta
1742 3347 1831 3385 illos
1865 3346 2093 3389 habuerunt
2125 3361 2250 3402 usque
