2375 3587
170 298 316 347 1235.

159 367 219 406 [m.
240 365 334 406 isa]

1048 175 1101 215 19
1143 171 1350 214 HENRY
1391 171 1475 213 III.
2033 166 2114 208 165

414 379 558 405 navem
615 369 661 407 de
717 372 835 418 portu
892 382 964 408 suo
1019 382 1188 408 vacuam
1246 369 1365 413 exire,
1415 366 1537 405 libere
1584 366 1690 404 exire
1737 364 1988 414 permittant,
2044 375 2117 401 nec

410 429 646 480 hujusmodi
692 444 813 470 naves
860 431 1085 481 piscaritias
1131 431 1312 470 decetero
1354 431 1532 468 arestent
1570 428 1648 466 nisi
1688 427 1797 466 aliud
1834 439 1857 464 a
1896 437 1985 474 rege
2023 424 2116 462 inde

412 491 627 531 habuerint
666 493 921 532 mandatum.
1007 493 1123 532 Teste
1161 495 1205 531 ut
1244 504 1377 541 supra.

520 562 676 601 Eodem
713 564 832 602 modo
869 563 1109 602 mandatum
1148 566 1209 601 est
1247 559 1552 601 vicecomitibus
1591 559 1737 598 Lond’.

523 659 663 695 Frater
699 659 920 697 Jolzamzes*

516 755 753 792 Middelsar'.
771 780 797 782 —
813 754 1054 793 Mandatum
1084 758 1143 793 est
1168 753 1391 793 vicecomiti
1419 750 1653 790 Middelsex'
1676 749 1781 799 quod
1808 747 2114 797 utlagationem,

408 828 484 865 que
512 816 806 865 promulganda
834 819 894 855 est
928 817 970 855 in
1001 817 1198 856 comitatu
1232 829 1304 855 suo
1337 815 1380 852 in
1410 814 1636 853 Walterum
1666 812 1702 849 le
1732 810 1881 849 Waleis
1911 809 2118 848 occasione

409 877 557 927 appelli
596 878 702 927 quod
751 878 928 917 Thomas
984 879 1031 917 de
1089 878 1253 927 Basing'
1303 875 1400 915 facit
1446 887 1585 913 versus
1632 885 1725 911 eum
1764 872 1811 910 de
1868 883 1964 920 pace
2016 869 2118 919 regis

409 939 549 986 fracta,
590 942 714 989 ponat
756 940 797 978 in
846 943 1071 990 respectum
1119 953 1246 989 usque
1293 939 1343 977 ad
1391 938 1611 976 adventum
1659 933 1976 986 justiciariorum
2016 932 2118 982 regis

408 1001 458 1039 ad
495 1004 627 1051 partes
660 1001 764 1040 illas.
824 1002 939 1041 Teste
968 1015 1058 1052 rege
1087 1002 1192 1052 apud
1222 998 1644 1044 Westmonasterium,
1675 996 1774 1047 xxij.
1804 995 1867 1033 die
1897 993 2117 1033 Februarii.

410 1063 487 1102 Per
525 1065 573 1102 G.
613 1064 661 1102 de
699 1063 954 1103 Craucumb’.

518 1150 866 1198 Nor·l1t'.-—Elena‚
915 1164 991 1201 que
1038 1150 1116 1189 fuit
1165 1162 1264 1188 uxor
1320 1147 1485 1187 Roberti
1532 1147 1580 1185 de
1627 1144 1861 1196 Wyntonia‚
1898 1142 2120 1182 attornavit

411 1212 635 1251 Walterum
684 1213 732 1251 de
785 1212 903 1251 Ware
951 1225 1089 1251 versus
1132 1212 1323 1250 Rich’um
1371 1208 1646 1248 Malebranch’
1681 1210 1887 1246 tenentem
1921 1205 1969 1243 de
2003 1204 2121 1242 tertia

410 1278 522 1323 parte
570 1274 691 1313 unius
737 1274 933 1325 mesuagii
971 1287 1064 1314 cum
1102 1272 1360 1324 pertinentiis
1398 1272 1440 1309 in
1480 1270 1639 1309 Norht'.
1709 1269 1828 1307 Teste
1876 1279 1966 1316 rege
2013 1266 2120 1316 apud

412 1336 831 1383 Westmonasterium,
871 1336 969 1387 xxij,
1010 1336 1073 1374 die
1111 1335 1334 1374 Februarii.

522 1423 910 1462 Linc’.—Henricus
957 1422 1080 1461 abbas
1128 1422 1176 1460 de
1228 1422 1356 1460 Becco
1412 1418 1634 1458 Herlewini
1691 1415 1915 1455 attornavit
1954 1415 2120 1453 fratrem

413 1485 580 1523 Petrum
633 1485 807 1534 priorem
865 1485 913 1523 de
970 1484 1182 1535 Wyliford'
1239 1495 1378 1522 versus
1435 1482 1655 1530 Hugonem-
1711 1478 1844 1516 filium
1911 1475 2120 1521 Gileberti‚

411 1550 631 1596 petentem,
668 1549 707 1585 et
744 1547 970 1596 predictum
1009 1545 1182 1596 priorem
1221 1547 1428 1583 tenentem
1467 1543 1515 1581 de
1554 1540 1709 1580 duabus
1747 1538 1905 1578 bovatis
1943 1540 2045 1576 terre
2081 1540 2121 1575 et

412 1609 580 1647 dimidia
611 1611 650 1647 et
683 1608 838 1647 duabus
869 1607 1051 1658 partibus
1080 1607 1202 1645 unius
1233 1606 1356 1645 thofti
1389 1617 1482 1644 cum
1513 1602 1769 1653 pertinentiis
1803 1601 1845 1638 in
1876 1600 2120 1646 Anescastr',

414 1671 520 1709 unde
557 1671 665 1709 idem
710 1671 818 1721 prior
864 1670 1022 1709 vocavit
1069 1670 1119 1708 ad
1165 1672 1393 1708 warantum
1444 1666 1670 1717 predictum
1718 1662 1919 1702 abbatem.
2006 1661 2122 1700 Teste

414 1736 460 1772 ut
498 1746 632 1783 supra.

525 1821 885 1871 Hybernia.--Rex
922 1820 1068 1859 dilecto
1107 1822 1145 1858 et
1179 1818 1289 1857 fideli
1327 1831 1399 1857 suo
1434 1815 1631 1855 Mauricio
1665 1814 1749 1853 filio
1788 1812 1965 1858 Geroldi‚
2006 1811 2120 1863 justi-

416 1883 539 1922 ciario
589 1896 660 1921 suo
710 1882 930 1934 Hybernie,
981 1882 1168 1921 salutem.
1252 1879 1475 1919 Laudabile
1528 1877 1739 1917 servitium
1784 1877 1978 1921 vestrum,
2017 1873 2123 1923 quod

417 1945 532 1984 nobis
570 1945 741 1985 fideliter
777 1945 1034 1995 impendistis
1073 1944 1178 1983 sicut
1216 1956 1263 1982 ex
1302 1955 1469 1992 operum
1508 1941 1607 1980 satis
1645 1941 1756 1989 patet
1795 1937 1954 1983 effectu,
1986 1936 2122 1974 multi-

417 2007 512 2058 plici
549 2010 834 2057 prosequentes
886 2007 1109 2057 gratiarum
1161 2005 1332 2051 actione,
1382 2016 1572 2054 rogamus
1611 2000 1808 2040 attentius
1855 1999 2047 2049 quatinus
2084 1997 2124 2035 id

416 2070 523 2108 idem
562 2070 798 2108 continuare
833 2072 872 2108 et
907 2069 957 2107 ad
991 2068 1334 2119 tranquillitatem
1367 2070 1471 2105 terre
1504 2067 1641 2104 nostre
1672 2061 1879 2113 Hybernie
1912 2059 2125 2099 efficaciter

416 2132 596 2171 laborare
643 2131 790 2171 velitis.
872 2131 929 2171 Et
966 2132 1062 2181 quia
1100 2130 1268 2169 diversis
1306 2140 1552 2178 occupamur
1599 2124 1772 2176 negotiis
1820 2136 1897 2174 que
1935 2125 2124 2171 sumptus

416 2194 635 2233 mediocres
681 2193 918 2243 deposcunt,
960 2192 1073 2232 vobis
1112 2191 1355 2230 mandamus
1393 2191 1582 2240 rogantes
1620 2187 1813 2237 quatinus
1851 2185 1901 2223 ad
1939 2183 2125 2222 denarios

416 2256 704 2306 perquirendos
743 2256 790 2294 de
829 2256 909 2294 fine
949 2255 1085 2294 dilecti
1125 2258 1164 2293 et
1203 2254 1334 2292 fidelis
1373 2252 1501 2291 nostri
1541 2249 1702 2290 Ricardi
1741 2249 1788 2287 de
1826 2249 1961 2296 Burgo
1999 2248 2038 2285 et
2077 2246 2125 2284 de

416 2318 567 2357 finibus
616 2318 792 2365 illorum,
841 2318 910 2368 qui
958 2317 1065 2367 capti
1115 2317 1279 2355 fuerunt
1328 2316 1370 2353 in
1420 2314 1524 2353 bello
1576 2311 1783 2363 Hybernie
1839 2312 1980 2349 contra
2036 2320 2122 2355 nos,

417 2393 619 2419 summam
670 2380 925 2430 diligentiam
989 2378 1228 2418 adhibeatis.
1305 2377 1366 2415 Ad
1417 2377 1506 2422 hoc,
1558 2387 1650 2414 cum
1688 2373 1873 2413 Videatur
1920 2370 2037 2409 nobis
2086 2375 2125 2408 et

417 2443 587 2482 consilio
625 2445 762 2481 nostro
800 2443 906 2492 quod
943 2443 1078 2493 majus
1117 2440 1376 2480 commodum
1424 2438 1539 2478 nobis
1589 2438 1786 2476 accrescet
1833 2432 2124 2473 committendo

418 2505 467 2544 ad
531 2504 694 2542 firmam
758 2504 962 2543 dominica
1027 2506 1165 2542 nostra
1229 2501 1435 2552 Hybernie
1499 2512 1622 2551 quam
1688 2498 1730 2536 in
1796 2508 1922 2534 manu
1987 2497 2126 2533 nostra

419 2567 615 2612 tenendo;
655 2566 768 2606 vobis
799 2567 1044 2605 mandamus
1075 2566 1181 2616 quod
1216 2563 1446 2603 manerium
1475 2563 1523 2601 de
1558 2562 1671 2600 Novo
1706 2559 1862 2603 Castro,
1895 2557 2123 2596 manerium

418 2629 466 2668 de
501 2629 664 2678 Capella
697 2628 841 2676 Isolde,
880 2629 1088 2668 civitatem
1127 2626 1326 2678 Lymeric'
1368 2638 1460 2665 cum
1509 2623 1680 2674 piscaria
1718 2621 1900 2672 ejusdem
1934 2618 2122 2664 civitatis,

419 2694 458 2731 et
495 2690 633 2730 omnia
669 2691 748 2729 alia
786 2691 992 2730 dominica
1029 2693 1169 2729 nostra
1207 2693 1310 2728 terre
1349 2690 1486 2727 nostre
1524 2685 1747 2737 Hybernie‚
1788 2695 1857 2733 per
1908 2681 2124 2721 consilium

418 2751 658 2793 venerabilis
707 2752 833 2803 patris
883 2753 931 2791 L.
982 2751 1248 2800 Dublinensis
1297 2748 1588 2799 archiepiscopi
1632 2749 1672 2785 et
1722 2744 1859 2784 dilecti
1907 2746 1947 2783 et
1995 2742 2125 2780 fidelis

419 2815 546 2855 nostri
582 2815 631 2853 G.
671 2815 718 2853 de
752 2815 919 2853 Turvill’
953 2813 1228 2854 archidiaconi
1266 2811 1545 2857 Dublinensis‚
1586 2810 1690 2848 sicut
1728 2807 1874 2846 melius
1912 2808 1951 2844 et
1995 2804 2125 2843 carius

419 2877 615 2929 poteritis,
655 2878 705 2915 ad
743 2878 904 2915 firmam
939 2876 1172 2915 dimittatis.
1250 2875 1353 2922 Quia
1391 2874 1514 2912 etiam
1554 2871 1779 2922 plurimum
1811 2867 1971 2918 expedit
2009 2865 2124 2904 nobis

420 2940 526 2991 quod
563 2942 695 2978 castra
728 2942 866 2978 nostra
900 2938 1106 2988 Hybernie
1140 2938 1189 2976 ad
1223 2937 1402 2975 minores
1437 2937 1625 2984 sumptus
1654 2931 1948 2974 custodiantur,
1979 2927 2124 2977 quibus

421 3006 531 3043 salvo
590 3002 749 3053 possint
804 3001 1023 3047 custodiri3
1095 3000 1207 3038 vobis
1264 2999 1508 3037 mandamus
1564 2996 1669 3046 quod
1726 2994 1840 3031 feoda
1903 2994 2125 3029 castrorum

421 3067 693 3116 predictorum
726 3063 922 3101 minuatis
957 3066 995 3101 et
1028 3061 1309 3108 amensuretis,
1345 3059 1639 3099 committendo
1674 3055 1835 3105 singula
1865 3051 2126 3091 custodienda

420 3141 490 3178 per
563 3129 714 3166 certam
788 3137 992 3163 summam
1066 3123 1259 3173 peccunie
1333 3122 1556 3161 secundum
1626 3116 1873 3166 exigentiam
1948 3112 2126 3151 custodie

420 3190 688 3240 singulorum,
764 3186 868 3225 sicut
941 3185 1148 3225 comodius
1230 3184 1316 3223 fieri
1390 3182 1552 3233 poterit.
1647 3178 1761 3226 Quod
1842 3175 2004 3225 quidem
2084 3173 2125 3211 id

510 3286 524 3301 *
539 3284 648 3316 These
669 3283 778 3315 words
800 3281 962 3324 probably
977 3282 1065 3314 refer
1081 3285 1116 3313 to
1133 3281 1191 3313 the
1207 3280 1356 3320 drawing
1371 3279 1407 3310 of
1424 3290 1444 3310 a
1459 3276 1543 3310 head
1559 3275 1671 3307 which
1694 3282 1833 3314 appears
1856 3269 1961 3302 below
1977 3269 2069 3300 them
2086 3269 2123 3299 in

421 3337 478 3369 the
493 3336 623 3377 margin
639 3335 673 3367 of
687 3334 746 3366 the
759 3333 839 3366 roll.
856 3339 861 3340 ⁷
