2375 3587
218 362 361 410 1236.

218 431 277 469 [m.
300 429 340 459 14
356 430 368 468 ]

233 3215 280 3253 [ni
313 3212 377 3251 13.]

1096 231 1151 271 20
1193 230 1400 271 HENRY
1440 229 1523 271 III.
2076 226 2158 266 259

566 430 720 468 Eodem
778 431 896 469 niodo
952 430 1138 469 scribitur
1194 430 1417 469 vicecomiti
1478 430 1632 467 Wiltes'
1691 428 1795 478 quod
1853 426 1986 464 venire
2040 424 2161 462 faciat

456 504 590 531 coram
640 493 817 531 Waltero
868 493 915 531 de
964 493 1206 542 Langeford’
1258 492 1467 530 viridarios
1519 495 1556 529 et
1604 491 1673 541 xij.
1726 489 1871 527 liberos
1923 491 1962 526 et
2014 486 2161 536 legales

456 552 654 600 homines,
696 558 780 593 tam
829 555 979 594 milites
1026 568 1148 604 quam
1196 555 1309 600 alios,
1356 555 1404 592 ad
1453 553 1671 591 videndum
1720 552 1761 589 in
1809 564 1886 600 quo
1936 553 2045 588 statu
2094 562 2161 586 eas

457 617 653 655 invenerit
697 621 736 655 et
784 618 955 667 qualiter
1003 617 1151 655 fuerint
1209 617 1407 655 custodite
1464 616 1511 653 de
1568 614 1685 652 viridi
1738 617 1776 651 et
1829 613 2068 658 venatione3
2122 615 2161 648 et

456 677 760 727 inquisitionem
800 679 912 717 illam
952 679 1050 718 scire
1090 679 1210 717 faciat
1250 678 1345 728 regi,
1385 680 1460 716 etc.
1502 680 1546 715 ut
1584 689 1717 725 supra.

564 757 766 795 Dominus
805 771 873 795 rex
912 757 1116 796 commisit
1154 757 1283 795 eidem
1319 756 1495 794 Waltero
1529 756 1669 793 domos
1709 766 1801 791 suas
1841 752 1887 791 de
1922 751 2159 791 Clarendon'

456 831 548 856 cum
609 819 769 857 forestis
827 820 1066 857 Clarendon'
1128 824 1166 856 et
1238 819 1467 866 Graveling'
1526 816 1810 855 custodiendas
1872 813 2065 864 quamdiu
2127 813 2162 850 ei

456 881 663 930 placuerit.
740 882 794 920 Et
829 882 1066 920 mandatum
1107 885 1167 919 est
1202 880 1379 918 Henrico
1414 880 1497 917 filio
1533 878 1718 917 Nicholai
1752 877 1857 927 quod
1896 877 2035 914 domos
2073 875 2163 914 illas

457 956 548 982 cum
588 944 775 993 predictis
814 944 972 983 forestis
1012 944 1047 982 ei
1086 943 1240 981 liberet.
1328 943 1445 981 Teste
1486 949 1530 980 ut
1570 954 1704 990 supra.

567 1050 659 1086 lm.
711 1050 765 1086 De
801 1051 896 1086 cinis
921 1051 971 1086 ad
998 1063 1088 1096 opus
1117 1047 1526 1097 reglis—*Mandatum
1558 1049 1618 1084 est
1653 1044 1811 1083 ballivis
1848 1044 2027 1082 Bristoll’
2059 1043 2164 1094 quod

459 1111 505 1148 de
542 1111 646 1149 vinis
695 1111 900 1149 Johannis
948 1110 1164 1160 Langbord
1211 1123 1286 1159 que
1325 1110 1372 1147 de
1421 1122 1523 1147 novo
1572 1111 1770 1146 *venerunt
1821 1107 1926 1156 apud
1981 1106 2162 1145 Bristoll‘

458 1173 552 1221 eligi
600 1173 751 1211 faciant
800 1173 947 1222 viginti
995 1173 1103 1210 dolia
1150 1173 1234 1210 vini
1283 1172 1332 1210 ad
1381 1185 1423 1210 os
1472 1171 1576 1219 regis
1624 1174 1662 1208 et
1710 1182 1755 1207 ea
1804 1169 1966 1207 liberari
2014 1169 2164 1207 faciant

459 1236 755 1274 constabulario
794 1236 974 1274 Bristoll'
1016 1235 1200 1285 ponenda
1249 1234 1289 1272 in
1330 1238 1461 1272 castro
1484 1232 1678 1271 'Eristoll'
1719 1232 1768 1270 ad
1807 1244 1907 1280 opus
1947 1231 2077 1280 regis3
2127 1233 2165 1268 et

459 1298 505 1336 de
543 1298 718 1336 denariis
757 1299 974 1337 eorundem
1014 1297 1202 1336 vinorum
1242 1310 1309 1335 rex
1348 1296 1404 1334 eis
1444 1294 1713 1344 respondebit.
1775 1295 1890 1332 Teste
1929 1306 2019 1343 rege
2059 1293 2163 1342 apud

461 1360 654 1407 Windes’,
696 1362 777 1412 xxj.
819 1362 880 1399 die
920 1360 1084 1410 Aprilis.

570 1466 648 1501 1ἰό
697 1467 816 1502 Αἷῐηα
864 1479 929 1514 que
977 1466 1050 1505 fnit
1101 1478 1194 1501 1110)·
1247 1464 1427 1500 willelmi
1465 1460 1917 1499 sicema—Mandatum
1968 1463 2027 1498 est
2074 1471 2165 1498 con-

462 1526 680 1564 stabulario
719 1527 764 1564 de
804 1529 952 1564 Sancto
991 1525 1193 1564 Briavello
1232 1525 1337 1574 quod
1377 1525 1423 1562 de
1473 1523 1588 1562 terris
1636 1536 1710 1571 que
1759 1522 1924 1560 fuerunt
1974 1521 2168 1560 Willehni

462 1589 626 1634 Avenel,
666 1601 741 1638 que
780 1592 876 1626 sunt
914 1589 955 1625 in
995 1587 1178 1626 custodia
1217 1600 1301 1632 sua,
1358 1586 1443 1624 sine
1477 1586 1670 1623 dilatione
1706 1584 1827 1621 faciat
1862 1583 2007 1621 habere
2051 1584 2168 1621 Aline

461 1664 536 1700 que
584 1651 661 1689 fuit
709 1663 808 1687 uxor
864 1651 990 1699 ipsius
1048 1649 1242 1687 Willelnii
1301 1647 1583 1686 rationabilem
1639 1646 1774 1684 dotem
1833 1658 1947 1683 suam
1996 1658 2072 1695 que
2120 1646 2168 1684 ad

461 1726 549 1750 eain
589 1713 762 1762 pertinet
801 1713 847 1750 de
887 1712 1037 1750 eisdem
1087 1711 1216 1750 terris.
1296 1711 1413 1748 Teste
1462 1723 1552 1759 rege
1599 1708 1704 1758 apud
1745 1707 1939 1754 Wffldes’,
1981 1708 2064 1758 xxj.
2096 1702 2169 1746 ’(116

462 1775 624 1824 Aprilis.

572 1854 726 1892 Eodem
775 1854 894 1891 modo
953 1852 1142 1891 scribitur
1200 1851 1376 1890 Roberto
1435 1849 1643 1888 Fromund
1707 1852 1745 1886 et
1805 1848 1923 1886 sociis
1985 1848 2067 1886 suis
2129 1848 2170 1885 in

464 1916 659 1954 comitatu
705 1916 925 1965 wigornie.

574 1995 676 2042 Quia
724 2009 790 2034 rex
839 1995 992 2044 accepit
1040 2007 1108 2044 per
1155 1994 1461 2044 inquisitionem
1510 1995 1601 2037 etc,
1651 1992 1756 2041 quod
1805 1991 1933 2030 Alicia
1980 2004 2056 2041 que
2096 1990 2173 2029 fuit

465 2071 565 2096 uxor
613 2058 807 2097 Willehni
854 2057 1044 2107 Wipetail
1093 2057 1269 2106 appellat
1314 2055 1555 2093 Michaelein
1604 2054 1639 2092 16
1688 2054 1836 2101 Tanur,
1898 2053 2080 2092 Arnewiz
2129 2053 2175 2091 de

466 2122 687 2167 Lancastr',
745 2120 968 2158 Henricum
1014 2120 1049 2157 le
1109 2119 1283 2164 Tui-nur,
1344 2116 1560 2156 Osbertum
1622 2116 1785 2154 Rufl'uni
1834 2119 1873 2154 et
1921 2115 2172 2154 Willelnium

467 2182 599 2221 filium
640 2182 830 2229 Ascelini‚
872 2185 1010 2231 captos
1050 2186 1089 2220 et
1129 2182 1312 2219 detentos
1353 2180 1392 2217 in
1434 2179 1598 2229 prisona
1636 2179 1740 2228 regis
1778 2179 1825 2217 de
1865 2178 2087 2224 Hertford’,
2128 2178 2174 2215 de

467 2248 594 2283 morte
642 2245 811 2294 predicti
859 2244 1051 2283 Willehni
1101 2243 1303 2293 quondam
1344 2242 1418 2280 viri
1469 2241 1530 2279 sui
1579 2241 1669 2279 odio
1717 2246 1755 2279 et
1795 2241 1877 2279 atia
1923 2244 1961 2278 et
2010 2252 2091 2278 non
2130 2252 2175 2278 60

467 2308 572 2356 quod
611 2307 702 2344 inde
741 2306 960 2356 culpabiles
1000 2306 1107 2351 sint3
1158 2304 1398 2342 mandatum
1438 2307 1498 2341 est
1546 2302 1773 2341 vicecomiti
1814 2303 1955 2340 Essex'
1996 2302 2101 2351 quod
2142 2302 2174 2339 si

469 2369 618 2418 singuli
657 2382 793 2407 eorum
834 2368 1061 2406 invenerint
1100 2367 1133 2405 ei
1174 2367 1242 2417 xij.
1284 2365 1428 2415 probos
1476 2369 1514 2402 et
1553 2364 1701 2413 legales
1752 2364 1937 2402 homines
1975 2371 2067 2409 etc„
2108 2364 2175 2412 qui

469 2432 757 2481 manucapient
816 2444 881 2469 eos
958 2430 1103 2468 habere
1153 2442 1286 2468 coram
1335 2427 1570 2479 justiciariis
1628 2427 1730 2477 regis
1779 2430 1854 2465 etc.
1904 2426 1952 2464 ad
2001 2426 2174 2475 primam

470 2494 639 2532 assisam
692 2498 782 2538 etc„
848 2496 945 2531 tunc
985 2505 1051 2530 eos
1103 2492 1236 2530 tradat
1295 2490 1336 2527 in
1395 2489 1563 2527 ballium
1614 2492 1687 2527 etc.
1748 2489 1864 2527 Teste
1925 2501 2014 2537 rege
2071 2487 2176 2537 apud

471 2556 688 2607 Kenyton,'
737 2555 850 2605 xxiij.
891 2555 952 2593 die
987 2554 1151 2604 Aprilis.

580 2662 799 2698 Libet-tates.
859 2660 938 2696 Pro
973 2660 1103 2707 priore
1141 2660 1183 2695 de
1221 2659 1367 2706 Alagma
1406 2654 1941 2694 Malrernia.-Mandatum
1976 2656 2035 2691 est
2074 2653 2174 2691 vice-

470 2723 605 2761 comiti
635 2722 776 2760 Glouc‘
813 2720 984 2759 firmiter
1010 2720 1260 2770 injungendo
1291 2723 1365 2758 etc.
1396 2718 1501 2768 quod
1529 2720 1684 2756 cartam
1717 2717 1821 2766 regis
1848 2717 1894 2754 de
1925 2715 2178 2754 libertatibus

472 2784 668 2823 concessis
721 2783 856 2822 abbati
904 2786 943 2821 et
998 2782 1207 2820 monachis
1265 2778 1770 2819 Westmonasteriensibus
1828 2782 1867 2816 et
1926 2778 2036 2816 cellis
2095 2778 2177 2815 suis

472 2848 642 2885 firmiter
698 2847 738 2884 in
796 2845 944 2883 balliva
1002 2858 1074 2883 sua
1131 2844 1257 2883 teneri
1316 2843 1455 2888 faciat;
1510 2842 1567 2880 ita
1623 2841 1729 2891 quod
1781 2844 1921 2879 contra
1970 2839 2177 2878 libertates

473 2909 670 2958 predictas
699 2921 798 2958 quas
826 2920 892 2944 rex
922 2906 1145 2945 concessit*
1177 2904 1367 2944 omnibus
1396 2904 1506 2943 cellis
1537 2903 1619 2941 suis
1647 2916 1729 2940 non
1758 2902 1975 2951 distringat
2006 2902 2176 2950 priorem

472 2972 519 3008 de
553 2971 703 3019 Magna
738 2969 973 3014 Malvernia‚
1017 2982 1092 3018 que
1123 2971 1183 3006 est
1224 2980 1306 3005 una
1335 2967 1383 3004 de
1422 2966 1532 3004 cellis
1574 2965 1669 3010 suis,
1702 2964 1764 3002 vel
1794 2963 1980 3001 homines
2011 2976 2103 3000 suos
2138 2964 2176 2999 in

472 3032 621 3070 balliva
664 3045 734 3069 sua
773 3032 821 3069 ad
861 3031 1088 3068 faciendam
1137 3034 1288 3068 sectam
1342 3029 1390 3066 ad
1444 3027 1684 3066 comitatum
1743 3029 1782 3064 et
1828 3025 2083 3063 hundredum
2132 3025 2179 3062 de

474 3107 551 3144 qua
585 3093 853 3144 quietanciam
888 3092 1039 3130 habent
1079 3105 1146 3141 per
1180 3094 1330 3130 cartam
1369 3090 1605 3139 predictam.
1682 3090 1801 3126 Teste
1841 3100 1930 3136 rege
1963 3090 2007 3124 ut
2048 3100 2179 3135 supra.

588 3203 638 3238 Μ’
682 3202 951 3248 [wi-donatimze
979 3202 1090 3247 facta
1132 3200 1301 3236 Henrieo
1341 3200 1384 3234 ‹Ie
1426 3195 1803 3233 Tr·eaeblz*i·ill'.—Rex
1842 3193 2057 3230 baronibus
2097 3193 2179 3230 suis

476 3263 660 3300 salutem.
749 3261 894 3299 Sciatis
932 3261 1037 3309 quod
1075 3260 1386 3310 perdonavimus
1424 3258 1569 3295 dilecto
1607 3260 1646 3294 et
1685 3255 1792 3293 fideli
1830 3259 1967 3291 nostro
2007 3254 2181 3292 Heni-ico

477 3325 524 3362 de
575 3322 824 3368 Tmblevssl’,
879 3322 1097 3360 senescallo
1161 3326 1300 3360 nostro
1358 3318 1583 3364 Wasconie,
1641 3317 1835 3355 ducentas
1893 3328 2049 3353 marcas
2106 3328 2181 3364 que

1071 3417 1270 3448 *concessit
1302 3415 1482 3450 concessit,
1515 3414 1584 3444 MS.
