2375 3587
170 380 314 426 1236.

167 448 226 487 [ω.
246 447 312 486 17.]

1045 249 1100 289 20
1136 246 1219 287 HE
1227 246 1342 286 NRY
1383 246 1465 286 III.
2033 243 2113 282 241

406 453 508 490 illud
548 452 668 489 fuerit
708 451 757 488 ad
796 451 1087 488 nocumentum
1144 446 1369 485 vicinorum
1412 447 1694 482 mercatorum.
1771 443 1826 481 Et
1874 441 2112 479 mandatum

404 518 464 553 est
503 513 729 553 vicecomiti
780 512 958 551 Sumers'
999 510 1105 560 quod
1153 508 1379 558 predictum
1428 508 1651 544 mercatum
1695 504 1862 543 clamari
1911 503 2033 541 faciat
2073 503 2113 539 et

407 576 547 621 teneri,
598 575 703 614 sicut
751 573 977 624 predictum
1028 574 1100 610 est.
1172 571 1290 608 Teste
1339 581 1429 618 rege
1478 568 1583 617 apud
1634 566 1890 611 Clarendon’,
1944 564 1997 614 xij
2049 563 2111 600 die

406 637 626 676 Februarii.

515 747 571 782 De
615 743 1046 795 pai-‹quati0ne.—Rex
1085 739 1319 790 perdonavit
1359 736 1593 775 Baldewino
1632 736 1678 773 de
1714 735 1791 773 Ver
1829 736 1917 772 octo
1956 745 2111 770 marcas

407 821 483 858 que
517 807 566 846 ab
604 821 649 847 eo
685 807 906 857 exiguntur
949 818 1018 855 per
1065 802 1427 841 summonitionem
1479 798 1677 837 Scaccarii
1718 797 1822 846 regis
1861 796 1908 833 de
1947 795 2112 844 prestito

409 870 564 908 Wallie.
642 871 698 908 Et
736 869 975 907 mandatum
1014 869 1074 904 est
1115 863 1333 902 baronibus
1371 862 1419 900 de
1452 860 1659 900 Scaccario
1697 859 1802 909 quod
1837 859 1883 896 de
1923 857 2111 906 predictis

406 935 497 971 octo
535 933 680 971 marcis
719 931 945 982 predictum
983 927 1264 966 Baldewinum
1299 924 1482 974 quietum
1515 935 1599 960 esse
1634 922 1799 960 faciant.
1873 920 1988 958 Teste
2023 931 2111 967 rege

407 995 514 1044 apud
555 995 812 1040 Clarendon’,
853 993 940 1043 xiij.
977 991 1040 1030 die
1079 988 1302 1028 Februarii.

516 1103 600 1142 Rex
638 1101 874 1152 perdonavit
913 1100 1066 1138 Thome
1105 1096 1251 1136 Daniel
1289 1094 1358 1145 qui
1396 1092 1518 1132 habet
1557 1092 1599 1130 in
1639 1103 1804 1130 uxorem
1848 1090 2025 1128 Isoldam
2066 1089 2113 1127 de

408 1165 729 1204 Kidereministr'
780 1176 856 1213 que
899 1162 977 1199 fuit
1028 1174 1121 1199 cum
1169 1156 1439 1207 imperatrice,
1490 1168 1621 1194 sorore
1678 1153 1794 1203 regis,
1845 1151 2114 1202 quadraginta

408 1228 556 1267 solidos
594 1240 663 1277 per
700 1239 797 1276 quos
836 1225 959 1262 finem
1000 1223 1094 1261 fecit
1133 1234 1225 1261 cum
1266 1232 1355 1268 rege
1398 1231 1469 1268 pro
1507 1216 1762 1255 misericodia
1801 1228 1873 1253 sua
1911 1214 1952 1251 in
1991 1226 2111 1264 quam

407 1290 550 1328 incidit
588 1302 722 1328 coram
757 1286 991 1339 justiciariis
1032 1285 1136 1334 regis
1175 1280 1462 1322 itinerantibus
1501 1279 1607 1329 apud
1645 1278 1812 1317 Wilton'
1846 1289 1917 1326 pro
1951 1275 2115 1314 licentia

408 1351 692 1391 concordandi.
769 1350 825 1388 Et
863 1348 1103 1387 mandatum
1144 1349 1204 1385 est
1238 1343 1427 1394 predictis
1461 1340 1696 1393 justiciariis
1742 1340 1848 1390 quod
1887 1338 2114 1388 predictum

410 1415 610 1454 Thomam
644 1414 691 1452 de
722 1411 910 1462 predictis
940 1410 994 1448 xl.
1031 1409 1168 1448 solidis
1198 1407 1379 1458 quietum
1413 1418 1498 1443 esse
1530 1404 1696 1443 faciant.
1756 1403 1873 1441 Teste
1904 1404 1947 1440 ut
1978 1413 2112 1450 supra.

518 1525 574 1561 De
610 1524 732 1560 robore
763 1518 1163 1558 data—Mandatum
1198 1519 1257 1554 est
1288 1513 1444 1554 custodi
1474 1513 1619 1551 foreste
1652 1512 1699 1550 de
1736 1509 1975 1550 Clarendon'
2011 1508 2116 1558 quod

408 1587 531 1625 faciat
577 1584 722 1623 habere
764 1582 915 1621 recluse
952 1582 999 1619 de
1038 1579 1238 1618 Bretford‘
1290 1589 1418 1615 unum
1467 1575 1588 1613 robur
1635 1574 1684 1612 ad
1732 1574 1867 1611 focum
1917 1583 2034 1609 suum
2074 1571 2115 1608 in

410 1650 557 1688 foresta
588 1646 779 1697 predicta,
821 1644 868 1682 de
902 1644 1007 1682 dono
1046 1642 1161 1691 regis.
1220 1640 1338 1678 Teste
1373 1642 1417 1676 ut
1456 1650 1589 1687 supra.

519 1757 575 1793 De
613 1755 815 1804 quercubus
848 1749 1263 1789 datia—Mandatum
1302 1750 1363 1785 est
1401 1745 1557 1785 custodi
1596 1744 1743 1782 foreste
1782 1742 1828 1780 de
1862 1741 2117 1790 Gillingham

412 1819 519 1870 quod
567 1817 689 1856 faciat
737 1814 884 1854 habere
931 1812 1107 1851 Roberto
1153 1812 1201 1849 de
1249 1810 1459 1859 Mucegros
1507 1808 1606 1845 duas
1662 1805 1787 1844 bonas
1848 1816 2017 1853 quercus
2078 1803 2119 1840 in

412 1882 562 1921 balliva
600 1892 672 1918 sua
711 1879 758 1917 ad
799 1876 1029 1916 faciendum
1068 1875 1168 1912 duas
1216 1875 1396 1922 gutteras
1443 1871 1485 1908 in
1533 1869 1707 1920 quodam
1746 1867 1899 1906 vivario
1948 1878 2032 1912 suo,
2072 1865 2120 1903 de

412 1946 518 1984 dono
557 1943 674 1993 regis.
751 1941 869 1979 Teste
908 1952 998 1989 rege
1037 1938 1144 1987 apud
1182 1933 1523 1985 Luttegareshal',
1564 1945 1628 1970 xv.
1669 1930 1733 1969 die
1771 1928 1992 1968 Februarii.

519 2051 576 2087 De
613 2049 814 2098 quercubus
845 2044 1122 2093 prosternendis
1160 2043 1210 2078 ad
1261 2054 1351 2088 opus
1398 2035 1806 2087 regns—Mandatum
1857 2037 1917 2072 est
1961 2032 2120 2071 custodi

413 2114 559 2152 foreste
597 2111 645 2149 de
684 2108 923 2148 Clarendon’
963 2105 1069 2156 quod
1112 2103 1312 2153 prosterni
1359 2100 1482 2139 faciat
1529 2098 1675 2148 viginti
1723 2100 1762 2135 et
1810 2099 1964 2146 septem
2014 2095 2122 2132 fusta

412 2178 452 2215 in
501 2175 649 2215 foresta
695 2172 873 2223 predicta
920 2174 958 2208 et
1007 2167 1153 2217 viginti
1202 2166 1312 2204 fusta
1359 2164 1401 2201 in
1446 2163 1594 2200 foresta
1642 2160 1745 2210 regis
1797 2160 1844 2197 de
1892 2158 2031 2196 Milcet
2072 2157 2121 2195 ad

412 2238 664 2289 operationes
721 2234 823 2284 regis
880 2232 986 2282 apud
1036 2229 1271 2270 Clarendon'
1324 2225 1550 2269 faciendas3
1610 2226 1648 2261 et
1692 2223 1802 2260 fusta
1859 2222 1928 2259 illa
1975 2219 2121 2258 habere

413 2302 535 2341 faciat
573 2297 807 2339 custodibus
846 2294 1117 2345 predictarum
1156 2290 1452 2340 operationum.
1525 2286 1644 2324 Teste
1682 2298 1772 2334 rege
1811 2286 1856 2322 ut
1895 2295 2029 2332 supra.

525 2406 603 2442 Pro
670 2403 839 2440 Henrico
904 2401 946 2436 de
1013 2391 1545 2434 Trubleviw.—Mandatum
1602 2392 1663 2427 est
1719 2385 2018 2426 constabulario
2075 2386 2122 2423 de

415 2466 632 2506 Porecestr'
680 2464 786 2514 quod
834 2463 875 2499 in
924 2462 1073 2499 foresta
1119 2458 1166 2496 de
1216 2456 1431 2494 Porecestr’
1480 2452 1602 2490 faciat
1651 2450 1798 2489 habere
1850 2447 2027 2486 Henrico
2075 2448 2122 2486 de

416 2528 661 2573 Trublevill'‚
707 2524 926 2564 senescallo
970 2520 1192 2566 Wasconie‚
1232 2516 1502 2568 quadraginta
1544 2526 1713 2563 quercus
1761 2512 1810 2550 ad
1858 2510 2122 2548 maeremium

415 2593 508 2631 inde
560 2589 792 2629 faciendum
845 2590 885 2625 et
941 2583 1170 2623 ducendum
1228 2592 1353 2630 usque
1410 2578 1451 2615 in
1511 2576 1686 2621 Insulas,
1739 2575 1786 2612 de
1841 2574 1946 2612 dono
2002 2572 2121 2621 regis.

416 2656 533 2695 Teste
571 2657 617 2692 ut
655 2664 788 2701 supra.

524 2726 610 2764 Rex
656 2721 859 2761 commisit
908 2718 1085 2757 Henrico
1132 2716 1179 2754 de
1228 2711 1460 2752 Trublevill’
1500 2710 1640 2748 domos
1689 2707 1791 2757 regis
1830 2707 1877 2744 de
1924 2705 2121 2743 Portesm'

416 2786 697 2829 custodiendas
735 2782 930 2834 quamdiu
969 2780 1051 2829 regi
1093 2777 1303 2828 placuerit.
1379 2774 1436 2812 Et
1483 2772 1724 2810 mandatum
1772 2771 1832 2807 est
1880 2767 2039 2806 ballivis
2077 2767 2124 2805 de

415 2852 609 2891 Portesm'
648 2848 754 2898 quod
791 2845 918 2884 eidem
960 2842 1138 2881 Henrico
1186 2840 1233 2878 de
1271 2837 1457 2876 domibus
1505 2834 1695 2884 predictis
1742 2832 1903 2882 plenam
1947 2830 2121 2869 sesinam

416 2914 562 2953 habere
600 2911 764 2950 faciant.
841 2908 960 2945 Teste
998 2907 1044 2943 ut
1083 2916 1217 2953 supra.

525 3019 602 3055 Pro
642 3016 804 3062 Huymne
842 3009 1147 3060 Payuel.-Rex
1184 3004 1380 3045 concessit
1427 3000 1593 3050 Hugoni
1642 2997 1782 3036 Painel
1820 2996 1926 3047 quod
1964 2995 2005 3032 in
2046 2995 2119 3032 hac

416 3077 724 3131 quadragesima
762 3076 895 3113 currat
933 3072 982 3110 ad
1020 3070 1161 3120 vulpes
1200 3069 1241 3106 in
1281 3078 1470 3105 warenna
1508 3063 1555 3101 de
1595 3060 1711 3099 Gorf’.
1785 3058 1840 3096 Et
1877 3057 2119 3095 mandatum

418 3146 479 3181 est
525 3136 824 3180 constabulario
871 3135 918 3173 de
967 3133 1070 3171 Corf’
1109 3130 1216 3181 quod
1269 3129 1403 3178 ipsum
1456 3126 1675 3174 Hugonem
1733 3120 1782 3159 ad
1843 3119 1918 3158 hoc
1974 3117 2123 3156 ibidem

417 3216 573 3245 currere
610 3200 832 3252 permittat.
911 3196 1028 3234 Teste
1066 3206 1155 3243 rege
1193 3191 1300 3242 apud
1339 3187 1585 3236 Merleberg'‚
1623 3184 1702 3223 xvi.
1742 3182 1805 3220 die
1844 3179 2066 3219 Februarii.

526 3309 617 3346 Rex.
677 3306 755 3342 Pro
790 3301 1068 3350 operationibus
1102 3299 1203 3346 apud
1228 3288 1778 3333 1{simoniam.—Mandatum
1813 3287 1873 3322 est
1898 3282 2124 3321 vicecomiti

420 3371 539 3411 Suht’
574 3367 680 3418 quod
716 3363 907 3416 operariis
944 3362 1033 3401 aule
1064 3358 1284 3403 Wintonie‚
1318 3356 1366 3394 de
1404 3353 1549 3404 quibus
1587 3345 1887 3399 operationibus
1928 3357 2049 3394 penes
2083 3357 2124 3382 se

419 3432 540 3471 habet
596 3430 753 3468 litteras
808 3426 911 3475 regis
966 3424 1015 3462 de
1070 3420 1321 3464 assocatione,
1380 3417 1465 3455 sine
1523 3412 1718 3451 dilatione
1778 3411 1818 3446 et
1882 3406 2120 3445 difficultate

474 3518 579 3549 18690
2011 3493 2037 3531 Q
