2375 3587
170 315 317 362 1235.

171 383 230 422 [m.
250 382 316 420 10.]

1052 188 1104 238 19
1148 185 1354 237 HENRY
1396 183 1478 236 111²,
2032 191 2111 234 101

406 389 569 436 scilicet,
617 390 666 428 ad
713 391 907 430 terminos
955 391 1213 442 subscriptos,
1262 392 1309 430 ad
1358 391 1507 430 festum
1562 389 1702 430 Sancti
1742 388 1953 428 Michaelis
2005 397 2112 426 anno

407 451 509 500 regis
547 455 622 490 etc.
655 452 735 491 xix.
767 453 866 492 duas
905 467 1059 493 marcas
1096 457 1136 493 et
1173 453 1399 500 dimidiam,
1437 455 1477 491 et
1514 452 1564 490 ad
1604 451 1758 490 Pascha
1795 463 1902 489 anno
1932 453 2006 488 etc.
2046 462 2112 486 xx.

407 513 506 551 duas
558 527 712 553 marcas
761 518 800 553 et
848 515 1074 562 dimidiam,
1114 519 1153 554 et
1205 515 1261 554 sic
1307 516 1356 553 de
1406 514 1581 553 termino
1629 513 1672 551 in
1712 512 1948 557 terminum,
1988 511 2114 549 donec

404 573 550 624 viginti
596 589 729 615 marce
776 577 904 616 solute
952 578 1102 617 fuerint
1149 580 1321 628 quatuor
1367 576 1509 626 primis
1558 574 1690 620 annis,
1740 577 1779 613 et
1826 574 2004 612 residuas
2048 585 2115 611 sex

404 649 559 675 marcas
590 638 749 677 solvant
787 639 1077 689 quinto-anno
1110 640 1261 678 eisdem
1291 638 1490 684 terminis,
1524 637 1676 677 scilicet
1705 636 1755 675 ad
1793 635 1943 675 festum
1975 634 2114 674 Sancti

404 698 614 738 Michaelis
653 705 731 739 tres
770 714 924 740 marcas
975 706 1014 740 et
1068 702 1117 740 ad
1166 702 1322 740 Pascha
1365 704 1444 739 tres
1500 712 1668 745 marcas,
1711 699 1767 736 ita
1804 698 1908 748 quod
1947 697 2114 735 omnino

401 765 557 801 cessent
591 775 722 801 usure.
781 764 836 802 Et
874 765 1114 803 mandatum
1152 766 1212 803 est
1250 763 1484 814 justiciariis
1534 762 1583 800 ad
1622 760 1847 801 custodiam
1894 760 2114 797 Judeorum

403 823 619 874 assignatis
657 826 763 876 quod
802 826 857 864 sic
896 826 983 864 fieri
1024 826 1188 865 faciant.
1267 826 1383 864 Teste
1419 828 1463 863 ut
1505 837 1638 874 supra.

508 934 584 970 Pro
652 935 795 982 Rossero
866 936 909 972 de
971 936 1237 983 stlttnclzrenesgs,
1298 935 1448 971 walberto
1516 933 1662 969 canaitis
1735 929 2113 968 iala›·e‚svcall1'.-Rex

401 995 598 1033 concessit
628 995 812 1035 Huberto
841 997 889 1034 de
923 997 1072 1046 Bur-go,
1113 996 1252 1035 comiti
1292 995 1455 1041 Kancie‚
1491 995 1694 1044 Rogerum
1734 993 1781 1030 de
1819 991 2113 1041 Munchanesy‚

404 1055 472 1105 qui
511 1059 570 1094 est
607 1056 648 1094 in
694 1057 856 1107 prisona
908 1058 1010 1107 regis
1062 1058 1104 1095 in
1155 1057 1273 1095 Tui-ri
1324 1057 1525 1100 London’,
1566 1054 1876 1094 custodiendum
1922 1053 2115 1103 quamdiu

406 1117 487 1167 regi
525 1118 733 1167 placuerit.
809 1120 865 1157 Et
905 1120 1146 1157 mandatum
1195 1122 1255 1157 est
1305 1117 1605 1157 constabulario
1656 1115 1794 1153 Turris
1841 1115 1971 1154 Lond'
2011 1114 2116 1164 quod

406 1180 633 1229 predictum
672 1181 875 1230 Rogerum
914 1181 990 1231 ipsi
1030 1181 1214 1220 Huberto
1247 1180 1310 1219 vel
1348 1183 1456 1219 certo
1495 1178 1641 1217 nuntio
1680 1191 1752 1216 suo
1790 1176 1877 1215 sine
1924 1176 2116 1215 dilatione

408 1241 530 1280 faciat
568 1241 740 1281 liberari.
801 1243 917 1282 Teste
955 1257 1045 1293 rege
1084 1243 1190 1293 apud
1229 1242 1420 1288 Windes'‚
1461 1255 1498 1279 x.
1539 1241 1602 1278 die
1642 1239 1768 1278 Junii.

522 1349 595 1384 Pro
634 1349 812 1393 Idimrer,
853 1348 1049 1385 senescallo
1089 1349 1135 1385 L.
1176 1349 1362 1395 principis
1402 1348 1444 1383 (Ie
1484 1343 2012 1389 Abberfrau.—-Mandatum
2060 1344 2119 1379 est

411 1408 465 1446 H.
497 1409 544 1446 de
574 1409 842 1455 Patheshull',
875 1409 1125 1447 thesaurario
1155 1409 1270 1458 regis,
1301 1408 1407 1458 quod
1435 1420 1528 1446 cuin
1557 1419 1636 1456 qua
1673 1405 1820 1455 poterit
1859 1403 2119 1442 festinatione

409 1470 558 1519 inquiri
596 1471 781 1509 faciatis*
818 1472 923 1521 apud
961 1484 1084 1521 quam
1123 1471 1289 1509 domum
1325 1470 1520 1515 Idinevct,
1564 1468 1808 1506 senescallus
1836 1467 1883 1504 L.
1921 1464 2115 1515 principis

409 1533 456 1571 de
502 1532 738 1580 Abbeffrau,
785 1533 1041 1583 proficiscens
1090 1546 1228 1572 versus
1273 1532 1439 1570 Terram
1491 1531 1699 1575 Sanctam,
1739 1529 1969 1578 hospitatur
2013 1527 2118 1576 apud

410 1595 611 1642 London',
652 1598 690 1633 et
735 1596 939 1645 quandam
984 1608 1156 1645 cuppam
1204 1598 1438 1644 argenteam
1491 1592 1613 1642 precii
1664 1591 1840 1641 quinque
1890 1602 2118 1628 marcarum

409 1656 495 1695 sine
532 1657 725 1696 dilatione
776 1658 855 1695 emi
908 1660 947 1696 et
995 1657 1124 1696 eidem
1177 1657 1362 1695 Idinevet
1413 1669 1460 1694 ex
1510 1657 1624 1705 parte
1669 1653 1824 1692 domini
1877 1652 1980 1702 regis
2031 1650 2117 1689 dari

410 1719 544 1759 faciat.
622 1720 738 1758 Teste
779 1733 869 1770 rege
906 1720 1012 1769 apud
1050 1719 1239 1769 Rading'‚
1279 1733 1316 1757 x.
1357 1718 1420 1756 die
1459 1716 1613 1759 Junii.†

524 1826 581 1862 De
618 1827 797 1863 tradendo
838 1827 878 1863 in
915 1823 1249 1871 ballium-Quia
1286 1836 1354 1861 rex
1383 1821 1534 1872 accepit
1564 1834 1633 1871 per
1663 1819 1968 1870 inquisitionem
1997 1831 2118 1869 quam

412 1888 504 1926 inde
542 1887 626 1925 fieri
664 1887 758 1926 fecit
791 1887 896 1937 quod
936 1887 1138 1925 Walterus
1171 1886 1298 1925 Faber
1335 1886 1383 1923 de
1422 1883 1709 1923 Tuddewurth'
1749 1881 1926 1931 appellat
1964 1880 2115 1919 Willel-

413 1962 522 1987 mum
557 1949 593 1986 le
631 1949 750 1995 Petit,
789 1952 953 1998 captum
992 1951 1031 1987 et
1068 1949 1278 1986 detentum
1317 1947 1359 1985 in
1406 1946 1570 1996 prisona
1616 1944 1718 1994 regis
1769 1942 2025 1989 Sarrisburie,
2074 1942 2121 1980 de

413 2014 541 2050 morte
579 2010 698 2049 Alani
736 2011 783 2049 de
822 2011 998 2048 Tunner’
1039 2010 1130 2049 odio
1168 2013 1207 2048 et
1245 2009 1327 2048 atia
1365 2011 1404 2047 et
1441 2021 1523 2047 non
1561 2020 1606 2046 eo
1635 2005 1742 2056 quod
1771 2004 1864 2043 inde
1907 2003 2120 2054 culpabilis

414 2073 488 2121 sitg
536 2073 777 2112 mandatum
818 2075 877 2111 est
914 2072 1141 2112 vicecomiti
1183 2071 1295 2110 Wilt'
1334 2070 1453 2121 quod,
1494 2069 1527 2109 si
1572 2069 1776 2119 predictus
1814 2066 2046 2107 Willelmus
2085 2066 2121 2104 le

414 2135 523 2174 Petit
579 2135 780 2174 invenerit
836 2135 871 2173 ei
927 2135 995 2186 xij.
1054 2133 1198 2184 probos
1255 2136 1293 2172 et
1350 2132 1498 2182 legales
1555 2131 1602 2169 de
1658 2129 1856 2169 comitatu
1914 2141 1999 2175 suo,
2053 2128 2122 2178 qui

415 2198 704 2248 manucapiant
734 2211 825 2236 eum
856 2197 1001 2236 habere
1030 2200 1120 2243 etc„
1152 2200 1248 2235 tunc
1276 2196 1411 2246 ipsum
1441 2194 1693 2233 Willelmum
1722 2193 1759 2230 le
1788 2191 1897 2230 Petit
1930 2190 2121 2241 predictis

415 2260 485 2311 xij.
522 2261 654 2299 tradat
692 2260 734 2298 in
774 2259 956 2306 ballium,
997 2259 1101 2298 sicut
1138 2258 1367 2308 predictum
1405 2260 1479 2295 est.
1538 2256 1655 2294 Teste
1694 2258 1739 2292 ut
1777 2266 1910 2303 supra.

526 2369 583 2405 De
630 2369 729 2405 viniis
778 2366 1290 2404 ea›·ian‹Iz‘S.—Mandatuni
1342 2367 1402 2403 est
1458 2362 1617 2402 ballivis
1666 2361 1820 2401 Oxonie
1876 2360 1983 2411 quod
2035 2359 2121 2398 sine

416 2430 610 2469 dilatione
646 2429 788 2468 cariari
827 2429 977 2468 saciata&
1015 2428 1094 2467 duo
1132 2428 1239 2467 dolia
1276 2427 1323 2465 de
1355 2426 1461 2465 vinis
1500 2425 1603 2475 regis
1642 2437 1718 2475 que
1762 2425 1857 2461 sunt
1896 2423 1937 2460 in
1977 2421 2121 2461 celario

418 2492 520 2541 regis
550 2491 704 2530 Oxonie
737 2503 862 2540 usque
891 2490 1075 2528 Breihill'
1106 2492 1247 2528 contra
1276 2489 1496 2527 adventum
1526 2486 1649 2537 regis;
1690 2488 1729 2524 et
1759 2484 1949 2523 dominus
1979 2497 2046 2521 rex
2078 2483 2119 2521 in

417 2554 593 2592 adventu
624 2566 696 2592 suo
730 2552 877 2591 ibidem
911 2552 1094 2591 denarios
1127 2564 1227 2601 quos
1261 2551 1302 2588 in
1337 2563 1512 2600 expensa
1545 2548 1654 2587 illius
1694 2546 1857 2596 cariagii
1898 2545 2118 2596 posuerint,

417 2616 472 2654 eis
511 2615 620 2654 reddi
660 2615 793 2654 faciet.
863 2614 981 2653 Teste
1019 2627 1109 2664 rege
1148 2613 1253 2663 apud
1293 2611 1481 2662 Rading',
1522 2611 1577 2662 xj.
1619 2610 1683 2649 die
1721 2608 1851 2648 Junii.

526 2722 603 2758 Pro
653 2721 817 2757 Isahella
865 2734 932 2768 que
975 2721 1055 2767 fnit
1109 2732 1202 2755 111·ον
1256 2718 1363 2755 Petri
1405 2717 1485 2763 filii
1533 2712 2023 2753 Herberell—Mandatum
2062 2714 2121 2749 est

418 2782 614 2821 Hei-berto
652 2782 735 2820 filio
773 2782 882 2820 Petri
920 2781 1040 2831 quod,
1077 2781 1118 2818 in
1158 2780 1235 2818 fide
1266 2792 1345 2829 qua
1376 2779 1458 2828 regi
1502 2780 1661 2816 tenetur
1708 2779 1748 2814 et
1795 2775 1900 2814 sicut
1948 2773 2121 2812 noluerit

417 2846 523 2895 quod
579 2858 646 2883 rex
701 2857 795 2894 erga
850 2844 985 2893 ipsum
1042 2846 1264 2887 moveatur,
1328 2841 1500 2879 Isabelle
1564 2852 1640 2889 que
1706 2838 1784 2876 fuit
1847 2849 1946 2874 uxor
2012 2835 2121 2873 Petri

417 2908 491 2946 filii
547 2906 749 2952 Herberti,
807 2906 933 2955 patris
990 2905 1063 2952 sui,
1113 2904 1198 2943 sine
1245 2903 1439 2942 dilatione
1487 2900 1770 2940 rationabilem
1817 2899 1950 2937 dotem
2007 2910 2121 2935 suam

417 2969 615 3019 assignari
653 2969 774 3007 faciat
812 2969 859 3006 de
897 2967 1086 3006 omnibus
1125 2966 1240 3005 terris
1278 2968 1316 3003 et
1354 2963 1596 3003 tenementis
1639 2975 1714 3012 que
1753 2961 1917 2999 fuerunt
1955 2958 2121 3008 predicti

418 3032 527 3070 Petri
564 3035 602 3069 et
650 3033 746 3068 sunt
792 3030 834 3067 in
886 3043 1013 3068 manu
1050 3029 1178 3079 ipsius
1221 3026 1422 3072 Herberti,
1474 3029 1526 3072 et,
1569 3028 1786 3074 antequam
1838 3019 2119 3059 rationabilem

417 3095 552 3133 dotem
591 3093 626 3131 ei
664 3092 941 3143 assignaverit,
981 3091 1142 3129 nullum
1185 3089 1397 3139 tallagium
1444 3089 1506 3127 vel
1552 3086 1750 3126 auxilium
1789 3082 1955 3122 assideri
2000 3082 2121 3120 faciat

418 3157 481 3195 vel
531 3155 733 3194 redditum
778 3154 865 3204 capi
903 3154 945 3192 in
998 3153 1186 3203 predictis
1238 3151 1366 3197 terris,
1407 3150 1582 3189 sciturus
1629 3161 1701 3198 pro
1741 3148 1847 3185 certo
1884 3144 2004 3194 quod,
2044 3143 2122 3181 nisi

418 3219 553 3258 dotem
592 3230 705 3256 suam
744 3217 778 3255 ei
810 3217 896 3255 sine
933 3216 1126 3254 dilatione
1160 3213 1426 3264 assignaverit
1455 3212 1503 3250 de
1532 3211 1647 3250 terris
1686 3207 1885 3259 predictis,
1926 3218 1993 3243 rex
2032 3217 2120 3242 eam

417 3280 453 3319 ei
491 3279 610 3319 faciet
644 3278 855 3329 assignari.
914 3278 1032 3317 Teste
1066 3280 1111 3315 ut
1145 3289 1278 3326 supra.

683 3376 697 3391 *
711 3375 765 3406 Sic
783 3374 818 3405 in
836 3374 907 3406 MS.
1044 3373 1059 3410 †
1075 3373 1158 3404 This
1174 3376 1270 3414 entry
1288 3373 1316 3403 is
1332 3370 1500 3403 cancelled
1518 3374 1523 3384 ⁴
1538 3368 1617 3409 quia
1635 3377 1702 3398 non
1718 3364 1860 3396 habuit.'
