2375 3587
248 203 330 243 562

312 324 457 372 1237.

304 391 364 431 [m.
383 389 455 429 ar]

1180 205 1364 247 CLOSE
1410 203 1616 245 ROLLs.

544 406 746 455 predictus
782 405 1024 444 senescallus
1063 404 1159 442 illuc
1198 403 1378 447 venerit;
1423 406 1462 441 et
1501 402 1533 441 si
1572 401 1667 451 quid
1714 399 1980 450 apposueritis
2017 398 2065 436 (10
2098 399 2243 443 vestro,

546 468 748 516 predictus
795 467 1038 505 senescallus
1083 466 1183 503 illud
1223 464 1335 503 vobis
1390 464 1500 502 reddi
1550 463 1693 508 faciet;
1740 462 1798 500 ita
1845 474 1915 500 vos
1966 460 2059 498 inde
2110 461 2148 497 et
2199 458 2246 496 de

546 529 635 567 aliis
674 529 849 578 negociis
884 529 1031 566 nostris
1070 527 1392 565 intromittentes
1430 525 1536 575 quod
1578 538 1601 562 a
1639 523 1754 562 nobis
1792 523 1936 562 merito
1973 519 2247 561 commendari

547 591 736 630 debeatis.
796 591 912 629 Teste
951 603 1040 639 rege
1079 589 1184 638 apud
1220 589 1409 637 Rading’,
1432 601 1495 625 xv.
1537 586 1600 624 die
1639 585 1825 635 Augusti.

656 687 811 724 Eodem
864 686 982 723 modo
1027 684 1215 723 scribitur
1266 683 1411 734 majori
1464 683 1511 720 de
1563 682 1709 720 Oleron
1775 692 1900 729 usque
1954 679 2029 718 hoc
2084 677 2250 717 verbum

550 749 766 794 ‘interim‚'
831 751 870 786 et
942 750 1038 785 tunc
1110 746 1195 784 sic:
1272 745 1441 783 Interim
1505 746 1641 782 autem
1706 743 1754 781 de
1788 731 1966 780 ‘eisdem
2031 738 2253 778 redditibus

549 810 764 848 inveniatis
822 809 1058 847 Godescallo
1110 809 1156 846 de
1212 809 1367 853 Breen’,
1426 805 1725 845 constabulario
1777 806 1817 842 et
1872 802 2026 842 custodi
2080 802 2252 839 duorum

550 877 772 911 castrorum
830 874 1061 908 nostrorum
1111 870 1158 907 de
1211 869 1387 915 Oleron’,
1447 866 1686 906 rationabile
1744 865 1984 904 estoverium
2045 876 2164 902 suum
2215 865 2254 900 et

552 947 715 972 suorum
750 946 848 982 quos
883 945 1018 970 secum
1054 931 1241 969 retinebit
1279 931 1328 968 ad
1368 933 1499 969 castra
1537 929 1607 967 illa
1644 927 1919 972 custodienda,
1960 926 2085 964 donec
2123 925 2254 963 dictus

553 995 795 1034 senescallus
865 994 961 1032 illuc
1015 993 1193 1038 venerit;
1261 996 1300 1030 et
1354 1004 1495 1030 omnes
1564 994 1691 1029 terras
1743 993 1782 1028 et
1839 988 2018 1027 redditus
2073 987 2123 1025 ad
2179 998 2254 1024 nos

553 1058 800 1107 pertinentes
838 1069 913 1105 que
952 1056 1124 1093 alienate
1179 1058 1274 1093 sunt
1323 1066 1577 1103 quocumque
1626 1052 1746 1090 modo
1792 1064 1862 1100 per
1911 1050 1964 1088 H.
2014 1049 2062 1087 (10
2101 1047 2253 1095 Τ1·ι1111’,

553 1125 765 1169 postquam
806 1118 950 1155 ultimo
984 1118 1094 1155 venit
1124 1118 1172 1154 ad
1212 1119 1346 1166 partes
1377 1116 1465 1153 illas
1504 1115 1567 1153 vel
1598 1115 1724 1152 alium
1761 1113 1846 1151 sine
1877 1111 2039 1162 speciali
2068 1113 2254 1161 precepto

554 1186 690 1219 nostro
729 1181 769 1217 in
810 1192 977 1217 manum
1016 1181 1197 1217 nostram
1238 1178 1420 1227 capiatis.
1497 1177 1612 1215 Teste
1651 1178 1697 1213 ut
1729 1188 1864 1224 supra.

666 1275 906 1312 Mandatum
944 1277 1003 1312 est
1039 1273 1173 1322 probis
1211 1272 1445 1311 hominibus
1480 1275 1582 1310 terre
1611 1271 1658 1308 de
1688 1269 1836 1308 Labur’
1866 1269 1971 1318 quod
2000 1268 2257 1306 intendentes

555 1338 636 1375 sint
674 1341 712 1375 et
750 1337 1007 1375 consulentes
1046 1336 1165 1373 Petro
1203 1335 1250 1372 de
1289 1334 1427 1373 Subist
1465 1334 1506 1371 in
1546 1332 1723 1382 negociis
1767 1332 1870 1381 regis
1914 1330 2169 1380 expediendis
2207 1330 2257 1368 ad

554 1399 810 1438 commodum
868 1402 906 1436 et
963 1398 1157 1435 honorem
1215 1396 1332 1445 regis,
1393 1396 1614 1433 secundum
1670 1393 1776 1443 quod
1838 1393 1944 1431 idem
2001 1391 2145 1430 Petrus
2201 1391 2258 1429 eis

555 1464 726 1509 exponet
773 1473 819 1497 ex
862 1463 974 1509 parte
1013 1459 1130 1507 regis,
1171 1459 1296 1496 donec
1346 1457 1589 1496 senescallus
1636 1468 1756 1505 quem
1805 1468 1873 1493 rex
1921 1454 2016 1492 illuc
2062 1452 2260 1491 missurus

555 1527 614 1561 est
653 1523 701 1559 ad
740 1535 806 1559 eos
845 1521 1010 1559 venerit.
1098 1520 1214 1558 Teste
1253 1522 1297 1558 ut
1337 1532 1471 1568 supra.

665 1601 903 1638 Mandatum
961 1604 1020 1637 est
1077 1599 1260 1637 Rustano
1316 1598 1364 1636 de
1441 1597 1624 1641 Solariis,
1678 1595 1822 1646 majori
1875 1594 2114 1644 Burdegale,
2154 1594 2259 1644 quod

556 1664 735 1701 redditus
770 1663 872 1709 regis
906 1662 939 1699 ei
975 1661 1130 1699 debitos
1162 1661 1203 1698 in
1243 1660 1409 1698 civitate
1450 1658 1673 1707 Burdegale
1707 1661 1746 1696 et
1779 1657 1827 1695 de
1861 1656 2064 1694 Burdeles'
2098 1656 2261 1706 colligat

559 1729 597 1764 et
632 1725 741 1762 salvo
775 1724 975 1762 custodiat
1010 1723 1058 1761 ad
1093 1736 1193 1771 opus
1230 1722 1334 1771 regis
1368 1734 1574 1772 quousque
1605 1719 1851 1758 senescallus
1882 1718 1977 1757 illuc
2007 1718 2186 1764 venerit3
2225 1721 2264 1757 et

560 1787 722 1825 interim
753 1786 967 1835 diligenter
996 1785 1181 1823 intendat
1210 1785 1260 1822 ad
1291 1784 1382 1834 jura
1413 1783 1516 1832 regis
1545 1781 1834 1820 conservanda.
1894 1780 2010 1819 Teste
2048 1782 2092 1818 ut
2130 1793 2263 1830 supra.

666 1865 821 1903 Eodem
860 1864 979 1902 modo
1018 1863 1206 1902 scribitur
1244 1863 1385 1912 majori
1425 1862 1472 1900 (10
1513 1862 1664 1900 Sancto
1716 1859 1951 1904 Emilian0;
1999 1858 2182 1898 akadello
2218 1860 2264 1897 de

561 1928 664 1977 Aeys
702 1931 740 1964 ct
777 1926 1010 1976 justiciariis
1049 1925 1228 1975 ejusdem
1259 1925 1351 1962 ville
1390 1924 1437 1962 de
1477 1922 1698 1961 redditibus
1730 1922 1771 1959 in
1801 1921 2033 1970 episcopatu
2063 1920 2267 1971 Aquensi3

561 1989 702 2038 majori
744 1988 908 2033 13010110,
947 1987 1052 2036 quod
1091 1999 1172 2023 una
1209 1998 1301 2024 cum
1341 1986 1460 2023 Petro
1508 1985 1555 2022 de
1603 1983 1756 2022 Subist’
1805 1982 1968 2032 colligat
2006 1982 2185 2021 redditus
2223 1982 2265 2020 in

561 2051 657 2088 villa
696 2050 847 2087 Baione
886 2053 924 2086 et
964 2049 1003 2085 in
1044 2052 1149 2086 terra
1188 2048 1234 2085 de
1273 2047 1422 2093 Labur,
1461 2051 1500 2085 et
1538 2046 1617 2084 alia
1654 2046 1743 2095 jura
1782 2045 1830 2082 ad
1870 2057 2002 2093 regem
2041 2045 2266 2094 spectantia

561 2114 617 2151 ita
655 2111 759 2161 quod
798 2114 1033 2149 remaneant
1073 2111 1113 2147 in
1153 2123 1278 2147 manu
1316 2109 1483 2158 predicti
1514 2108 1648 2154 Petri3
1697 2107 1882 2156 episcopo
1911 2107 2122 2144 Vasatensi
2160 2107 2265 2156 quod

561 2177 738 2212 castrum
778 2173 825 2210 de
864 2173 1026 2221 Buglun
1067 2184 1159 2210 011111
1198 2171 1453 2220 pertinentiis
1482 2170 1586 2220 quod
1617 2168 1820 2207 Henriciis
1849 2169 1897 2206 de
1927 2167 2062 2206 Trubl’
2094 2169 2267 2207 reddidit

562 2237 643 2285 regi
682 2239 720 2273 et
757 2235 862 2284 quod
904 2234 1164 2273 Godescallus
1194 2234 1240 2272 de
1268 2234 1427 2278 Breen‚'
1463 2245 1580 2283 quem
1615 2232 1721 2269 idem
1755 2230 1955 2269 Henricus
1993 2233 2155 2280 propter
2190 2231 2265 2270 hoc

561 2298 710 2336 ibidem
749 2297 890 2342 mittit,
928 2297 1057 2334 eidem
1096 2296 1281 2345 episcopo
1327 2294 1525 2340 liberabit,
1574 2293 1740 2343 recipiat
1798 2296 1836 2331 et
1888 2292 2022 2331 salvco
2069 2293 2268 2332 custodiat

563 2373 687 2410 usque
727 2359 776 2396 ad
814 2359 1033 2396 adventum
1072 2357 1295 2396 senescalli.
1381 2357 1552 2395 Interim
1592 2359 1729 2394 autem
1764 2354 1942 2393 redditus
1975 2354 2079 2403 regis
2113 2358 2152 2393 et
2190 2355 2267 2393 alia

561 2423 649 2472 jura
688 2433 760 2458 sua
799 2420 838 2456 in
878 2419 1058 2469 partibus
1098 2419 1179 2457 illis
1227 2418 1392 2467 colligat
1430 2419 1479 2456 ad
1517 2430 1617 2467 opus
1656 2417 1759 2466 regis
1797 2429 1922 2466 usque
1960 2416 2009 2454 ad
2047 2416 2266 2455 adventum

563 2482 785 2522 senescalli.

671 2560 909 2598 Mandatum
955 2562 1015 2597 est
1062 2559 1289 2598 vicecomiti
1348 2558 1528 2596 Devonie
1580 2557 1686 2607 quod
1742 2556 1943 2606 loquelam
1992 2568 2068 2606 que
2114 2558 2174 2594 est
2224 2556 2266 2594 in

565 2622 759 2661 comitatu
790 2634 861 2659 suo
900 2622 1004 2659 inter
1051 2621 1113 2659 W.
1156 2621 1430 2659 Exoniensem
1470 2620 1716 2669 episcopum,
1747 2621 1994 2669 querentem,
2026 2620 2066 2656 et
2094 2618 2270 2656 Alanum

567 2685 721 2729 Basset,
753 2683 1055 2729 deforcfflntem,
1082 2683 1128 2720 de
1158 2680 1518 2721 consuetudinibus
1548 2684 1587 2719 et
1617 2680 1794 2719 serviciis
1822 2691 1898 2730 que
1927 2679 2033 2717 idem
2063 2679 2272 2729 episcopus

567 2745 691 2794 exigit
743 2758 765 2783 a
812 2745 990 2794 predicto
1037 2744 1178 2790 Alano,
1229 2747 1353 2793 ponat
1401 2743 1441 2781 in
1490 2745 1716 2792 respectum
1764 2754 1889 2791 usque
1936 2742 1985 2779 ad
2042 2742 2271 2791 proximum

567 2807 807 2846 comitatum
846 2809 935 2855 post
987 2805 1147 2844 octabas
1197 2805 1333 2844 Clausi
1381 2805 1534 2844 Pasche
1583 2817 1690 2842 anno
1741 2804 1854 2853 regni
1893 2803 1996 2853 regis
2043 2803 2139 2853 xvij.
2179 2803 2274 2853 quia

567 2869 673 2913 idem
722 2867 875 2905 Alanus
922 2867 1152 2915 assignatus
1200 2870 1259 2905 est
1315 2867 1365 2904 ad
1430 2866 1679 2904 tricesimam
1745 2865 1847 2915 regis
1911 2864 2167 2903 assidendam
2232 2867 2271 2904 et

567 2929 835 2978 colligendam
872 2929 913 2965 in
953 2929 1148 2967 comitatu
1188 2927 1340 2966 Berks'.
1413 2928 1531 2966 Teste
1571 2940 1660 2977 rege
1698 2927 1803 2976 apud
1839 2925 2049 2973 Oxoniam,
2081 2926 2177 2976 xviij
2209 2927 2271 2965 (110

569 2991 756 3041 Augusti.

676 3086 878 3124 Dominus
916 3099 984 3124 rex
1022 3086 1163 3135 recipit
1201 3086 1423 3124 Radulfum
1453 3085 1585 3123 filium
1616 3083 1828 3123 Nicholai*
1855 3084 1897 3122 in
1927 3084 2099 3133 gratiam
2129 3096 2270 3131 suam3

568 3152 607 3188 et
654 3148 893 3186 mandatum
941 3151 1000 3186 est
1048 3148 1271 3197 justiciario
1329 3147 1535 3197 Hybernie
1581 3147 1687 3196 quod
1733 3146 1867 3196 ipsum
1917 3153 1956 3184 et
2004 3148 2129 3184 terras
2181 3158 2273 3185 suas

569 3223 667 3261 quas
704 3209 825 3248 habet
872 3209 913 3246 in
953 3213 1057 3247 terra
1096 3210 1300 3259 Hybernie
1347 3208 1493 3247 habere
1539 3208 1749 3258 permittat
1796 3207 1839 3245 in
1887 3219 1994 3257 pace,
2044 3209 2083 3246 et
2129 3220 2270 3249 manu-

570 3273 703 3322 capiat
741 3274 780 3310 et
818 3274 1001 3320 protegat
1041 3271 1173 3320 ipsum
1208 3276 1246 3309 et
1283 3284 1387 3317 suos,
1428 3274 1467 3309 et
1504 3283 1585 3309 non
1625 3270 1822 3308 sustineat
1859 3268 1964 3319 quod
2001 3269 2037 3307 ei
2085 3269 2147 3307 vel
2190 3269 2273 3309 suis

1026 3370 1039 3383 *
1061 3366 1276 3398 Substituted
1308 3367 1359 3397 for
1389 3367 1460 3401 ‘M‚
1492 3366 1605 3396 filium
1644 3364 1812 3397 Ge1·oldi.⁷
