2375 3587
265 180 345 218 364

323 302 466 348 1236.

324 370 382 407 [m.
401 368 470 406 9d.]

1197 182 1381 224 CLOSE
1422 182 1625 224 ROLLS.

671 376 1027 424 Hybernia.—Rex
1077 377 1222 414 dilecto
1269 379 1307 414 et
1345 376 1453 414 fideli
1492 390 1563 415 suo
1601 377 1654 416 M.
1696 377 1780 416 filio
1820 377 1996 423 Geroldi,
2037 378 2260 427 justiciario

564 450 636 475 suo
685 437 890 484 Hiber-nie,
939 439 1126 477 salutem.
1206 439 1476 488 Significastis
1524 438 1639 477 nobis
1688 452 1768 477 una
1814 452 1906 478 cum
1955 439 2171 478 venerabili
2218 440 2260 477 in

565 498 725 537 Christo
764 503 874 549 patre
913 500 961 538 L.
1002 499 1246 538 Dublinensi
1280 500 1591 549 archiepiscopo,
1632 501 1737 550 quod
1775 501 1919 539 dilecta
1957 501 2071 540 nobis
2117 501 2261 539 Roesia

564 561 612 599 de
662 562 823 600 Verdun
873 562 1050 600 firmavit
1099 562 1300 612 quoddam
1348 565 1525 601 castrum
1565 562 1717 601 bonum
1756 566 1795 601 et
1834 563 1936 601 forte
1968 563 2009 600 in
2049 566 2154 601 terra
2190 576 2262 601 sua

566 624 728 673 propria
767 636 885 673 super
924 623 1223 670 Hiber-Dienses,
1265 625 1371 674 quod
1409 625 1544 662 nullus
1583 625 1906 674 predecessorum
1937 638 2100 663 suorum
2130 625 2263 675 potuit

562 685 703 731 facere,
735 688 774 724 et
803 686 933 723 adhuc
960 686 1069 723 aliud
1093 688 1268 724 castrum
1300 686 1460 724 firmare
1490 686 1677 736 proponit
1707 687 1755 724 ad
1784 699 1975 736 magnam
2006 687 2262 725 securitatem

566 750 669 785 terre
725 750 872 786 nostre.
976 747 1078 793 Quia
1142 761 1234 786 vero
1300 749 1456 797 prefata
1507 749 1653 786 Roesia
1710 748 1984 798 operationem
2041 748 2262 798 predictam

563 809 709 859 absque
761 809 939 848 subsidio
991 809 1091 848 bene
1143 823 1225 848 non
1277 811 1424 859 poterit
1474 823 1769 856 consummare,
1821 811 1868 849 de
1919 811 2087 849 consilio
2125 814 2263 849 nostro

562 871 673 910 vobis
712 872 952 909 mandamus
990 871 1181 920 quatinus
1220 873 1428 910 servitium
1468 872 1583 911 nobis
1621 872 1802 911 debitum
1842 873 1889 910 de
1928 873 2047 923 Myde
2085 875 2124 911 et
2152 872 2263 911 Uriel

563 933 599 971 ei
650 946 718 983 per
762 932 1028 982 quadraginta
1077 933 1159 971 dies
1212 933 1356 972 habere
1409 934 1566 973 faciatis
1618 935 1667 973 ad
1716 935 1991 984 operationem
2041 934 2262 984 predictam

564 996 801 1041 faciendam,
844 995 876 1033 si
915 995 1000 1033 sine
1038 995 1332 1045 indempnitate
1372 1000 1510 1035 nostra
1547 997 1621 1035 hoc
1660 996 1747 1034 fieri
1799 1009 1880 1035 non
1930 996 2070 1046 possit.
2147 996 2263 1035 Teste

563 1071 651 1107 rege
690 1057 795 1106 apud
835 1057 1000 1103 Theok',
1040 1058 1093 1107 vj.
1133 1058 1196 1095 die
1235 1058 1348 1096 Julii.

672 1179 748 1214 Pro
782 1179 966 1225 priorissa
1007 1179 1050 1214 de
1092 1178 1519 1216 Etmz.’.—lllandatum
1549 1181 1608 1216 est
1636 1178 1810 1217 Roberto
1839 1179 1886 1216 de
1915 1178 2128 1217 Lexinton'
2159 1179 2265 1228 quod

563 1240 612 1278 ad
651 1240 756 1278 diem
793 1253 911 1290 quem
951 1239 1094 1277 viderit
1132 1240 1262 1288 magis
1295 1240 1499 1286 idoneum,
1539 1244 1752 1291 postquam
1786 1241 1947 1290 negotia
1975 1241 2079 1290 regis
2107 1240 2264 1279 itineris

564 1302 625 1339 sui
670 1302 775 1351 apud
825 1301 1035 1339 Bedeford'
1090 1302 1273 1350 expedita
1321 1302 1485 1347 fuerint,
1539 1303 1759 1352 assumptis
1804 1316 1939 1342 secum
1978 1302 2178 1352 aliquibus
2217 1303 2264 1340 de

565 1365 681 1403 sociis
734 1365 816 1403 suis
867 1364 1087 1402 transitum
1136 1364 1257 1402 faciat
1307 1377 1376 1413 per
1425 1365 1666 1414 Norhampt⁷
1722 1365 1770 1403 ad
1823 1365 2062 1414 capiendum
2114 1364 2262 1403 ibidem

563 1427 732 1465 assisam
785 1439 885 1465 nove
933 1426 1141 1464 disseisine
1190 1439 1309 1475 quam
1361 1426 1551 1475 priorissa
1602 1428 1648 1465 de
1705 1428 1828 1465 Eton'
1869 1427 2080 1465 aramiavit
2126 1439 2263 1465 versus

565 1489 603 1527 J.
657 1490 845 1528 comitem
897 1488 1021 1527 Cestr'
1076 1491 1114 1526 et
1153 1488 1300 1534 Hunt',
1336 1491 1375 1527 et
1413 1488 1664 1527 Willelmum
1704 1490 1751 1528 de
1791 1489 2008 1538 Cantilupo
2047 1489 2261 1540 juniorem,

565 1553 611 1590 de
651 1555 883 1590 tenemento
922 1551 962 1588 in
1003 1551 1332 1600 Haringworth':
1381 1551 1438 1589 ita
1477 1565 1546 1600 per
1585 1552 1740 1591 litteras
1779 1565 1870 1590 suas
1918 1551 2118 1601 significet
2161 1552 2262 1591 vice-

565 1614 703 1653 comiti
743 1614 883 1653 Norht’
925 1613 974 1651 ad
1009 1626 1127 1662 quem
1166 1613 1272 1651 diem
1311 1613 1457 1662 poterit
1498 1614 1706 1652 intendere
1745 1615 1793 1652 ad
1833 1614 2055 1663 predictam
2095 1613 2263 1652 assisam

566 1676 801 1725 capiendam
854 1675 960 1725 apud
1014 1675 1272 1724 Norhampt'‚
1312 1675 1375 1713 cui
1416 1688 1482 1713 rex
1521 1676 1731 1714 mandavit
1770 1676 1875 1725 quod
1913 1676 1963 1714 ad
2001 1676 2106 1714 (110111
2145 1689 2263 1726 (1110111

565 1738 599 1776 01
626 1751 695 1787 per
720 1738 876 1775 litteras
906 1750 977 1775 sua
1006 1738 1087 1788 (sic)
1117 1737 1402 1786 significaverit
1427 1738 1596 1776 assisam
1624 1738 1843 1787 predictam
1869 1751 2002 1776 coram
2030 1739 2086 1777 eis
2116 1738 2264 1777 ibidem

567 1800 703 1838 venire
741 1800 876 1838 faciat.
954 1799 1070 1837 Teste
1109 1802 1153 1837 ut
1192 1812 1323 1848 supra.

677 1923 753 1959 l-’ro
789 1922 970 1963 Galfrido
1005 1920 1480 1958 lla11:(1n.-—llla11<latuin
1520 1923 1579 1958 est
1616 1920 1848 1970 justiciariis
1886 1921 1933 1959 de
1971 1921 2109 1960 Banco
2145 1922 2262 1971 quod,

566 1983 598 2021 si
639 1982 845 2021 Galfridus
884 1982 1047 2019 Bauzan
1089 1982 1266 2019 retrahat
1306 1995 1345 2020 se
1388 1982 1435 2019 de
1474 1981 1630 2031 appello
1670 1995 1754 2028 suo,
1791 1985 1887 2020 tunc
1917 1983 2113 2032 judicium
2148 1996 2265 2021 suum

567 2048 719 2094 ponant
770 2045 811 2082 in
861 2046 1086 2093 respectum
1139 2056 1345 2093 quousque
1398 2047 1486 2092 post
1537 2043 1695 2082 instans
1755 2044 2000 2094 colloquium
2047 2045 2152 2094 quod
2199 2058 2266 2083 rex

566 2106 777 2145 habiturus
815 2110 874 2144 est
909 2106 1013 2154 apud
1055 2105 1259 2155 Salopiam
1299 2105 1354 2143 eis
1389 2118 1456 2143 rex
1491 2105 1600 2143 aliud
1635 2105 1726 2144 inde
1762 2106 2061 2155 significaverit.
2150 2107 2266 2145 Teste

568 2172 612 2207 ut
651 2181 783 2218 supra.

680 2289 1165 2338 Her-<norw.—Philippus
1204 2289 1251 2327 (10
1286 2289 1439 2328 Τ1101110
1473 2288 1694 2327 attornavit
1728 2289 1954 2328 Martinum
1986 2289 2033 2328 de
2068 2290 2266 2340 Twyford’

566 2366 702 2392 versus
749 2352 1022 2390 Alexandrum
1070 2352 1105 2389 le
1155 2351 1316 2390 Seculer
1363 2354 1581 2397 tenentem,
1640 2351 1687 2389 de
1735 2351 1858 2401 xxxij.
1917 2352 2017 2391 acris
2074 2354 2175 2390 terre
2230 2355 2269 2391 et

567 2415 733 2454 dimidia
771 2427 863 2453 cum
903 2413 1158 2463 pertinentiis
1196 2413 1237 2450 in
1278 2413 1607 2452 Hendrehaches.

683 2537 755 2572 Pro
804 2536 970 2572 Isium-(10
1020 2533 1509 2572 snmma—Mandatum
1558 2536 1617 2571 est
1665 2533 1702 2571 J.
1753 2533 1800 2571 de
1848 2533 2006 2580 NeviH’,
2045 2533 2268 2584 justiciario

569 2599 727 2643 foreste,
768 2600 805 2635 et
844 2596 960 2635 sociis
998 2596 1080 2634 suis
1113 2595 1346 2646 justiciariis
1385 2594 1671 2633 itinerantibus
1709 2598 1784 2635 ete.
1822 2596 1928 2644 quod
1962 2595 1995 2634 si
2028 2596 2184 2646 loquele
2222 2597 2269 2635 de

569 2663 716 2699 foresta
763 2671 914 2696 einerse
961 2657 1041 2695 sint
1089 2657 1130 2695 in
1179 2657 1321 2696 itinere
1368 2670 1452 2703 suo,
1493 2670 1569 2706 qne
1608 2660 1778 2707 tangant
1816 2657 2033 2696 Ricardum
2074 2657 2268 2705 Suward',

569 2723 636 2772 qui
685 2724 743 2759 est
790 2721 832 2758 in
881 2720 1044 2769 prisona
1090 2719 1206 2769 regis,
1246 2733 1311 2757 eas
1360 2722 1512 2768 ponant
1561 2719 1602 2756 in
1644 2722 1869 2768 respectum
1918 2733 2124 2770 quousque
2161 2720 2266 2759 idem

570 2784 764 2823 Ricardus
812 2796 833 2819 a
881 2782 1042 2830 prisona
1088 2782 1265 2830 predicta
1312 2781 1562 2819 deliberetur.
1640 2781 1755 2819 Teste
1804 2794 1894 2831 rege
1945 2782 2050 2831 apud
2103 2782 2266 2829 Theok’,

570 2848 622 2885 ix.
663 2846 725 2884 die
759 2845 871 2883 Julii.

679 2931 919 2970 Mandatum
957 2932 1017 2968 est
1055 2929 1279 2968 vicecomiti
1317 2929 1430 2968 Staff’
1467 2932 1506 2968 et
1541 2929 1701 2979 Salopie
1732 2931 1835 2980 quod
1868 2943 1937 2979 per
1970 2933 2267 2969 sacramentum

571 3000 646 3035 etc.
696 2994 781 3032 fieri
830 2993 951 3030 faciat
998 2991 1387 3041 perambulationem
1436 2992 1541 3030 inter
1588 2995 1735 3030 terram
1784 2992 1929 3041 Rogeri
1976 2992 2015 3030 la
2065 2993 2187 3031 Such'
2226 2993 2268 3031 in

573 3059 708 3106 Tonge
746 3056 788 3092 in
825 3054 1019 3093 comitatu
1061 3054 1218 3103 Salopie
1253 3058 1291 3091 et
1319 3058 1465 3091 terrain
1501 3053 1686 3102 Hugonis
1717 3054 1764 3091 de
1799 3054 1978 3092 Weston’
2014 3054 2055 3091 in
2091 3054 2267 3093 Weston'

570 3121 612 3158 in
661 3117 855 3157 comitatu
904 3115 1100 3161 stafford',
1148 3115 1241 3165 quia
1288 3118 1373 3154 tam
1419 3116 1525 3153 idem
1572 3115 1751 3164 Rogerus
1797 3128 1918 3165 quam
1967 3116 2098 3155 dictus
2147 3117 2268 3166 Hugo

570 3181 703 3232 posuit
742 3192 781 3218 se
819 3181 893 3217 etc,

678 3267 920 3305 Mandatum
967 3268 1026 3302 est
1075 3264 1122 3301 G.
1172 3264 1309 3302 comiti
1358 3264 1608 3308 Marescasso,
1657 3264 1762 3312 quod
1820 3262 1861 3300 in
1918 3264 1995 3302 fide
2052 3277 2131 3313 qua
2186 3265 2268 3314 regi

572 3334 730 3371 tenetur
776 3331 814 3366 et
857 3327 959 3366 sicut
998 3327 1191 3364 honorem
1227 3326 1329 3374 regis
1367 3329 1406 3363 et
1444 3339 1561 3363 suum
1600 3325 1747 3374 diligit,
1789 3325 1840 3364 sit
1878 3326 1983 3375 apud
2023 3326 2187 3365 Wenlac
2226 3327 2267 3364 in
