2375 3587
269 192 351 231 286

335 313 477 360 1236.

337 382 396 419 [m.
423 380 468 413 9]

366 2971 424 3008 [¹¹1·
444 2969 490 3007 8-1

1201 195 1386 238 CLOSE
1433 194 1635 237 ROLLS.

683 394 755 429 Pro
818 394 970 430 Rom-ta
1029 395 1071 429 de
1126 391 1619 437 (s'alcefhurst—Mandatum
1677 394 1737 428 est
1792 391 1947 439 Rogero
2003 389 2052 427 de
2109 388 2265 429 Essex’‚

569 455 759 492 escaetori
798 455 913 504 regis,
953 455 1072 503 quod,
1114 455 1146 491 si
1187 454 1347 502 Agatha
1384 453 1431 490 de
1471 452 1673 490 Cokefeud
1712 452 1869 489 nullam
1910 455 2059 489 terram
2097 451 2144 488 de
2181 462 2270 498 rege

568 515 698 554 tenuit
734 517 774 553 in
808 516 948 564 capite,
985 519 1081 554 tunc
1115 516 1162 553 de
1198 514 1386 553 omnibus
1418 513 1640 552 redditibus
1675 516 1713 551 et
1747 513 1933 558 exitibus,
1966 525 2065 562 quos
2096 510 2271 561 percepit

569 578 616 615 de
667 581 771 615 terra
819 591 894 627 que
947 577 1024 615 fuit
1076 577 1250 626 predicte
1303 576 1460 624 Agathe
1512 588 1631 624 quam
1689 575 1730 612 in
1788 587 1957 612 manum
2014 574 2117 623 regis
2168 572 2272 621 cepit

569 641 775 678 occasione
822 640 963 678 mortis
1011 639 1136 688 ipsius
1172 638 1328 687 Agathe
1367 637 1540 675 Roberto
1577 638 1624 675 de
1664 637 1879 680 Cokefeud,
1922 636 2005 674 filio
2050 639 2089 674 et
2136 634 2271 673 heredi

570 701 744 750 predicte
776 701 945 749 Agathe,
981 701 1140 749 plenam
1175 699 1365 737 seisinam
1401 698 1546 736 habere
1580 698 1713 736 faciat.
1786 698 1902 736 Teste
1937 710 2026 746 rege
2059 699 2104 735 ut
2139 709 2270 745 supra.

684 822 758 858 Pro
793 823 922 868 prim-e
961 822 1002 856 «Ie
1044 819 1358 856 Damnst—Rex
1398 818 1543 856 dilecto
1581 821 1619 856 et
1657 818 1764 855 fideli
1804 820 1956 863 nostro,
1998 816 2178 854 Johanni
2225 816 2272 853 de

572 883 730 928 Nevssl’,
765 882 987 932 justiciario
1020 895 1092 919 suo
1125 882 1283 925 foreste,
1320 881 1509 919 salutem.
1579 880 1683 927 Quia
1713 893 1782 929 per
1815 879 2120 928 inquisitionem
2151 891 2271 927 quam

572 958 640 994 per
685 947 916 993 preceptum
970 946 1153 981 nostrum
1207 943 1359 981 fecistis
1416 946 1455 980 et
1514 942 1629 980 nobis
1679 942 1849 979 misistis
1898 941 2113 979 didicimus
2168 940 2272 989 quod

571 1007 679 1056 prior
716 1007 762 1044 de
796 1007 969 1044 Lenton’
1008 1009 1047 1044 et
1086 1006 1382 1055 predecessores
1422 1005 1481 1042 sui
1523 1004 1669 1042 habere
1706 1006 2001 1042 consueverunt
2039 1003 2079 1040 in
2127 1002 2275 1040 foresta

572 1072 708 1107 nostra
747 1069 793 1106 de
835 1068 992 1107 Salceto
1030 1067 1201 1105 liberum
1252 1067 1481 1115 ingressum
1526 1070 1564 1104 et
1607 1079 1811 1115 egressum
1856 1078 1949 1104 cum
1999 1064 2144 1103 averiis
2193 1063 2275 1101 suis

572 1132 620 1169 ad
660 1130 896 1179 herbagium
937 1134 974 1168 et
1013 1143 1105 1168 cum
1144 1130 1273 1179 porcis
1321 1129 1405 1167 suis
1454 1129 1502 1166 ad
1550 1128 1798 1177 pannagium
1846 1127 2053 1166 occasione
2101 1125 2273 1164 manerii

574 1193 635 1231 sui
673 1194 720 1231 de
760 1193 1006 1237 Cortenhal’,
1048 1195 1087 1229 et
1121 1192 1226 1241 quod
1266 1191 1393 1229 nichil
1433 1191 1525 1228 dare
1556 1193 1849 1228 consueverunt
1882 1203 1952 1239 pro
1987 1188 2177 1238 herbagio
2211 1186 2274 1226 vel

574 1256 801 1305 pannagi03
859 1254 971 1293 vobis
1028 1254 1272 1292 mandamus
1334 1253 1438 1302 quod
1495 1253 1542 1290 de
1607 1252 1810 1302 pannagio
1873 1252 1979 1302 quod
2034 1250 2196 1300 exigitis
2253 1262 2276 1287 a

573 1319 749 1368 predicto
783 1318 912 1367 priore
945 1317 1153 1356 occasione
1190 1316 1260 1353 illa
1298 1315 1434 1364 ipsum
1470 1315 1652 1365 quietum
1692 1328 1776 1354 esse
1815 1314 1987 1360 faciatis,
2020 1317 2058 1352 et
2096 1313 2276 1351 decetero

573 1394 664 1419 cum
718 1380 861 1418 averiis
914 1380 995 1417 suis
1053 1379 1102 1417 ad
1151 1377 1389 1427 herbagium
1443 1380 1481 1415 et
1535 1377 1664 1426 porcis
1709 1378 1791 1415 suis
1839 1377 1888 1415 ad
1935 1375 2184 1426 pannagium
2233 1374 2275 1411 in

574 1443 751 1492 predicta
807 1442 954 1480 foresta
1020 1441 1191 1479 liberum
1258 1441 1487 1489 ingressum
1553 1443 1591 1477 et
1657 1452 1861 1488 egressum
1928 1439 2061 1488 ipsum
2126 1436 2273 1474 habere

574 1505 831 1554 permittatis,
871 1504 975 1542 sicut
1015 1503 1239 1552 predictum
1280 1505 1353 1540 est.
1432 1502 1548 1539 Teste
1587 1514 1676 1551 rege
1723 1502 1829 1550 apud
1876 1499 2042 1546 Theok’,
2081 1498 2166 1549 viij.
2207 1498 2270 1536 die

577 1567 690 1605 Julii.

686 1692 742 1727 ,Μ’
783 1692 951 1738 Quinque
994 1688 1337 1726 1³‹)›·t›a›1‹s.—Rex
1386 1687 1543 1725 dilectis
1594 1691 1632 1724 et
1679 1686 1865 1724 fidelibus
1922 1685 2005 1723 suis
2061 1684 2277 1723 baronibus

577 1756 714 1802 portus
744 1753 790 1789 de
819 1751 1026 1789 Sandwico
1061 1751 1247 1788 salutem.
1309 1751 1456 1789 Sciatis
1487 1750 1592 1799 quod
1627 1749 1905 1787 commisimus
1939 1748 2084 1786 dilecto
2112 1750 2151 1785 et
2171 1746 2280 1784 fideli

577 1818 713 1852 nostro
752 1815 961 1851 Bertramo
1013 1813 1060 1850 de
1104 1812 1283 1862 Crioyll’,
1328 1811 1629 1850 constabulario
1668 1812 1806 1848 nostro
1848 1810 2011 1855 Dovor',
2054 1809 2279 1848 custodiam

578 1881 716 1926 portus
746 1876 865 1914 vestri
897 1876 943 1912 de
978 1874 1188 1913 Sandwico
1218 1873 1448 1912 habendam
1473 1874 1666 1922 quamdiu
1697 1872 1813 1911 nobis
1844 1872 2051 1922 placuerit.
2110 1871 2165 1909 Et
2194 1871 2281 1908 ideo

578 1939 689 1977 vobis
728 1938 969 1976 mandamus
1007 1936 1112 1985 quod
1164 1936 1293 1974 eidem
1346 1938 1557 1973 Ber-tramo
1608 1938 1815 1984 tamquam
1864 1933 2020 1972 custodi
2070 1936 2201 1972 vestro
2239 1933 2281 1970 in

579 2000 766 2039 omnibus
815 2012 889 2049 que
946 1999 994 2036 ad
1051 1998 1276 2047 predictum
1332 2001 1493 2047 portum
1546 1997 1748 2046 pertinent
1799 1996 2055 2034 intendentes
2104 1995 2191 2033 sitis
2243 1997 2282 2033 et

579 2063 877 2112 respondentes.
955 2061 1198 2098 Mandamus
1252 2060 1372 2097 etiam
1422 2059 1534 2097 vobis
1582 2059 1772 2108 quatinus
1818 2058 1860 2095 in
1913 2058 1990 2096 fide
2038 2071 2117 2107 qua
2167 2056 2282 2095 nobis

580 2124 773 2163 tenemini
814 2127 852 2161 et
891 2122 965 2160 sub
1012 2122 1146 2160 debito
1194 2122 1413 2171 juramenti
1467 2121 1583 2158 nobis
1630 2120 1786 2170 prestiti
1826 2120 1913 2158 sitis
1954 2119 1989 2158 ei
2041 2119 2283 2157 auxiliantes

581 2191 618 2225 et
657 2186 911 2225 consulentes
951 2185 999 2222 ad
1034 2185 1123 2234 jura
1162 2188 1299 2222 nostra
1338 2184 1492 2222 ratione
1531 2183 1698 2232 predicti
1737 2185 1875 2231 portus
1907 2182 1953 2220 de
1994 2181 2203 2220 Sandwico
2245 2184 2283 2219 et

581 2250 751 2287 aliorum
791 2251 980 2297 portuum
1019 2247 1066 2284 de
1102 2246 1286 2295 Quinque
1321 2245 1523 2284 Portubus
1557 2245 1605 2282 ad
1640 2258 1712 2282 nos
1742 2244 1964 2293 spectantia
1997 2243 2281 2289 conservanda,

582 2316 620 2349 et
660 2312 708 2349 ad
743 2324 788 2348 ea
827 2323 902 2359 que
942 2312 1119 2358 tempore
1159 2322 1297 2358 guerre
1337 2312 1445 2346 mote
1479 2308 1584 2345 inter
1621 2307 1833 2345 dominum
1868 2307 1905 2344 J.
1941 2319 2088 2356 regem,
2128 2309 2282 2355 patrem

584 2378 781 2415 nostrum,
837 2377 874 2410 et
928 2371 1095 2409 barones
1153 2384 1245 2409 suos
1298 2371 1444 2420 Anglie
1497 2374 1536 2408 et
1589 2374 1767 2419 tempore
1824 2372 1962 2407 nostro
2013 2369 2117 2406 male
2169 2368 2284 2406 nobis

583 2436 788 2474 subtracta
818 2448 886 2483 per
916 2433 1084 2471 ballivos
1116 2436 1254 2482 portus
1284 2433 1405 2471 vestri
1438 2433 1499 2470 101
1526 2432 1626 2470 alios
1655 2444 1891 2481 quocunque
1920 2431 2038 2469 modo
2066 2430 2286 2469 revocanda

584 2500 622 2535 et
677 2498 717 2533 in
776 2499 928 2533 statum
978 2495 1197 2543 pristinum
1248 2495 1483 2539 reducenda,
1536 2494 1592 2531 ita
1648 2493 1753 2542 quod
1809 2493 2061 2541 diligentiam
2110 2494 2283 2530 vestram

586 2558 729 2596 merito
767 2557 982 2594 debeamus
1021 2555 1166 2593 habere
1205 2556 1546 2600 commendatam,
1588 2554 1728 2592 scituri
1758 2567 1827 2602 pro
1861 2556 1966 2592 certo
1998 2553 2103 2603 quod
2134 2555 2286 2602 quanto

585 2619 807 2658 devotiores
855 2617 1127 2655 invenerimus
1165 2617 1206 2654 in
1245 2617 1319 2655 hac
1359 2619 1473 2665 parte
1513 2619 1628 2654 tanto
1666 2615 1920 2665 benigniores
1961 2628 2034 2653 nos
2072 2614 2285 2653 invenietis

586 2683 634 2721 ad
672 2681 877 2719 libertates
910 2682 949 2717 et
986 2680 1076 2729 jura
1105 2682 1238 2716 vestra
1268 2679 1310 2715 in
1340 2678 1530 2716 omnibus
1561 2678 1845 2716 conservanda.
1906 2678 2021 2715 Teste
2051 2679 2095 2715 ut
2124 2689 2255 2726 supra.

692 2776 846 2814 Eodem
886 2775 1005 2812 modo
1044 2773 1283 2811 mandatum
1323 2776 1382 2810 est
1422 2772 1639 2811 baronibus
1678 2772 1892 2817 RumenaL
1934 2773 2095 2817 Dovor',
2136 2771 2284 2817 Hethe,

588 2838 821 2885 Hastinges.
900 2836 1017 2873 Teste
1055 2838 1099 2872 ut
1131 2847 1263 2883 supra.

699 2957 772 2992 I'rn
810 2957 937 2992 abbate
977 2956 1111 2992 Sancti
1151 2956 1329 2992 Nieholaazss
1367 2957 1408 2991 de
1448 2953 1905 3001 A›15101·s.—Ma11datu1n
1939 2950 2013 2991 ¹est
2052 2952 2206 3001 Rogero
2239 2951 2286 2989 de

588 3019 742 3062 Esses,
782 3016 970 3054 escaetori
1019 3017 1130 3062 011οῘ1ζῖ
1172 3017 1277 3066 quod
1324 3017 1371 3054 de
1419 3016 1535 3054 terris
1581 3018 1620 3053 et
1668 3015 1911 3053 tenementis
1950 3014 2106 3052 abbatis
2146 3013 2285 3052 Sancti

587 3078 771 3118 Nicholai
817 3078 863 3115 de
902 3078 1084 3126 Aungers
1132 3079 1173 3115 in
1221 3077 1370 3115 balliva
1419 3090 1491 3115 sua
1528 3089 1603 3126 que
1651 3077 1755 3125 cepit
1805 3077 1845 3113 in
1894 3088 2062 3113 manum
2101 3074 2203 3123 regis
2241 3086 2286 3111 eo

585 3142 690 3192 quod
720 3140 821 3177 falso
850 3138 1055 3177 dicebatur
1078 3140 1210 3188 ipsum
1240 3153 1324 3178 esse
1353 3142 1559 3180 mortuum
1587 3138 1715 3176 eidem
1744 3137 1879 3176 abbati
1906 3138 2065 3187 plenam
2096 3136 2285 3174 seisinam

587 3203 732 3241 habere
769 3201 902 3238 faciat.
971 3201 1039 3242 Et,
1081 3201 1113 3238 si
1152 3201 1247 3250 quid
1291 3202 1383 3239 inde
1428 3204 1591 3249 captum
1641 3200 1774 3246 fuerit,
1813 3199 1920 3237 reddi
1967 3198 2102 3236 faciat.
2172 3197 2286 3235 Teste

590 3278 679 3313 rege
716 3263 820 3312 apud
861 3261 1026 3308 Theok‘,
1064 3263 1120 3312 xj.
1161 3263 1222 3300 die
1261 3263 1374 3300 Julii.

1091 3373 1335 3406 *Substituted
1368 3374 1421 3404 for
1453 3372 1645 3404 vicecomiti
1676 3350 1785 3406 Ι111102.
