2375 3587
250 182 331 222 234

315 312 459 360 1236.

309 379 368 419 [m.
390 379 457 418 ia]

1185 188 1370 231 CLOSE
1415 189 1619 232 ROLLS.

548 379 682 428 libras,
732 381 856 421 donec
905 383 1129 432 predictum
1177 383 1356 423 debitum
1403 384 1459 422 eis
1507 385 1780 434 persolvatur3
1830 387 1885 426 ita
1931 388 2036 438 quod
2083 389 2246 428 interim

547 443 706 491 penitus
743 448 898 483 cessent
939 459 1069 484 usure.
1150 447 1204 484 Et
1252 447 1339 484 ideo
1378 446 1489 485 vobis
1536 449 1779 487 mandamus
1816 450 1922 499 quod
1970 451 2027 489 sic
2074 452 2160 490 fieri
2207 456 2246 491 et

546 505 756 545 inrotulari
798 508 966 550 faciatis.
1025 509 1141 547 Teste
1182 513 1224 548 ut
1265 522 1396 558 supra.

654 596 746 633 Rene.
826 599 878 634 Jsse
919 601 1014 636 vinis
1052 599 1263 634 arestamlis
1297 599 1347 633 ad
1381 612 1470 645 opus
1511 599 1913 646 reaia—Mandatum
1962 604 2021 638 est
2071 599 2244 639 baillivis

547 655 732 695 Suhamt'
773 660 877 707 quod
916 659 1081 698 arestari
1132 659 1284 696 faciant
1323 659 1372 696 ad
1411 672 1510 708 opus
1546 659 1649 708 regis
1688 660 1741 698 lx.
1784 661 1892 699 dolia
1931 661 2015 700 vini
2053 662 2100 700 de
2138 663 2243 701 vinis

544 717 775 757 melioribus
812 734 887 769 que
923 734 1030 759 nunc
1064 721 1210 758 ultimo
1249 724 1447 758 venerunt
1483 721 1524 758 in
1564 725 1724 770 portum
1766 722 1950 762 Suhamt'
1982 727 2020 761 et
2060 725 2135 762 hoc
2175 738 2243 774 per

542 779 672 818 visum
713 785 750 819 et
790 783 1029 821 electionem
1069 782 1282 821 custodum
1336 782 1522 820 vinorum
1576 796 1740 821 suorum
1782 784 1985 823 Suhamt'.
2045 785 2160 823 Teste
2198 790 2242 824 ut

543 854 674 891 supra.

652 931 728 966 Pro
777 933 963 968 abbatas-sa
1017 939 1049 968 ec
1100 932 1329 968 ‚monialibus
1378 934 1420 968 «le
1474 931 1802 978 'sarmul—Quia
1859 945 1925 970 rex
1982 933 2122 971 didicit
2174 947 2243 983 per

542 990 844 1039 inquisitionem
885 1006 953 1042 per
992 993 1123 1042 ipsum
1164 994 1313 1031 factam
1353 993 1457 1043 quod
1497 993 1640 1031 Petrus
1678 993 1724 1031 de
1765 994 1945 1032 Meulent
1993 995 2061 1044 qui
2111 997 2241 1035 tenuit

542 1052 588 1089 de
626 1053 776 1092 honore
815 1055 861 1091 de
901 1054 1148 1093 Craneburn'
1203 1054 1352 1103 legavit
1400 1054 1601 1092 abbatisse
1644 1055 1691 1092 de
1739 1057 1898 1093 Tarent'
1939 1057 2029 1093 cum
2078 1070 2240 1107 corpore

541 1128 611 1153 suo
641 1117 842 1165 quandam
873 1120 1019 1154 terram
1050 1117 1091 1154 in
1123 1117 1325 1162 Cnolton',
1362 1130 1436 1167 que
1466 1117 1572 1155 valet
1601 1117 1811 1154 dimidiam
1843 1131 2034 1164 marcam,
2066 1122 2104 1157 et
2134 1121 2239 1169 quod

539 1177 734 1215 moniales
764 1178 942 1228 ejusdem
973 1178 1176 1217 abbatisse
1207 1178 1298 1215 inde
1319 1178 1482 1216 fuerunt
1504 1179 1542 1215 in
1567 1179 1716 1216 saisina
1745 1182 1838 1216 ante
1870 1183 2041 1217 mortem
2073 1181 2239 1229 predicti

539 1239 661 1286 Petri,
701 1240 938 1278 mandatum
983 1245 1042 1279 est
1090 1241 1246 1279 custodi
1297 1241 1461 1278 honoris
1509 1241 1555 1278 de
1604 1240 1839 1278 Craneburn
1887 1242 1991 1290 quod
2040 1242 2087 1280 de
2135 1246 2239 1282 terra

540 1301 609 1339 illa
656 1315 776 1351 quam
829 1302 933 1352 cepit
986 1302 1026 1340 in
1076 1315 1245 1340 manum
1316 1302 1418 1351 regis
1472 1315 1552 1340 una
1608 1315 1699 1341 cum
1752 1303 1830 1341 alia
1882 1307 1986 1342 terra
2036 1316 2111 1353 que
2160 1306 2238 1344 fuit

538 1364 717 1413 ejusdem
758 1364 865 1402 Petri
904 1365 959 1402 eis
998 1365 1159 1413 plenam
1197 1364 1388 1403 saisinam
1427 1364 1571 1402 habere
1607 1364 1740 1403 faciat.
1813 1365 1930 1403 Teste
1965 1370 2009 1404 ut
2047 1379 2180 1416 supra.

648 1454 726 1489 Pro
764 1453 804 1489 J,
860 1453 1108 1489 liatlwnicnm'
1155 1452 1479 1499 episcopm—Rex
1525 1451 1748 1490 vicecomiti
1806 1452 1984 1491 Sumers’
2024 1456 2063 1491 et
2119 1454 2235 1492 Dors’

538 1514 723 1551 salutem.
803 1513 913 1552 Scias
950 1514 1054 1563 quod
1093 1513 1365 1551 concessimus
1406 1526 1475 1562 pro
1514 1513 1629 1551 nobis
1667 1517 1706 1551 et
1745 1513 1959 1552 heredibus
2008 1515 2157 1553 nostris
2196 1517 2233 1554 J.

553 1576 801 1613 {athoniensi
840 1575 1037 1624 episcopo,
1087 1578 1126 1613 et
1173 1575 1467 1613 successoribus
1516 1576 1598 1613 suis
1647 1579 1799 1614 cartam
1850 1579 2029 1614 nostram
2070 1577 2111 1614 in
2157 1591 2236 1627 qua

535 1638 765 1676 continetur
800 1637 904 1686 quod
944 1637 1102 1674 nullum
1153 1640 1375 1675 mercatum
1424 1638 1529 1686 quod
1579 1640 1668 1686 post
1714 1637 1888 1685 primam
1933 1638 2234 1677 coronationem

537 1705 714 1738 nostram
750 1700 925 1737 levatum
966 1699 1017 1737 sit
1055 1699 1116 1737 vel
1154 1699 1334 1737 decetero
1373 1699 1569 1737 levabitur
1607 1704 1720 1737 extra
1757 1699 1961 1738 dominica
2001 1703 2138 1738 nostra
2187 1702 2235 1739 ad

534 1766 823 1800 nocumentum
863 1761 1035 1811 alicujus
1087 1766 1355 1799 mercatorum
1396 1774 1559 1799 suorum
1594 1774 1669 1810 que
1709 1761 1813 1799 idem
1848 1761 2057 1811 episcopus
2092 1762 2234 1802 habuit

533 1828 627 1862 ante
665 1823 965 1862 coronationem
1004 1823 1116 1860 illam
1158 1826 1235 1861 stet
1275 1823 1335 1860 vel
1377 1826 1558 1861 teneatur
1596 1823 1730 1873 aliquo
1777 1827 1969 1872 tempore.
2046 1826 2099 1863 Et
2147 1825 2234 1864 ideo

535 1886 606 1925 tibi
645 1886 886 1936 precipimus
924 1886 1029 1935 quod
1075 1885 1294 1934 predictam
1345 1889 1498 1923 cartam
1545 1890 1725 1923 nostram
1779 1885 1819 1922 in
1871 1886 2059 1934 predictis
2111 1887 2232 1926 comi-

535 1948 685 1987 tatibus
724 1948 801 1998 legi
841 1952 878 1986 et
918 1948 1043 1986 teneri
1084 1947 1220 1985 facias.
1300 1947 1417 1985 Teste
1456 1951 1500 1985 ut
1540 1960 1674 1997 supra.
2122 1939 2125 1943 ¹

643 2038 719 2074 Pro
760 2040 896 2084 Agmete
937 2050 1003 2085 qm*
1041 2038 1127 2083 fuit
1170 2049 1264 2072 usur
1311 2037 1462 2072 liuberti
1495 2037 1581 2084 filii
1632 2035 1967 2084 Pleilippi.—Rex
2018 2036 2233 2077 baronibus

533 2100 614 2138 suis
652 2100 699 2137 de
740 2098 946 2138 Scaccario
985 2097 1171 2135 salutem.
1251 2098 1354 2144 Quia
1391 2101 1619 2135 executores
1659 2098 1891 2136 testamenti
1945 2098 2108 2136 Roberti
2161 2100 2234 2138 filii

533 2162 711 2211 Philippi
749 2174 817 2210 per
850 2166 1078 2210 preceptum
1118 2164 1299 2198 nostrum
1335 2159 1501 2198 liberam
1535 2159 1763 2198 habuerunt
1808 2160 2234 2200 administrationem*

531 2225 578 2261 de
624 2223 738 2261 bonis
794 2229 832 2260 et
877 2222 1036 2260 catallis
1082 2235 1157 2270 que
1208 2223 1369 2259 fuerunt
1422 2222 1548 2270 ipsius
1600 2221 1778 2266 Roberti,
1820 2221 1932 2260 vobis
1992 2222 2234 2261 mandamus

531 2287 635 2336 quod
675 2299 755 2324 non
795 2285 1012 2333 distringas
1066 2286 1263 2333 Agnetem
1303 2297 1379 2333 que
1419 2284 1495 2323 fuit
1536 2297 1634 2322 uxor
1673 2284 1839 2333 predicti
1879 2283 2046 2323 Roberti
2080 2285 2129 2323 ad
2168 2299 2232 2323 xx.

532 2361 687 2387 marcas
733 2347 847 2386 nobis
895 2347 1116 2384 reddendas
1163 2359 1261 2395 quas
1323 2345 1372 2383 ab
1419 2359 1464 2384 ea
1524 2346 1683 2395 exigitis
1744 2359 1812 2396 per
1873 2346 2234 2385 summonitionem

535 2410 730 2449 scaccarii
794 2409 920 2448 nostri
985 2422 1055 2457 pro
1127 2407 1254 2446 bladis
1311 2421 1386 2457 que
1442 2409 1540 2447 emit
1596 2422 1618 2446 a
1682 2408 1871 2457 predictis
1941 2408 2232 2447 executoribus.

535 2473 650 2511 Teste
689 2478 732 2511 ut
771 2485 903 2521 supra.

641 2561 769 2597 leel'.
847 2560 904 2595 ])e
942 2565 1039 2595 terra
1087 2558 1268 2595 Willelmi
1306 2559 1490 2594 Maudnit
1528 2568 1559 2593 cc
1600 2558 1790 2606 Enyenia,
1832 2571 1944 2594 umore
1982 2559 2071 2605 effus,
2112 2565 2231 2596 arten-

533 2621 966 2660 tlemla.—Mandatum
1007 2623 1065 2657 est
1104 2619 1337 2669 justiciariis
1384 2619 1431 2657 ad
1481 2618 1706 2657 custodiam
1754 2618 1976 2657 -Judeorum
2017 2620 2233 2669 assignatis

534 2685 639 2734 quod
678 2688 801 2722 terras
842 2682 1033 2720 Willehni
1066 2681 1253 2718 Mauduit
1287 2685 1325 2719 et
1360 2681 1555 2729 Eugenie,
1590 2681 1723 2719 uxoris
1755 2681 1853 2731 ejus,
1891 2681 2052 2719 extendi
2083 2682 2234 2721 faciant

531 2749 728 2796 quantum
768 2745 927 2782 valeant
965 2745 1006 2781 in
1045 2743 1270 2788 dominicis,
1313 2741 1546 2789 redditibus,
1596 2742 1804 2792 vilenagiis
1842 2746 1880 2781 et
1919 2742 2105 2781 omnibus
2144 2744 2234 2782 aliis

532 2807 704 2847 exitibus
757 2811 869 2851 terre,
909 2808 946 2843 et
994 2806 1100 2843 facta
1147 2804 1378 2843 extensione
1425 2804 1495 2841 illa
1542 2804 1589 2841 de
1634 2803 1778 2842 debitis
1827 2817 1902 2854 que
1941 2803 2056 2843 debet
2095 2804 2230 2844 Aaron

532 2870 615 2908 filio
649 2868 819 2913 Abrahe,
856 2867 988 2904 Aaron
1024 2866 1197 2911 Blundo,
1234 2865 1359 2904 Leoni
1394 2865 1566 2911 mundo,
1606 2866 1736 2904 Mosse
1767 2865 1850 2903 filio
1880 2865 2050 2912 Abrahe,
2083 2866 2232 2906 Jacobo

533 2931 698 2980 Crespin
751 2934 789 2968 et
841 2929 943 2979 Elye
990 2927 1168 2973 Levesk'‚
1223 2927 1278 2965 eis
1331 2926 1587 2966 rationabiles
1636 2927 1831 2966 terminos
1880 2927 2025 2966 habere
2065 2928 2228 2968 faciant·

533 2994 649 3032 Teste
687 2997 731 3030 ut
770 3004 902 3040 supra.

642 3081 693 3116 De
733 3079 918 3115 roboribus
958 3077 1371 3114 ala{itu—Mandatum
1406 3079 1465 3114 est
1504 3076 1685 3115 ‚Iohanni
1723 3077 1770 3114 de
1809 3077 1966 3121 Nevill’,
2010 3077 2231 3128 justiciario

528 3144 687 3187 foreste,
722 3140 827 3190 quod
864 3139 905 3177 in
945 3138 1141 3177 forinseco
1181 3138 1299 3176 bosco
1337 3139 1384 3176 de
1424 3138 1610 3176 Hadfeld'
1652 3138 1773 3177 faciat
1803 3138 1946 3178 habere
1976 3138 2155 3177 Johanni
2183 3139 2230 3177 de

531 3202 820 3252 Bassingburn’
860 3205 1030 3251 quatuor
1068 3200 1209 3239 robora
1247 3201 1295 3238 ad
1334 3200 1467 3239 focum
1508 3213 1640 3246 suum,
1687 3200 1733 3238 de
1782 3201 1887 3238 dono
1926 3200 2042 3250 regis.
2117 3201 2232 3239 Teste

532 3270 577 3305 ut
615 3278 746 3314 supra.

1141 3352 1154 3366 *
1173 3351 1519 3388 Auministrationom,
1550 3350 1624 3385 Ms.
