2375 3587
206 210 260 251 20

269 334 411 379 1234.

254 399 317 439 [m.

349 399 421 440 23]

1128 214 1236 256 CLO
1245 214 1312 257 SE
1355 213 1558 256 ROLLS.

612 414 667 450 De
694 414 823 450 «Iudeis
852 414 1057 451 amor-endis
1086 414 1128 449 (Ie
1162 410 1650 449 Wicumb’.—Mandatum
1679 411 1738 448 est
1757 408 1983 448 vicecomiti
2012 407 2188 457 Buking'

502 475 606 523 quod
645 488 726 513 non
775 474 982 524 permittat
1029 475 1134 524 quod
1182 474 1326 524 aliquis
1374 473 1526 512 Judeus
1572 473 1752 511 decetero
1789 474 1951 510 maneat
1999 471 2041 509 in
2094 470 2190 509 villa

501 537 547 575 de
586 537 810 587 Wycumb',
851 540 909 575 set
955 538 1103 576 Judeos
1149 537 1216 586 qui
1260 536 1407 574 ibidem
1455 538 1550 574 sunt
1599 537 1811 573 manentes
1860 534 1946 572 sine
1996 532 2190 571 dilatione

501 599 674 638 amoveri
712 599 858 644 faciat;
903 602 942 637 et
980 602 1166 637 maneant
1218 598 1259 636 in
1315 597 1405 636 aliis
1442 597 1549 635 villis
1600 596 1642 634 in
1690 595 1835 646 quibus
1879 596 1990 645 prius
2027 607 2189 634 manere

500 664 802 700 consueverunt.
877 661 993 699 Teste
1031 673 1119 710 rege
1157 660 1262 709 apud
1297 659 1495 704 Herewes,
1535 658 1673 708 xxviij.
1713 658 1776 696 die
1813 657 2064 696 Novembris.

613 786 690 822 Pro
733 786 788 822 H.
837 787 881 821 de
927 786 1056 833 Bfflffl'
1103 786 1144 821 de
1173 784 1338 821 denariis
1370 785 1521 831 receptis
1550 785 1593 819 de
1641 784 1806 820 manerio
1849 783 1892 819 de
1922 783 2188 821 Ki›·lceton'.-—

502 846 739 885 Mandatum
777 849 836 885 est
872 847 1077 896 Stephano
1114 846 1161 884 de
1201 846 1370 895 Segrave
1411 845 1515 895 quod
1552 844 1848 895 quinquaginta
1886 846 1924 882 et
1958 846 2038 883 tres
2066 843 2188 882 libras

498 921 595 957 quas
626 909 771 958 recepit
801 909 843 946 in
874 909 1052 946 manerio
1081 908 1128 946 de
1154 907 1362 946 Kirketon’
1394 908 1440 945 de
1467 906 1583 945 rebus
1619 910 1657 945 et
1685 907 1842 945 catallis
1876 906 1930 944 H.
1961 906 2008 944 de
2039 906 2186 956 Burgo,

499 971 657 1009 comitis
691 971 852 1016 Kaneie,
886 984 954 1020 per
984 971 1158 1019 aliquem
1193 971 1239 1008 de
1277 970 1360 1008 suis
1389 970 1527 1008 mittat
1557 969 1641 1007 sine
1672 969 1864 1007 dilatione
1898 969 1947 1007 ad
1976 968 2186 1007 dominum

499 1046 644 1081 regem.
721 1034 787 1079 Et,
831 1032 909 1071 nisi
948 1032 1098 1078 fecerit,
1151 1032 1388 1070 mandatum
1446 1034 1506 1070 est
1558 1030 1785 1070 vicecomiti
1837 1030 1955 1080 Leyc'
1994 1031 2098 1080 quod
2137 1031 2187 1069 ad

498 1095 736 1133 solutionem
775 1094 950 1144 predicte
988 1093 1153 1144 pecunie
1201 1094 1333 1143 ipsum
1380 1093 1609 1142 distringat,
1649 1093 1706 1131 ita
1749 1093 1855 1142 quod
1893 1092 2081 1131 dominus
2119 1105 2186 1131 rex

496 1170 567 1207 pro
605 1157 761 1195 defectu
800 1157 860 1195 sui
898 1156 989 1194 inde
1027 1169 1107 1194 non
1147 1156 1199 1194 sit
1228 1156 1409 1206 perdens.
1484 1156 1560 1194 Per
1594 1155 1905 1194 Karleolensem.

602 1299 679 1334 Pro
719 1299 865 1335 Ja'dicha
908 1312 975 1347 que
1008 1299 1087 1344 fuit
1123 1311 1219 1334 uror
1260 1298 1432 1345 Philippi
1474 1296 1807 1335 Palem-dt—Rex
1855 1296 2090 1345 J'usticiariis
2137 1297 2185 1336 ad

494 1360 715 1397 custodiam
746 1360 964 1398 Judeorum
995 1360 1209 1408 assignatis
1247 1359 1432 1397 salutem.
1491 1359 1733 1398 Monstravit
1771 1358 1886 1397 nobis
1922 1359 2076 1398 Editha
2109 1373 2185 1410 que

494 1421 569 1459 fuit
612 1435 710 1459 uxor
746 1422 923 1471 Philippi
968 1421 1140 1460 Pollard'
1181 1422 1298 1471 quod,
1337 1434 1428 1459 cum
1476 1421 1679 1471 predictus
1721 1421 1936 1471 Philippus
1981 1422 2183 1471 quondam

494 1483 553 1519 vir
602 1496 696 1520 suus
744 1486 886 1521 mutuo
934 1483 1143 1532 recepisset
1190 1483 1236 1521 de
1281 1483 1497 1529 Bonefant,
1541 1482 1670 1520 Judeo
1721 1482 1878 1529 Glouc'‚
1918 1483 2185 1533 quadraginta

494 1544 652 1590 solidos,
693 1545 796 1582 idem
836 1545 987 1583 Judeus
1024 1545 1105 1595 jam
1144 1545 1319 1594 quinque
1357 1544 1474 1583 annis
1512 1544 1656 1593 elapsis
1688 1544 1859 1594 singulis
1890 1545 2007 1583 annis
2038 1546 2184 1595 recepit

494 1605 542 1643 ab
580 1607 716 1644 eodem
754 1607 942 1656 Philippo
978 1607 1113 1645 decem
1151 1610 1190 1645 et
1227 1610 1315 1645 octo
1354 1607 1500 1645 solidos
1538 1606 1701 1644 nomine
1740 1620 1872 1653 usure,
1908 1607 2013 1645 idem
2053 1608 2184 1647 adhuc

493 1670 630 1716 petens
675 1682 697 1706 a
742 1669 918 1718 predicta
961 1669 1126 1715 Editha,
1172 1669 1256 1707 viro
1303 1682 1374 1706 suo
1417 1669 1499 1718 jam
1546 1668 1751 1707 defuncto.
1828 1669 1884 1707 Et
1925 1669 2018 1719 quia
2064 1683 2183 1708 usure

492 1730 666 1777 predicte
703 1732 849 1768 sortem
883 1734 1148 1776 excesserunt,
1188 1734 1232 1769 ut
1270 1731 1407 1768 eadem
1453 1730 1605 1769 Editha
1643 1730 1752 1777 dicit,
1793 1730 1904 1769 vobis
1942 1732 2184 1770 mandamus

491 1792 607 1840 quod,
658 1792 712 1830 rei
767 1792 931 1830 veritate
986 1792 1192 1842 inquisita,
1249 1793 1282 1830 si
1337 1792 1570 1831 inveneritis
1618 1793 1723 1843 quod
1778 1793 1979 1842 predictus
2030 1794 2183 1832 Judeus

490 1855 649 1890 tantum
688 1854 876 1902 receperit
909 1854 1015 1892 ultra
1040 1854 1219 1893 debitum
1247 1854 1478 1904 principale,
1507 1857 1604 1893 tunc
1632 1855 1764 1904 ipsum
1796 1854 1971 1893 Judeum
2005 1855 2184 1894 decetero

491 1918 723 1953 contentum
775 1929 858 1954 esse
907 1916 1063 1954 faciatis
1110 1917 1157 1955 de
1205 1916 1392 1966 predictis
1441 1917 1494 1954 xl.
1549 1917 1687 1955 solidis
1738 1917 1772 1955 ei
1825 1917 1970 1956 debitis
2018 1918 2182 1956 nomine

490 1978 620 2023 sortis,
661 1978 716 2015 ita
753 1978 858 2027 quod
896 1979 1032 2016 eadem
1070 1979 1221 2017 Editha
1259 1992 1326 2027 per
1364 1992 1517 2016 annum
1549 1979 1687 2017 reddat
1726 1979 1855 2017 eidem
1890 1979 2018 2018 Judeo
2058 1993 2180 2018 unam

490 2052 664 2077 marcam
709 2039 832 2078 donec
885 2040 1080 2089 predictos
1123 2041 1177 2078 xl.
1227 2041 1373 2079 solidos
1421 2041 1455 2078 ei
1501 2041 1748 2090 persolverit.
1808 2042 1924 2080 Teste
1963 2045 2008 2081 ut
2046 2055 2180 2092 supra.

489 2101 563 2138 Per
601 2101 647 2138 R.
688 2101 817 2138 filium
856 2102 1053 2140 Nicholai.
1129 2103 1204 2141 Per
1243 2103 1290 2140 R.
1331 2103 1460 2141 filium
1501 2103 1697 2142 Nicholai.

595 2242 670 2278 Pro
727 2242 772 2278 If.
830 2242 1096 2282 Hei-esbrdensi
1150 2245 1327 2290 episeopo,
1381 2245 1423 2280 de
1492 2245 1589 2292 Ιαμῖκ
1650 2243 2057 2282 datia—Mandatum
2123 2249 2182 2284 est

488 2302 665 2340 Johanni
694 2303 740 2340 de
778 2303 1029 2341 Monemuth’
1069 2305 1173 2353 quod
1211 2305 1341 2354 capiat
1380 2306 1419 2343 in
1455 2306 1603 2344 foresta
1636 2307 1683 2344 de
1726 2307 1836 2344 Dene
1866 2310 2038 2357 quatuor
2070 2308 2181 2359 layas

487 2366 525 2401 et
571 2365 660 2402 illas
702 2365 845 2403 habere
887 2365 1007 2404 faciat
1054 2366 1270 2405 venerabili
1317 2367 1421 2416 patri
1468 2368 1515 2406 R.
1557 2368 1843 2407 Herefordensi
1889 2369 2085 2419 episcopo,
2134 2371 2181 2409 de

487 2426 590 2463 dono
628 2427 744 2475 regis.
821 2427 937 2465 Teste
973 2441 1062 2477 rege
1100 2429 1204 2478 apud
1255 2429 1468 2480 Kenyton’,
1510 2431 1616 2469 xxix.
1667 2431 1730 2469 die
1779 2431 2031 2471 Novembris.
2103 2432 2179 2471 Per

487 2487 548 2525 W.
589 2488 635 2526 de
673 2488 849 2527 Kirkeh'.

594 2567 647 2604 Et
681 2567 916 2605 mandatum
950 2571 1008 2607 est
1045 2570 1340 2609 constabulario
1389 2571 1528 2610 Sancti
1572 2572 1762 2610 Briavelli
1807 2573 1912 2622 quod
1954 2573 2177 2622 predictum

485 2627 713 2666 <Iohannem
758 2630 952 2678 predictas
998 2631 1108 2682 layas
1155 2645 1292 2682 capere
1337 2635 1558 2683 permittat.
1647 2635 1762 2673 Teste
1821 2648 1910 2685 rege
1952 2638 1996 2674 ut
2044 2649 2176 2685 supra.

485 2689 559 2727 Per
596 2691 763 2729 eundem
803 2691 865 2730 W.

597 2832 670 2867 Pro
706 2834 829 2878 priore
868 2834 1001 2870 Sancte
1039 2835 1284 2873 J‹'1·etlwsn-2·de
1324 2838 1621 2876 (nemrim—Rex
1651 2839 1847 2877 concessit
1876 2838 1998 2888 priori
2030 2839 2177 2878 Sancte

485 2891 751 2930 Fretheswide
791 2894 941 2932 Oxonie
977 2896 1080 2945 quod
1119 2897 1166 2934 de
1198 2898 1364 2947 triginta
1392 2902 1430 2937 et
1461 2899 1589 2938 tribus
1619 2900 1745 2946 libris,
1776 2913 1874 2950 quas
1903 2900 2018 2940 debet
2049 2901 2176 2951 Copin

484 2952 609 2990 Judeo
649 2954 810 3000 Oxonie‚
845 2959 883 2994 et
921 2957 968 2994 de
1005 2958 1139 2996 decem
1178 2958 1303 3005 libris,
1343 2973 1441 3009 quas
1487 2961 1603 3000 debet
1651 2963 1781 3000 David
1829 2962 1958 3001 Judeo
2006 2963 2173 3009 Oxonie‚

484 3014 620 3052 reddat
657 3016 804 3054 eisdem
826 3017 849 3054 J
855 3018 962 3055 udeis
996 3019 1153 3057 tertiani
1190 3024 1343 3069 partem
1373 3021 1598 3061 debitorum
1628 3024 1897 3073 predictorum
1927 3037 2033 3063 anno
2062 3025 2174 3074 regni

482 3079 556 3113 etc.
596 3077 748 3115 decimo
786 3091 903 3124 nono,
935 3080 1116 3119 videlicet
1155 3082 1203 3119 ad
1242 3083 1397 3122 Pascha
1435 3088 1473 3122 et
1511 3086 1561 3123 ad
1599 3086 1749 3124 festum
1781 3086 1920 3125 Sancti
1951 3086 2172 3133 Michaelis,

482 3140 519 3174 et
549 3151 653 3176 anno
683 3140 792 3188 regni
821 3144 893 3179 etc.
923 3142 1112 3181 vicesimo
1141 3144 1301 3182 tertiam
1331 3149 1498 3194 partem,
1530 3150 1569 3186 et
1597 3160 1705 3185 anno
1734 3148 1845 3197 regni
1876 3151 1951 3187 etc.
1983 3149 2173 3188 vicesimo

482 3199 611 3247 primo
653 3201 810 3239 tertiam
854 3206 1007 3251 partem
1054 3205 1102 3242 ad
1150 3206 1307 3243 eosdem
1355 3208 1562 3254 terminos,
1611 3209 1668 3247 ita
1714 3209 1818 3258 quod
1865 3209 2029 3248 interim
2077 3211 2170 3249 inde

481 3265 634 3299 cessent
660 3275 789 3300 usure.
848 3264 903 3302 Et
933 3266 1169 3304 mandatum
1199 3271 1257 3305 est
1287 3267 1502 3307 baronibus
1531 3270 1578 3307 de
1609 3269 1815 3309 Scaccario
1843 3272 1948 3320 quod
1978 3272 2173 3310 terminos

482 3323 676 3370 predictos
713 3324 839 3362 eidem
878 3326 998 3374 priori
1032 3327 1176 3366 habere
1209 3331 1247 3366 et
1285 3329 1323 3366 id
1362 3330 1572 3368 inrotulari
1611 3331 1773 3377 faciant,
1809 3333 1913 3370 sicut
1947 3333 2171 3382 predictum

482 3386 553 3420 est.
612 3384 727 3422 Teste
765 3388 808 3423 ut
847 3399 978 3435 supra.
1037 3388 1112 3426 Per
1151 3389 1462 3429 Karleolensem.
