2375 3587
161 312 305 360 1235.

147 378 320 421 [m.22d]

142 2254 191 2292 [m
228 2252 319 2291 21‹I.]

1038 185 1093 225 20
1136 183 1341 224 HENRY
1383 184 1467 227 III.
2022 185 2101 225 :331

398 379 503 417 inter
542 381 740 418 Thomam
781 381 827 417 de
867 381 1061 418 Beinfeld'
1111 385 1150 418 et
1204 381 1399 428 Aviciam,
1448 394 1613 419 uxorem
1676 383 1776 431 ejus,
1826 384 2022 430 petentes,
2071 384 2109 417 et

398 441 620 479 Robertum
660 443 707 480 de
746 443 944 480 Beinfeld'
987 446 1204 489 tenentem,
1254 443 1301 480 de
1344 442 1498 481 duabus
1547 442 1728 491 partibus
1784 443 1904 480 unius
1953 443 2106 489 virgate

400 506 500 541 terre
568 517 660 542 011111
727 504 979 553 pertinentiis
1046 505 1086 542 in
1154 505 1311 551 Cowic⁷,
1378 518 1454 553 que
1519 505 1680 553 quidem
1748 505 1906 554 loquela
1974 504 2107 552 tangit

399 566 709 604 Barthohneum
751 567 884 612 Pech,⁷
930 580 1048 617 quem
1099 580 1165 605 rex
1213 567 1326 605 misit
1365 567 1406 604 in
1460 567 1654 605 nuntium
1706 580 1837 611 suum,
1893 567 1948 604 ita
2000 567 2104 616 quod

399 628 557 678 loquela
597 628 656 665 illi
705 629 896 666 interesse
947 642 1027 667 non
1080 632 1233 678 protest
1283 642 1416 667 coram
1467 629 1537 674 eis,
1587 632 1741 677 ponant
1794 629 1834 665 in
1881 632 2104 677 respectum

399 703 522 739 usque
564 690 604 728 in
647 693 726 729 tres
766 691 1013 740 septimanas
1052 704 1074 728 a
1112 691 1174 729 die
1216 691 1355 729 Sancti
1396 690 1574 735 Hillarii‚
1616 703 1723 728 anno
1762 694 1836 728 etc.
1878 704 1940 728 xx.

503 777 587 815 Rex
634 777 855 816 venerabili
904 778 1007 826 patri
1064 778 1103 815 in
1158 778 1318 816 Christo
1370 778 1431 815 W.
1486 778 1623 815 eadem
1675 777 1805 823 gratia
1859 777 2103 815 Eboracensi

395 839 705 889 archiepiscopo,
748 840 893 888 Anglie
933 840 1097 889 primati
1137 840 1323 877 salutem.
1410 839 1511 878 Cum
1553 839 1773 877 habeamus
1822 839 1859 875 in
1903 839 2107 876 constanti

394 901 599 950 proposito
639 902 679 939 in
715 901 869 940 octabis
929 902 1067 940 Sancti
1126 901 1304 946 Hillarii,
1365 914 1471 939 anno
1524 904 1599 939 etc.
1650 914 1728 945 xx.,
1769 914 1837 938 vos
1877 904 1916 937 et
1956 904 2105 938 ceteros

394 963 531 1001 fideles
581 966 739 1001 nostros
777 976 994 1002 convocare
1033 964 1139 1013 apud
1178 963 1307 1001 Lond’
1349 976 1419 1012 pro
1457 962 1698 1012 quibusdam
1738 962 1914 1011 negociis
1954 963 2104 1000 nostris

393 1025 529 1063 arduis
578 1029 763 1063 nostruin
814 1029 852 1063 et
892 1026 1003 1075 regni
1044 1026 1171 1064 nostri
1211 1028 1363 1063 statum
1406 1024 1668 1074 tangentibus
1707 1028 1887 1062 recenter
1926 1024 2103 1069 emersis,

392 1091 431 1125 et
470 1088 574 1126 inter
612 1093 742 1126 cetera
780 1089 916 1126 fideles
955 1092 1114 1126 nostros
1154 1088 1366 1137 cupiamus
1405 1088 1454 1125 ad
1492 1087 1665 1125 eundem
1702 1087 1923 1124 terminum
1960 1086 2104 1124 habere

393 1150 638 1199 presentiam
693 1150 830 1188 dilecti
880 1151 1017 1188 fratris
1067 1154 1105 1188 01
1151 1151 1281 1188 fidelis
1328 1150 1455 1188 nostri
1496 1150 1541 1186 A.
1584 1149 1686 1198 regis
1729 1149 1864 1187 Scocie
1904 1149 2025 1186 simul
2066 1155 2104 1186 et

395 1211 602 1251 karissime
656 1212 801 1250 sororis
854 1215 988 1250 nostre
1038 1212 1076 1250 J.
1130 1213 1264 1261 regine
1323 1212 1473 1258 Scocie,
1533 1211 1668 1249 uxoris
1726 1224 1808 1256 sue,
1862 1224 1961 1259 quos
2020 1210 2105 1248 sine

394 1274 606 1324 sollempni
646 1275 860 1320 conductu,
901 1275 1005 1313 sicut
1044 1287 1115 1312 nec
1152 1274 1321 1320 deceret,
1359 1274 1508 1312 scimus
1548 1273 1595 1310 ad
1636 1286 1708 1310 nos
1749 1273 1854 1311 nolle
1894 1273 2103 1313 accedere:

392 1337 677 1385 paternitatem
707 1342 879 1375 vestram
910 1350 1100 1386 rogamus
1129 1337 1326 1374 attentius
1356 1336 1562 1385 quatinus,
1595 1336 1698 1373 510111
1729 1348 1801 1373 nos
1837 1338 1876 1373 et
1910 1335 2104 1373 honorem

394 1403 577 1437 nostrum
630 1399 813 1448 diligitis,
864 1403 1033 1448 optentu
1088 1399 1295 1448 petitionis
1334 1402 1469 1436 nostre
1508 1398 1557 1435 ad
1596 1397 1703 1435 diem
1743 1400 1781 1435 01
1820 1397 1966 1443 locuni,
2006 1410 2105 1446 quos

393 1461 562 1499 dilectus
614 1464 653 1499 et
705 1461 834 1499 fidelis
880 1464 1017 1499 noster
1070 1461 1384 1499 Bartliolomeus
1438 1460 1573 1505 Pech’,
1627 1473 1745 1508 quem
1785 1460 1833 1497 ad
1881 1459 2105 1508 predictum

394 1536 527 1572 regem
580 1536 651 1572 pro
700 1523 787 1572 ipso
840 1524 1018 1572 rogando
1072 1527 1116 1561 ut
1166 1536 1257 1561 cum
1313 1521 1491 1571 predicta
1548 1534 1679 1559 sorore
1732 1524 1870 1559 nostra
1927 1521 1975 1558 ad
2033 1534 2106 1559 nos

393 1585 575 1623 accedere
613 1584 816 1634 dignetur,
858 1585 1167 1630 destinavimus,
1208 1584 1320 1622 vobis
1360 1583 1458 1622 scire
1490 1583 1623 1629 faciet,
1657 1596 1737 1620 una
1766 1596 1857 1620 cum
1888 1582 2105 1621 venerabili

394 1649 506 1695 patre
543 1647 589 1685 R.
631 1646 897 1685 Dunelmensi
937 1647 1123 1696 episcopo
1162 1650 1201 1684 01
1239 1646 1396 1684 dilectis
1435 1648 1474 1683 et
1503 1644 1689 1682 fidelibus
1719 1645 1869 1682 nostris
1900 1645 2106 1683 Willelmo

394 1709 441 1746 de
491 1709 631 1759 Vescy,
683 1708 864 1747 Gilberto
916 1710 963 1746 de
1019 1709 1310 1753 Umt'ramvill',
1364 1708 1521 1755 Rogero
1574 1707 1773 1752 bertram,
1821 1707 2009 1745 ‚John-nne
2059 1708 2106 1745 de

394 1771 525 1808 Veteri
562 1771 702 1817 Ponte,
739 1771 926 1810 -Johanne
966 1771 1049 1809 filio
1090 1771 1277 1816 Galfridi,
1315 1770 1546 1808 vicecomite
1576 1772 1714 1807 nostro
1746 1768 1930 1815 Eboraci,
1961 1768 2107 1818 quibus

393 1832 498 1870 idem
550 1833 850 1877 mandavimus,
906 1833 994 1870 sitis
1034 1833 1075 1870 in
1115 1845 1283 1871 occursu
1322 1831 1489 1881 predicti
1530 1831 1634 1880 regis
1673 1834 1712 1868 et
1747 1830 1921 1879 predicte
1961 1831 2107 1869 sororis

395 1898 530 1933 nostre
580 1895 709 1944 parati
754 1895 803 1933 ad
858 1895 965 1944 ipsos
1015 1895 1065 1933 ad
1110 1908 1182 1933 nos
1227 1908 1352 1944 usque
1402 1894 1528 1932 Lond'
1570 1893 1865 1938 conducendos,
1906 1892 1962 1930 ita
2000 1893 2106 1942 quod

395 1957 488 1995 inde
537 1957 773 2007 paternitati
824 1960 953 1995 vestre
1004 1957 1052 1994 ad
1103 1957 1343 2006 capiendum
1397 1959 1602 1994 teneamus
1649 1955 1871 2004 gratiarum
1912 1955 2105 1993 actiones.

396 2019 476 2058 Vos
528 2020 637 2065 item,
693 2020 775 2058 sive
828 2019 1031 2069 predictus
1084 2033 1151 2057 rex
1190 2019 1326 2057 venire
1365 2019 1538 2056 voluerit
1578 2018 1659 2056 sive
1699 2031 1795 2063 non,
1836 2018 1949 2055 nullo
1990 2018 2107 2056 modo

395 2082 596 2121 omittatis
634 2081 732 2131 quin
772 2082 820 2119 ad
857 2081 1078 2119 terminum
1118 2081 1344 2130 predictum
1385 2081 1433 2118 ad
1464 2093 1536 2118 1105
1567 2079 1739 2117 veniatis
1771 2092 1888 2128 super
1917 2079 2108 2128 predictis

396 2144 571 2194 negociis
611 2143 821 2182 nobiscum
864 2144 1088 2182 tractaturi.

509 2248 900 2286 limet—Johannes
939 2248 986 2285 de
1026 2247 1169 2285 Nevill’
1210 2247 1433 2285 attornavit
1481 2246 1699 2284 Ricardum
1741 2244 1871 2282 filium
1914 2245 2109 2285 willelmi

396 2324 533 2350 versus
568 2310 820 2348 Willelmum
851 2309 981 2346 tilium
1013 2310 1202 2358 Hugonis
1246 2309 1551 2353 deforciantem,
1583 2308 1629 2345 de
1669 2307 2030 2345 consuetudinibus
2070 2311 2109 2345 et

396 2373 572 2412 serviciis
610 2386 686 2422 que
726 2372 831 2410 idem
872 2372 1083 2409 -Johannes
1135 2371 1259 2421 exigit
1312 2385 1334 2409 a
1386 2371 1563 2420 predicto
1617 2369 1821 2407 Willelmo
1877 2369 1926 2407 de
1982 2368 2108 2408 libero

396 2438 625 2474 tenemento
664 2448 736 2473 suo
775 2434 880 2483 quod
920 2434 968 2471 de
1006 2447 1051 2471 eo
1092 2437 1202 2472 tenet
1241 2433 1281 2471 in
1322 2433 1539 2472 Carleton’.

507 2550 582 2585 Pru
631 2550 758 2585 abbate
805 2549 847 2583 de
896 2545 1353 2584 [0011110111ῖῖ.-Α1)1)115
1400 2546 1447 2584 110
1494 2544 1765 2583 Dunekewell'
1816 2545 1926 2583 venit
1973 2558 2106 2583 coram

394 2625 484 2661 rege
522 2611 627 2660 apud
667 2610 922 2647 Wintoniam
971 2609 1012 2646 in
1061 2609 1238 2647 crastino
1277 2608 1435 2647 Natalis
1474 2608 1657 2653 Domini,
1698 2620 1806 2645 anno
1848 2610 1922 2646 etc.
1963 2621 2027 2645 xx.
2069 2611 2107 2645 et

396 2674 510 2724 petiit
567 2673 731 2711 terciam
790 2674 943 2721 partem
1004 2671 1124 2710 unius
1190 2674 1374 2710 carucate
1442 2674 1543 2708 terre
1602 2683 1693 2708 011111
1753 2669 2008 2719 pertinentiis
2065 2670 2105 2707 in

396 2735 618 2774 Boclaund'
659 2738 697 2772 et
746 2733 909 2772 terciam
960 2736 1115 2782 partem
1165 2734 1285 2770 unius
1332 2736 1516 2771 carucate
1564 2736 1666 2770 terre
1714 2744 1805 2770 cum
1850 2732 2106 2780 pertinentiis

396 2798 437 2835 in
495 2796 709 2835 Lincumb'
765 2795 838 2833 sibi
895 2795 1117 2844 replegiari‚
1172 2809 1247 2844 que
1300 2799 1415 2844 capte
1468 2795 1633 2832 fuerunt
1688 2794 1727 2830 in
1781 2807 1949 2831 manuni
2004 2794 2106 2843 regis

395 2864 557 2910 propter
595 2859 788 2897 defaltam
837 2857 961 2906 ipsius
1010 2857 1179 2903 abbatis,
1220 2871 1341 2906 quam
1390 2858 1484 2896 fecit
1532 2870 1666 2895 coram
1715 2870 1804 2906 rege
1853 2857 1893 2894 in
1933 2857 2108 2894 crastino

398 2922 638 2960 Animarum
678 2921 719 2957 in
760 2919 917 2968 loquela
955 2933 1031 2968 que
1078 2924 1138 2957 est
1186 2932 1321 2957 coram
1361 2918 1597 2969 justiciariis
1636 2918 1740 2967 regis
1778 2918 1825 2956 de
1865 2918 2001 2956 Banco
2040 2931 2107 2966 per

397 2984 513 3022 breve
548 2982 651 3031 regis
685 2982 789 3019 inter
823 2981 1073 3028 -Johannam,
1107 2995 1181 3030 que
1217 2974 1293 3018 fuit
1328 2994 1427 3019 uxor
1459 2980 1652 3018 Willelmi
1686 2980 1871 3025 Brewer',
1904 2984 2105 3029 petentem

397 3055 436 3085 et
474 3046 696 3096 predictum
737 3043 923 3082 abbatem
974 3047 1194 3082 tenentem.
1280 3044 1335 3082 Et
1384 3044 1458 3081 hoc
1508 3042 1710 3092 significat
1758 3056 1826 3079 rex
1873 3042 2106 3091 justiciariis

397 3108 598 3159 predictis.
676 3107 793 3144 Teste
832 3118 922 3154 rege
960 3106 1065 3154 apud
1106 3106 1374 3151 Wintoniam,
1415 3105 1537 3155 xxvij.
1579 3104 1642 3142 die
1680 3103 1927 3143 Decembris.

505 3217 801 3257 &dal—Prior
841 3216 981 3255 Sancti
1021 3216 1220 3255 Swithun'
1265 3217 1470 3255 Wintonie
1508 3216 1729 3255 attornavit
1770 3215 2019 3253 Willelmum
2059 3216 2107 3253 de

398 3281 601 3321 Porlaund
639 3292 775 3318 versus
810 3278 1026 3327 Hugonem
1063 3278 1158 3316 Kut⁷
1196 3282 1415 3327 petentem,
1449 3279 1496 3316 de
1535 3278 1704 3315 dimidia
1742 3277 1837 3314 hida
1875 3280 1976 3314 terre
2014 3290 2105 3315 cum

397 3342 652 3395 pertinentiis
691 3341 732 3379 in
771 3339 1096 3379 Muchelmareis.
