2375 3587
208 153 289 195 152

263 282 408 331 1235.

267 351 327 390 [m.
349 350 393 388 1.]

1134 155 1317 198 CLOSE
1358 154 1562 197 ROLLs.

614 351 688 386 Pro
718 351 766 386 Α.
788 352 975 387 cmm'tisxa
1011 351 1305 388 l’enbr'.—Rex
1335 348 1552 387 baronibus
1582 347 1665 386 suis
1693 348 1741 385 de
1772 346 1979 386 Scaccario
2008 346 2194 385 salutem.

503 410 647 449 Sciatis
690 412 794 460 quod
840 412 1149 461 perdonavimus
1196 411 1338 449 dilecte
1385 410 1509 449 sorori
1552 412 1687 448 nostre
1724 409 1771 448 A.
1809 409 2013 447 comitisse
2051 408 2195 447 Penbr'

500 472 765 521 quadraginta
801 472 923 511 libras
959 486 1035 522 que
1072 473 1288 522 exiguntur
1326 471 1375 510 ab
1408 485 1454 510 ea
1492 484 1560 520 per
1598 470 1958 509 summonitionem
1999 470 2195 510 Scaccarii

501 534 627 571 nostri
669 546 739 583 pro
778 534 980 572 Willelmo
1018 534 1195 584 Joynier.
1280 532 1597 571 Perdonavimus
1645 531 1768 570 etiam
1815 532 1944 569 eidem
1995 531 2197 570 comitisse

499 598 662 633 centum
695 595 923 645 quindecim
958 595 1091 641 libras,
1124 608 1267 634 novem
1302 594 1448 633 solidos
1482 596 1521 632 et
1554 607 1621 632 sex
1651 593 1847 640 denarios,
1882 593 1950 643 qui
1981 593 2196 643 exiguntur

498 655 547 693 ab
592 669 638 694 ea
683 669 751 706 per
797 656 1153 695 summonitionem
1200 655 1394 694 Scaccarii
1441 655 1569 693 nostri
1616 667 1687 704 pro
1734 654 1867 693 debito
1913 655 2018 704 quod
2064 667 2196 693 comes

501 720 560 756 W.
601 718 873 765 Marescallus,
911 719 1113 768 quondam
1160 718 1220 755 vir
1267 730 1376 763 suus,
1426 716 1542 755 nobis
1591 716 1742 755 debuit.
1843 717 1898 755 Et
1949 716 2037 755 ideo
2083 715 2195 755 vobis

499 780 740 818 mandamus
777 781 882 830 quod
916 781 963 818 de
1000 780 1188 829 predictis
1225 779 1494 829 qnadraginta
1532 777 1644 816 libris
1673 781 1712 816 et
1740 778 1787 816 de
1814 778 2003 828 predictis
2031 782 2194 817 centum

499 842 727 890 quindecim
775 842 899 887 libris,
948 854 1091 880 novem
1141 841 1279 880 solidis
1327 844 1366 880 et
1413 853 1481 879 sex
1528 840 1701 878 denariis
1748 840 1879 889 ipsam
1944 840 2194 879 comitissam

498 903 674 951 quietam
724 916 808 942 esse
857 903 1026 941 faciatis.
1113 903 1229 941 Teste
1276 915 1366 951 rege
1414 902 1519 952 apud
1568 901 1985 949 Westmonasterium‚
2024 915 2088 940 xx.
2132 902 2195 940 die

501 964 697 1003 Octobris.
1962 965 1964 967 ’

610 1053 687 1088 I’ro
727 1053 890 1101 Hemone
927 1055 968 1089 ale
1010 1051 1490 1100 (r'111·nc‹31.—Mandatum
1530 1054 1590 1088 est
1628 1050 1862 1100 justiciariis
1891 1051 1941 1088 ad
1971 1050 2193 1089 custodiam

499 1112 718 1151 Judeorum
758 1113 973 1163 assignatis
1010 1114 1115 1162 quod
1153 1113 1410 1159 demandam,
1451 1125 1571 1162 quam
1610 1112 1741 1150 David
1779 1113 1826 1151 de
1860 1113 2027 1158 Omnia,
2059 1112 2193 1150 Aaron

499 1174 698 1220 London’,
774 1175 905 1213 Mosse
975 1175 1083 1213 filius
1157 1175 1299 1221 Ysaac,
1366 1174 1543 1213 Jacobo*
1618 1174 1783 1224 Crespin
1849 1177 1888 1212 et
1953 1173 2195 1212 Benedictus

500 1235 679 1284 Crespin‚
719 1236 850 1281 Judei,
900 1236 1055 1275 faciunt
1108 1236 1276 1285 Hugoni
1328 1236 1375 1273 de
1425 1235 1593 1286 Gurnay
1639 1236 1687 1273 de
1737 1235 1884 1273 debitis
1912 1248 2007 1285 ·que
2054 1235 2104 1273 ab
2149 1248 2195 1273 eo

498 1298 676 1345 exigunt,
717 1298 811 1347 poni
849 1298 1000 1336 faciant
1040 1298 1080 1335 in
1116 1300 1343 1347 respectum
1383 1311 1506 1347 usque
1546 1298 1594 1335 ad
1633 1297 1796 1336 octabas
1845 1297 1984 1337 Sancti
2031 1296 2194 1335 Hillarii

498 1371 603 1396 anno
641 1363 714 1404 etc,
747 1373 810 1397 xx.
851 1359 908 1398 ita
943 1360 1048 1409 quod
1081 1360 1243 1398 interim
1283 1363 1438 1398 cessent
1478 1372 1610 1397 usure.
1684 1359 1801 1398 Teste
1839 1372 1929 1410 rege
1967 1362 2012 1398 ut
2058 1372 2192 1409 supra.

498 1420 572 1458 Per
610 1421 658 1459 R.
697 1422 824 1459 filium
865 1422 1061 1460 Nicholai.

606 1510 683 1546 Pro
721 1509 898 1546 ζῙωΙιαηηεν
938 1510 1017 1551 sili«,
1064 1509 1394 1557 [³711·l2·2,211'.—Rex
1432 1509 1628 1547 concessit
1668 1509 1848 1547 Johanni
1886 1508 1971 1547 filio
2013 1509 2193 1559 Philippi

497 1583 651 1607 annum
691 1570 792 1619 regis
831 1573 869 1608 et
907 1570 1010 1608 diem
1049 1570 1096 1608 (10
1136 1570 1252 1608 terris
1288 1570 1390 1620 Elye
1429 1570 1503 1607 filii
1543 1570 1714 1608 Giffardi
1763 1574 1801 1609 et
1850 1570 2019 1609 Giffardi
2067 1571 2193 1620 patris

497 1633 595 1681 ejus,
651 1632 719 1681 qui
776 1632 945 1681 utlagati
993 1635 1089 1669 sunt
1136 1645 1206 1681 pro
1255 1635 1383 1670 morte
1432 1632 1596 1670 Roberti
1644 1633 1691 1670 de
1740 1632 2058 1683 Wullavynton’.
2140 1634 2194 1671 Et

496 1694 733 1731 mandatum
772 1697 830 1731 est
868 1694 1092 1732 vicecomiti
1124 1694 1329 1743 Wigornie
1369 1694 1473 1743 quod
1512 1694 1690 1743 predicto
1721 1694 1900 1733 ι1011311111
1930 1695 1977 1733 (10
2005 1694 2194 1744 predictis

496 1755 611 1793 terris
649 1755 809 1804 plenam
848 1755 1039 1793 seisinam
1080 1755 1226 1793 habere
1266 1755 1403 1793 faciat.
1480 1756 1597 1794 Teste
1636 1759 1680 1794 ut
1719 1769 1851 1806 supra.

607 1842 700 1890 [l'ro
765 1844 830 1891 (r'.]
899 1842 1125 1878 Maras-fallo
1190 1843 1319 1877 comite
1379 1841 1676 1879 Petzbr’.—Rex
1732 1841 1950 1881 baronibus
2007 1841 2090 1881 suis
2144 1844 2192 1882 de

498 1902 703 1941 Scaccario
742 1903 926 1940 salutem.
1006 1902 1153 1941 Sciatis
1190 1903 1295 1951 quod
1334 1903 1646 1952 perdonavimus
1675 1903 1821 1942 dilecto
1850 1906 1889 1942 et
1919 1904 2025 1942 fideli
2056 1907 2193 1943 nostro

496 1964 544 2001 G.
586 1964 832 2010 Marescallo,
872 1964 1009 2002 comiti
1049 1964 1209 2010 Penbr’,
1251 1964 1443 2002 relevium
1498 1978 1630 2011 suum,
1671 1966 1777 2015 quod
1815 1965 1930 2004 nobis
1968 1965 2107 2004 debuit
2144 1967 2192 2006 de

495 2025 610 2063 terris
647 2039 746 2075 quas
785 2028 830 2063 R.
873 2027 1146 2072 Marescallus,
1188 2027 1391 2076 quondam
1432 2039 1566 2065 comes
1609 2027 1770 2074 Penbr‘‚
1820 2029 1943 2066 frater
1988 2042 2099 2076 suus,
2144 2030 2192 2068 de

494 2087 609 2126 nobis
648 2089 789 2126 tenuit.
867 2089 922 2127 Et
960 2089 1047 2127 ideo
1086 2088 1197 2127 vobis
1236 2090 1478 2127 mandamus
1516 2090 1621 2139 quod
1659 2090 1884 2139 predictum
1923 2091 2112 2130 comitem
2142 2092 2190 2130 de

494 2150 639 2189 relevio
676 2151 853 2200 predicto
891 2151 1075 2201 quietum
1115 2164 1199 2189 esse
1239 2151 1410 2190 faciatis.
1488 2151 1604 2189 Teste
1642 2155 1686 2190 ut
1733 2165 1866 2202 supra.

604 2239 712 2287 [Pru]
761 2239 1008 2275 l-Jatlmniensi
1038 2240 1217 2286 episcopa,
1250 2240 1291 2275 (1(1
1326 2246 1483 2276 mereata
1519 2240 2100 2287 prosternendo.—Mandatum
2134 2244 2194 2280 est

493 2299 716 2337 vicecomiti
752 2300 928 2337 Sumers'
962 2300 1067 2349 quod
1102 2303 1341 2346 mercatum,
1375 2301 1480 2349 quod
1512 2300 1634 2349 Hugo
1669 2301 1716 2338 de
1756 2301 1900 2340 Vivon'
1937 2302 2060 2341 levari
2098 2303 2192 2342 fecit

493 2362 531 2398 in
576 2362 742 2411 Sypton'
783 2362 832 2399 ad
872 2365 1163 2400 nocumentum
1202 2363 1369 2401 mercati
1408 2362 1650 2400 venerabilis
1680 2364 1805 2413 patris
1835 2367 1873 2402 J.
1905 2365 2191 2404 Bathoniensis

491 2423 664 2472 episcopi
721 2424 761 2460 in
820 2424 982 2470 welles,
1041 2424 1127 2461 sine
1179 2424 1373 2463 dilatione
1430 2423 1632 2474 prohiberi
1686 2425 1808 2464 faciat
1859 2428 1898 2464 et
1946 2439 2014 2476 per
2066 2430 2190 2466 totam

492 2483 655 2522 balliam
694 2498 809 2522 suam
848 2485 1013 2523 clamari
1053 2498 1102 2523 ne
1133 2486 1314 2524 decetero
1355 2489 1552 2524 teneatur.
1631 2486 1749 2525 Teste
1789 2490 1833 2525 ut
1869 2501 2002 2537 supra.

603 2574 678 2609 1)νο
726 2573 778 2608 W.
819 2576 947 2609 comm
990 2573 1506 2611 Warenm‘e.—--Man(latuin
1549 2576 1608 2611 est
1651 2573 1876 2613 vicecomiti
1915 2575 2045 2614 Rotel’
2086 2577 2190 2626 quod

492 2646 573 2671 non
613 2633 828 2681 distringat
866 2633 1052 2671 homines
1091 2633 1154 2671 W.
1190 2633 1350 2671 comitis
1385 2634 1598 2672 Warennie
1631 2635 1678 2672 de
1712 2635 1947 2674 Bradecroft
1980 2637 2029 2674 ad
2062 2641 2190 2676 sectas

492 2695 693 2733 faciendas
758 2694 806 2731 ad
871 2695 1110 2732 comitatum
1176 2708 1293 2732 suum
1359 2695 1477 2733 aliter
1532 2708 1653 2745 quam
1711 2696 1839 2735 facere
1895 2703 2190 2738 consueverunt

492 2760 670 2806 tempore
717 2756 871 2794 domini
919 2756 957 2794 J.
1004 2756 1120 2805 regis,
1170 2756 1296 2805 patris
1345 2757 1399 2794 H.
1450 2757 1566 2806 regis,
1617 2760 1655 2796 et
1701 2761 1919 2809 antequam
1968 2764 2100 2799 essent
2146 2761 2188 2799 in

492 2831 617 2855 manu
655 2817 822 2867 predicti
860 2817 1034 2856 comitis.
1112 2818 1229 2856 Teste
1267 2821 1312 2856 ut
1351 2831 1485 2868 supra.

600 2906 656 2941 De
694 2906 885 2942 tradendis
926 2906 966 2941 in
1003 2904 1335 2951 balloe'nm.—-Quia
1373 2918 1440 2943 rex
1479 2905 1619 2944 didicit
1657 2919 1727 2955 per
1773 2907 2080 2957 inquisitionem
2119 2923 2188 2959 per

492 2965 766 3004 vicecomitem
825 2965 997 3004 Eboraci
1054 2966 1203 3004 factam
1258 2966 1363 3015 quod
1422 2966 1564 3005 Simon
1624 2968 1673 3005 de
1729 2968 1945 3018 Esington'
2007 2972 2186 3020 appellat

493 3027 715 3065 Radulfum
755 3026 920 3064 Talebot
959 3029 997 3064 et
1038 3027 1289 3065 Willelmum
1329 3027 1460 3065 filium
1499 3028 1660 3066 Radulfi
1699 3029 1746 3067 de
1781 3030 1934 3075 Ulram,
1971 3036 2109 3082 captos
2148 3036 2187 3072 et

492 3090 676 3127 detentos
725 3089 765 3125 in
813 3088 975 3137 prisona
1020 3088 1124 3137 regis
1171 3089 1357 3135 Eboraci,
1398 3090 1445 3127 de
1483 3093 1611 3128 morte
1654 3091 1847 3129 Willelmi
1886 3093 1933 3130 de
1971 3094 2184 3133 Esincton’

492 3150 581 3188 odio
619 3152 657 3188 et
696 3150 778 3188 atia
816 3152 855 3187 et
893 3162 973 3187 non
1022 3162 1067 3188 eo
1114 3150 1219 3199 quod
1266 3150 1359 3188 inde
1405 3150 1625 3200 culpabiles
1673 3152 1779 3199 sint3
1839 3154 2079 3193 mandatum
2126 3159 2186 3195 est

491 3213 619 3250 eidem
666 3211 890 3250 vicecomiti
938 3212 1056 3262 quod,
1105 3212 1137 3250 01
1184 3212 1335 3261 singuli
1381 3213 1653 3261 predictorum
1701 3214 1863 3252 Radulfi
1910 3216 2107 3256 Thalebot
2149 3221 2187 3257 et

1207 3316 1294 3348 *Sic
1327 3317 1362 3347 in
1395 3316 1466 3349 MS.
