2375 3587
231 320 357 366 1234

217 386 277 425 [m.
309 384 379 425 23.]

1104 209 1156 248 19
1194 206 1398 247 HENRY
1439 207 1520 247 III.
2115 208 2167 246 21

574 401 653 438 Pro
694 403 880 440 Gileberto
912 404 1057 449 Basset,
1089 404 1132 440 de
1160 404 1281 451 fustis
1319 401 1732 439 datis.—Mandatu1n
1771 403 1832 439 est
1871 399 2169 439 constabulario

466 461 698 502 Divisarum
736 464 838 513 quod
889 464 1010 503 faciat
1058 463 1206 503 habere
1254 463 1458 502 Gileberto
1505 463 1648 501 Basset
1694 462 1923 512 quindecim
1972 462 2079 500 [usta
2125 462 2166 500 in

465 524 613 563 foresta
650 526 698 564 de
737 526 960 576 Chipeham
999 530 1038 566 et
1077 526 1308 576 quindecim
1348 526 1455 564 fusta
1493 525 1535 563 in
1574 525 1723 563 foresta
1759 525 1806 562 de
1837 524 2087 562 Melkesham
2117 525 2165 562 ad

464 586 742 633 maeremium,
790 587 837 626 de
884 587 990 626 dono
1044 587 1161 637 regis.
1248 588 1364 625 Teste
1412 600 1501 636 rege
1549 589 1594 623 ut
1652 598 1784 634 supra.
1881 586 1954 622 Per
2012 585 2060 622 G.
2119 585 2166 622 de

464 648 718 687 Craucumb'.

572 736 812 776 Mandatum
869 741 929 776 est
987 737 1171 777 Galfrido
1227 737 1424 787 Esturmy
1479 736 1585 786 quod
1640 735 1785 774 habere
1850 735 1971 773 faciat
2037 734 2166 772 eidem

465 798 669 838 Gileberto
705 800 841 839 decem
879 801 988 839 fusta
1021 800 1060 838 in
1094 800 1243 839 foresta
1272 799 1319 837 de
1351 797 1566 838 Savernak’
1598 798 1647 836 ad
1677 797 1953 843 maeremium,
1985 798 2031 835 (16
2061 797 2166 835 (10110

464 861 581 911 regis.
657 861 774 900 Teste
813 865 858 901 ut
899 875 1033 912 supra.
1111 862 1188 901 Per
1226 862 1398 900 eundem
1438 861 1486 899 G.

574 970 652 1006 Pro
692 970 847 1007 Roberto
886 972 928 1007 de
968 969 1427 1018 Twensff’.-—Mandatum
1466 970 1525 1006 est
1572 967 1796 1005 vicecomiti
1845 966 2016 1005 Eboraci
2063 967 2167 1017 quod

464 1043 533 1079 per
570 1034 869 1070 sacramentum
907 1032 1122 1082 proborum
1170 1035 1209 1070 et
1256 1031 1447 1081 legalium
1495 1030 1711 1068 hominum
1758 1030 1806 1068 de
1854 1030 2048 1068 comitatu
2096 1043 2168 1068 suo

463 1093 624 1131 extendi
676 1093 798 1133 faciat
836 1097 983 1133 terram
1022 1093 1188 1133 Roberti
1227 1094 1274 1132 de
1332 1093 1494 1142 Tweng’
1544 1092 1586 1129 in
1634 1091 1755 1130 ballia
1805 1105 1887 1138 sua,
1936 1092 2003 1141 qui
2052 1091 2167 1130 debet

464 1155 604 1202 Leoni,
644 1157 773 1195 Judeo
811 1156 996 1203 Eboraci,
1036 1157 1246 1207 sexaginta
1283 1155 1406 1194 libras
1443 1158 1488 1193 ut
1526 1155 1636 1201 dicit,
1675 1157 1875 1204 quantum
1924 1154 2054 1192 valeat
2101 1167 2170 1204 per

463 1230 618 1256 annum
656 1218 698 1257 in
736 1219 950 1258 dominicis
989 1219 1224 1265 redditibus,
1265 1217 1442 1257 serviciis
1478 1220 1517 1256 et
1553 1216 1643 1255 aliis
1677 1216 1865 1261 exitibus,
1897 1220 1935 1255 et
1964 1219 2167 1255 extentam

464 1280 578 1319 illam
626 1280 699 1319 sub
756 1281 889 1331 sigillo
945 1295 1017 1320 suo
1073 1284 1148 1321 etc.
1207 1281 1306 1320 scire
1364 1279 1487 1318 faciat
1542 1279 1778 1329 justiciariis
1836 1279 1884 1317 ad
1942 1278 2168 1317 custodiam

464 1343 685 1382 Judeorum
714 1343 931 1393 assignatis
969 1344 1076 1394 apud
1105 1341 1512 1383 Westmonasterium
1543 1341 1585 1379 in
1627 1341 1790 1379 Octabis
1823 1341 1962 1380 Sancti
1993 1341 2169 1378 Hillarii.

465 1406 582 1444 Teste
619 1409 665 1445 ut
703 1419 836 1456 supra.

572 1468 628 1506 Et
658 1468 897 1507 mandatum
927 1472 987 1508 est
1020 1468 1209 1519 predictis
1239 1467 1473 1519 justiciariis
1506 1466 1611 1516 quod
1643 1466 1864 1504 secundum
1899 1465 2169 1515 quantitatem

464 1529 632 1579 predicti
669 1530 794 1569 debiti
828 1534 866 1569 et
904 1531 1083 1570 valorem
1122 1534 1224 1569 terre
1262 1529 1437 1579 predicte
1476 1528 1653 1578 predicto
1693 1528 1866 1566 Roberto
1905 1528 1951 1566 de
1991 1528 2169 1577 predicto

463 1592 598 1632 debito
636 1592 894 1632 rationabiles
933 1594 1128 1632 terminos
1166 1592 1311 1631 habere
1349 1592 1514 1630 faciant.
1584 1591 1701 1629 Teste
1739 1593 1782 1629 ut
1821 1604 1953 1640 supra.

573 1688 774 1726 Dominus
811 1701 879 1726 rex
916 1688 1114 1727 concessit
1152 1687 1326 1726 Roberto
1365 1687 1412 1724 de
1450 1687 1489 1724 la
1528 1686 1667 1723 Bruer'
1703 1685 1792 1723 illos
1827 1688 1991 1724 centum
2024 1685 2170 1724 solidos

463 1763 563 1800 quos
596 1751 704 1800 prior
737 1753 776 1789 et
807 1750 989 1789 canonici
1023 1751 1070 1789 de
1105 1749 1385 1788 Finnesheved
1415 1749 1581 1787 domino
1616 1747 1697 1797 regi
1728 1748 1890 1785 reddere
1929 1746 2170 1786 tenebantur

464 1826 534 1863 per
579 1825 733 1851 annum
781 1826 852 1863 pro
900 1816 1053 1852 essarto
1100 1812 1207 1851 bosci
1255 1812 1302 1850 de
1341 1811 1578 1856 Dodinton',
1619 1810 1723 1859 quod
1763 1823 1831 1848 rex
1870 1812 1926 1848 eis
1965 1810 2170 1848 commisit

464 1875 513 1913 ad
560 1875 718 1913 firmam
761 1888 886 1925 usque
931 1876 981 1913 ad
1022 1875 1244 1913 terminum
1282 1874 1459 1924 quinque
1497 1885 1710 1919 annorum,
1752 1873 1857 1910 unde
1895 1885 2000 1910 unus
2039 1885 2170 1910 annus

464 1941 503 1975 et
535 1937 709 1987 amplius
745 1938 828 1988 jam
872 1938 1065 1987 preteriit.
1150 1937 1206 1976 Et
1245 1936 1484 1975 mandatum
1524 1939 1584 1974 est
1623 1934 1839 1973 baronibus
1877 1935 1923 1972 de
1965 1934 2171 1973 Scaccario

464 2000 569 2050 quod
607 2000 665 2039 ita
697 2000 783 2039 fieri
821 2003 860 2039 et
898 2000 1112 2039 inrotulari
1152 1999 1316 2038 faciant.
1394 1999 1510 2037 Teste
1546 2011 1637 2048 rege
1677 1998 1783 2047 apud
1822 1995 2033 2048 Kenyton'‚
2076 2011 2166 2035 xxx.

464 2060 528 2099 die
566 2060 817 2100 Novembris.

575 2179 653 2215 Pro
712 2179 877 2215 [eicardo
934 2179 976 2214 de
1033 2178 1254 2215 Sandiacr’.
1350 2177 1406 2214 De
1462 2175 1754 2213 ,Jmla‘ffi--Rex
1819 2173 2055 2224 justiciariis
2120 2174 2168 2212 ad

464 2239 691 2278 custodiam
742 2239 964 2277 Judeorum
1011 2238 1228 2288 assignatis
1277 2238 1464 2276 salutem.
1556 2236 1701 2275 Sciatis
1747 2236 1853 2285 quod
1900 2235 2170 2273 concessimus

465 2301 637 2340 Ricardo
687 2301 734 2339 de
780 2301 987 2340 Sandiacr’
1037 2300 1143 2351 quod
1194 2300 1376 2350 vigintass
1419 2312 1487 2337 sex
1532 2311 1700 2344 marcas,
1736 2298 1776 2335 in
1824 2297 1969 2347 quibus
2010 2300 2170 2335 tenetur

465 2363 606 2409 Leoni,
663 2363 791 2402 Judeo
851 2362 1036 2409 Eboraci,
1097 2363 1317 2413 Peytevffl',
1382 2362 1511 2399 ‚Judeo
1571 2360 1701 2406 Linc',
1760 2363 1799 2398 et
1856 2360 1982 2405 Isaac,
2041 2359 2169 2397 Judeo

466 2425 676 2475 Notingh’,
709 2425 847 2463 reddat
880 2425 1029 2463 eisdem
1061 2438 1084 2463 a
1114 2425 1338 2464 Nativitate
1370 2423 1538 2462 Domini
1572 2435 1680 2460 anno
1711 2422 1824 2471 regni
1856 2421 1985 2460 nostri
2017 2421 2170 2459 decimo

466 2500 574 2526 nono
621 2500 746 2537 usque
793 2487 834 2525 in
883 2487 983 2526 duos
1031 2499 1159 2525 annos
1206 2486 1391 2536 proximo
1430 2487 1667 2535 sequentes3
1717 2483 1917 2529 videlicet,
1959 2483 2000 2520 in
2040 2483 2170 2532 primo

465 2562 572 2588 anno
610 2550 659 2587 ad
704 2549 860 2588 Pascha
898 2552 978 2588 tres
1026 2562 1181 2587 marcas
1228 2551 1266 2587 et
1314 2548 1367 2587 xl.
1417 2547 1617 2594 denarios,
1666 2546 1707 2584 in
1757 2545 1980 2583 Nativitate
2032 2545 2169 2583 Sancti

466 2611 668 2650 Johannis
714 2611 899 2661 Baptiste
947 2611 1130 2661 proximo
1169 2614 1358 2661 sequente
1397 2613 1478 2648 tres
1517 2621 1672 2647 marcas
1710 2611 1748 2646 et
1796 2608 1850 2645 xl.
1891 2607 2088 2653 denarios,
2129 2607 2169 2645 in

465 2673 568 2712 festo
608 2672 747 2712 Sancti
786 2673 997 2712 Michaelis
1035 2673 1219 2723 proximo
1257 2675 1447 2722 sequente
1487 2674 1567 2710 tres
1604 2683 1760 2709 marcas
1799 2672 1838 2707 et
1877 2669 1929 2706 xl.
1970 2669 2168 2714 denarios,

466 2738 505 2774 et
538 2735 580 2773 in
614 2735 835 2773 Nativitate
870 2735 1037 2774 Domini
1068 2735 1252 2784 proximo
1286 2737 1477 2785 sequente
1512 2736 1592 2772 tres
1622 2745 1778 2770 marcas
1813 2733 1851 2769 et
1885 2731 1938 2768 xl.
1972 2731 2168 2776 denarios,

466 2801 505 2836 et
552 2797 594 2835 in
641 2798 816 2836 secundo
864 2811 971 2836 anno
1017 2798 1067 2836 ad
1115 2797 1298 2847 singulos
1345 2796 1540 2835 terminos
1588 2794 1785 2844 predictos
1825 2795 1904 2830 tres
1942 2805 2096 2830 marcas
2134 2796 2172 2830 et

466 2860 520 2898 xl.
566 2859 751 2898 denarios
802 2873 927 2909 usque
979 2860 1028 2898 ad
1073 2859 1297 2909 plenariam
1347 2858 1590 2897 solutionem
1641 2856 1766 2895 totius
1815 2854 1938 2892 debiti
1990 2854 2170 2903 predicti,

467 2922 600 2961 usuris
637 2921 800 2960 interim
839 2921 1102 2960 cessantibus.
1185 2922 1241 2959 Et
1284 2921 1372 2959 ideo
1411 2919 1523 2959 vobis
1563 2918 1806 2957 mandamus
1848 2916 1953 2966 quod
1995 2916 2172 2965 predicto

467 2984 639 3023 Ricardo
671 2984 865 3023 terminos
896 2984 1094 3034 predictos
1128 2984 1178 3022 ad
1211 2983 1394 3022 debitum
1429 2982 1648 3021 eorundem
1680 2980 1902 3018 Judeorum
1934 2978 2170 3016 solvendum

467 3045 614 3085 habere
651 3046 822 3092 faciatis,
862 3046 966 3085 sicut
999 3046 1226 3096 predictum
1260 3048 1333 3084 est.
1404 3045 1473 3090 Et,
1507 3043 1539 3082 si
1574 3043 1679 3080 idem
1716 3041 1912 3079 Ricardus
1947 3039 2170 3078 disseisitus

468 3108 589 3147 fuerit
638 3108 685 3146 de
737 3113 840 3146 terra
891 3121 964 3146 sua
1015 3108 1223 3147 occasione
1269 3106 1438 3156 predicti
1483 3105 1621 3151 debiti,
1676 3104 1809 3153 ipsum
1856 3102 1948 3139 inde
1998 3101 2169 3140 reseisiri

468 3170 652 3216 faciatis3
708 3170 764 3208 ita
814 3173 952 3208 tamen
1001 3171 1106 3220 quod
1170 3182 1329 3208 securos
1389 3168 1511 3207 faciat
1577 3164 1830 3205 vicecomites
1888 3166 2060 3208 nostros,
2128 3164 2169 3200 in

467 3245 639 3282 quorum
702 3231 834 3270 balliis
897 3234 1023 3271 terras
1080 3245 1172 3270 suas
1229 3230 1363 3277 habet,
1416 3230 1463 3268 de
1513 3228 1697 3267 terminis
1755 3225 1944 3275 predictis
1999 3225 2172 3263 fideliter

468 3293 777 3333 observandasfi³

1199 3408 1213 3423 *
1237 3405 1291 3438 Sic
1315 3406 1351 3437 in
1374 3405 1447 3437 MS.
