2375 3587
130 319 271 366 1236.

117 386 175 427 [m.
205 386 278 424 21.]

1003 200 1055 239 21
1099 189 1307 239 HENRY
1348 189 1429 240 111.
1988 201 2070 241 389

476 398 553 433 Pro
602 397 812 433 luminibus
850 398 892 432 de
938 396 1362 445 Ia'qsliz.—Maiidatuiii
1401 398 1461 433 est
1509 394 1725 434 baronibus
1763 396 1810 434 de
1860 394 2067 434 Scaccario

366 457 472 505 quod
519 458 760 495 demandam
800 471 920 506 (1116111
968 458 1124 495 faciunt
1172 457 1407 495 hominibus
1445 457 1493 494 (16
1533 457 1649 495 Roffa
1687 458 1734 495 de
1774 458 1827 507 vj.
1868 456 1981 495 libris
2019 456 2066 493 de

366 518 484 557 firma
516 519 610 557 ville
649 533 718 557 sue
747 520 793 557 de
823 519 952 565 Roffa,
987 520 1034 557 de
1067 519 1212 569 quibus
1251 519 1457 558 contentio
1491 522 1552 557 est
1590 519 1695 557 inter
1734 519 2065 557 Cantuariensem

363 581 710 631 archiepiscopum
775 584 814 619 et
870 581 979 631 ipsos
1042 581 1228 620 homines
1285 581 1332 619 de
1399 580 1514 618 Roffa
1571 593 1642 630 pro
1698 580 1882 619 libertate
1939 580 2065 629 ipsius

362 643 663 693 archiepiscopi,
703 643 744 680 in
783 646 1008 692 respectum
1057 646 1211 693 ponant
1249 656 1374 692 usque
1413 656 1436 680 a
1483 642 1585 680 festo
1635 642 1774 681 Sancti
1819 642 1984 680 Hillarii
2023 642 2064 679 in

363 718 426 742 xv.
459 705 541 743 dies
578 718 685 742 anno
724 705 838 754 regni
876 705 956 755 xxj.
990 708 1028 743 et
1068 707 1165 743 tunc
1200 704 1350 754 inquiri
1385 704 1537 742 faciant
1572 707 1708 742 utrum
1744 704 1841 742 dicti
1880 704 2065 742 homines

362 766 489 805 dictas
519 767 573 816 vj.
607 766 730 805 libras
762 767 844 816 regi
879 767 1042 804 reddere
1081 766 1251 804 debeant
1290 766 1340 804 ad
1382 766 1635 804 Scaccarium
1669 766 1709 803 in
1742 766 1860 803 firma
1893 765 2065 814 predicte

361 828 469 874 ville,
509 842 561 866 an
600 829 692 866 inde
730 828 855 878 quieti
893 841 978 866 esse
1016 828 1189 866 debeant
1228 841 1296 877 per
1333 827 1562 865 libertatem
1597 828 1723 877 ipsius
1763 827 2063 876 archiepiscopi,

362 894 407 928 ut
444 891 598 929 dicunt.
676 891 793 928 Teste
833 903 924 939 rege
962 892 1007 928 ut
1046 903 1179 940 supra.

470 979 548 1015 Pro
586 979 837 1015 arconem-ibus
880 979 920 1015 T.
961 979 1146 1026 quondam
1198 979 1446 1015 Nara-{censete
1493 976 1969 1025 epz'scopz'.—Mandatum
2008 978 2067 1013 est

362 1040 542 1077 Johanni
591 1040 763 1078 Gubaud
811 1039 915 1089 quod
962 1039 1009 1077 de
1057 1038 1245 1077 omnibus
1294 1039 1408 1077 bonis
1447 1052 1523 1088 que
1570 1038 1735 1076 fuerunt
1779 1038 1823 1076 T.
1862 1038 2063 1086 quondam

362 1102 537 1150 episcopi
590 1101 868 1145 Norwicensis‚
918 1101 960 1138 in
1002 1101 1150 1147 Wilzes,
1192 1101 1405 1138 Bia-keton’
1455 1104 1493 1138 et
1544 1101 1585 1138 in
1639 1100 1855 1145 Crleiilia1n,
1905 1100 2065 1148 plenam

362 1163 554 1201 seisinam
592 1163 737 1201 habere
775 1163 898 1201 faciat
935 1162 1213 1201 executoribus
1252 1163 1431 1213 ejusdem
1469 1162 1644 1211 episcopi
1684 1162 1732 1199 ad
1777 1165 2065 1199 testamentum

361 1225 488 1274 ipsius
526 1225 701 1274 episcopi
735 1225 1012 1275 exequendum
1052 1227 1091 1262 et
1130 1228 1224 1262 sunt
1264 1224 1305 1262 in
1345 1238 1466 1262 manu
1505 1224 1622 1273 regis,
1659 1223 1824 1261 retentis
1863 1223 1904 1260 11]
1944 1237 2067 1261 11161111

363 1287 466 1336 regis
508 1286 634 1325 bobus
672 1289 711 1324 61
750 1286 894 1325 averiis
932 1289 971 1324 et
1010 1287 1164 1325 carucis
1208 1287 1255 1324 de
1303 1285 1491 1335 predictis
1530 1285 1722 1323 maneriis
1769 1285 1817 1323 (16
1856 1285 1991 1323 Wikes
2029 1289 2068 1323 et

363 1350 410 1387 (16
461 1349 658 1387 Blaketon
708 1349 757 1386 ad
806 1352 931 1387 terras
977 1349 1197 1386 eorundem
1246 1348 1521 1386 maneriorum
1570 1348 1807 1386 excolendas
1862 1350 1900 1385 et
1951 1347 2069 1386 blado

364 1412 608 1450 sufficienter
640 1412 686 1449 ad
731 1420 856 1449 terras
896 1411 1002 1460 ipsas
1042 1411 1280 1448 seminanda
1312 1412 1394 1461 (sie)
1436 1414 1474 1449 et
1515 1411 1731 1448 servientes
1767 1411 2068 1456 sustentandos,

363 1488 438 1524 que
470 1488 561 1512 cum
600 1475 681 1512 sint
720 1477 876 1511 retenta
914 1473 1132 1522 appreciari
1172 1473 1294 1511 160161
1334 1486 1402 1522 per
1441 1476 1738 1511 sacramentum
1777 1471 1991 1521 proborum
2031 1476 2071 1511 et

363 1537 554 1586 legalium
604 1536 831 1580 hominum,
880 1535 973 1585 quia
1012 1535 1186 1584 pretium
1230 1535 1331 1572 illud
1371 1535 1458 1572 vult
1497 1548 1565 1572 rex
1603 1534 1753 1572 eisdem
1792 1534 2069 1572 executoribus

364 1590 412 1636 in*
440 1598 584 1637 debitis
616 1599 657 1635 in
693 1597 838 1648 quibus
869 1597 974 1634 idem
1007 1597 1216 1646 episcopus
1251 1597 1285 1635 ei
1321 1596 1534 1634 tenebatur
1567 1596 1742 1635 allocari.
1800 1596 1858 1633 De
1890 1597 2070 1635 manerio

364 1662 411 1699 (16
451 1660 654 1699 Glenham
695 1659 821 1697 nichil
854 1659 941 1697 vult
982 1672 1048 1697 rex
1087 1659 1135 1697 ad
1175 1672 1275 1708 opus
1315 1672 1433 1696 suum
1473 1659 1644 1696 retinere
1684 1658 1751 1695 sed
1789 1659 1894 1707 quod
1934 1660 2070 1697 onmia

364 1723 511 1762 catalla
550 1722 695 1761 ibidem
734 1722 900 1760 inventa
938 1721 1088 1759 eisdem
1127 1720 1407 1759 executoribus
1446 1720 1679 1759 liberentur
1741 1720 1858 1758 Teste
1897 1733 1987 1769 rege
2026 1725 2070 1760 ut

365 1799 497 1836 supra.

473 1874 528 1911 De
568 1874 663 1910 vinis
704 1874 796 1921 reglis
835 1873 936 1920 apud
976 1871 1151 1908 Linculn'
1192 1870 1705 1909 vendendis.—Mandatum
1750 1873 1809 1908 est
1849 1870 1993 1920 majori
2032 1873 2072 1908 et

366 1935 526 1974 ballivis
571 1934 685 1973 Linc'
726 1934 844 1984 quod,
885 1934 979 1984 quia
1026 1933 1359 1982 significaverunt
1405 1933 1571 1972 domino
1620 1932 1702 1981 regi
1750 1932 1856 1982 quod
1904 1946 1975 1982 pro
2013 1934 2068 1983 vj.

366 1998 483 2037 doliis
519 1997 604 2036 vini
643 1997 860 2046 putrefacti
898 1995 1122 2034 venditioni
1160 1995 1353 2045 expositis
1391 2009 1530 2045 capere
1569 1998 1789 2044 potuerunt
1828 1998 1987 2033 tantum
2016 1997 2070 2046 vj.

365 2060 488 2099 libras
535 2063 575 2098 et
622 2072 704 2097 non
752 2059 856 2109 plus,
906 2058 1011 2108 quod
1058 2071 1127 2096 sex
1174 2057 1298 2096 libras
1344 2071 1415 2107 pro
1464 2057 1654 2107 predictis
1708 2058 1763 2107 vj.
1816 2057 1935 2096 doliis
1986 2058 2073 2096 vini

366 2123 529 2173 capiant
567 2126 606 2161 et
644 2123 693 2160 ad
733 2135 833 2171 opus
872 2121 976 2170 regis
1014 2121 1246 2159 custodiant
1284 2121 1409 2159 donec
1448 2134 1516 2158 rex
1555 2120 1664 2158 aliud
1705 2120 1798 2158 inde
1837 2121 2071 2170 preceperit.

367 2186 484 2224 Teste
522 2197 613 2234 rege
652 2187 696 2222 ut
734 2197 866 2233 supra.
937 2184 1185 2232 [tr'aneellesh]
1250 2185 1349 2226 (juia
1386 2190 1436 2220 est
1473 2185 1515 2220 iu
1545 2184 1665 2219 rotulo
1696 2184 1830 2225 finium
1860 2197 1960 2220 anno
1990 2186 2070 2231 aar).

478 2291 556 2326 Pro
598 2290 762 2326 Hem-iso
802 2290 844 2325 de
885 2286 1386 2326 (⁷'uA-eliam.-lNIandatum
1425 2289 1484 2324 est
1519 2285 1737 2324 baronibus
1775 2286 1823 2323 de
1864 2286 2073 2325 Scaccario

368 2351 473 2402 quod
521 2350 665 2400 septies
713 2363 777 2388 xx.
827 2344 949 2387 libras
998 2349 1025 2387 l.
1074 2352 1114 2387 et
1161 2349 1235 2399 iiij.
1286 2348 1434 2387 solidos
1483 2351 1522 2386 et
1571 2360 1698 2385 unum
1750 2348 1975 2393 denariumt
2030 2349 2072 2386 in

368 2412 515 2463 quibus
553 2412 754 2450 Henricus
792 2412 839 2449 (16
878 2411 1054 2449 Cocham
1099 2409 1310 2449 tenebatur
1357 2409 1498 2448 comiti
1543 2409 1771 2455 Britannie,
1811 2413 1850 2448 et
1888 2423 1987 2459 quos
2027 2411 2076 2449 ab

367 2489 412 2514 eo
458 2475 625 2525 exigunt
673 2487 742 2524 per
790 2473 1150 2512 summonitionem
1201 2472 1399 2511 Scaccarii
1448 2471 1565 2521 regis,
1617 2472 1756 2510 reddat
1814 2473 1896 2521 regi
1949 2487 2074 2511 unam

367 2538 625 2577 medietatem
664 2538 712 2575 ad
754 2536 908 2575 Pascha
945 2549 1052 2574 anno
1082 2535 1195 2586 regni
1235 2536 1317 2586 xxj.
1348 2543 1387 2573 et
1419 2535 1467 2572 ad
1498 2534 1648 2572 festum
1691 2534 1832 2573 Sancti
1864 2534 2075 2572 Michaelis

366 2614 474 2640 anno
511 2600 650 2639 eodem
689 2599 811 2637 aliam
850 2598 1107 2637 medietatem
1125 2615 1134 2644 3
1184 2600 1223 2635 et
1261 2597 1366 2647 quod
1397 2597 1452 2635 610
1482 2596 1569 2634 fieri
1599 2599 1638 2634 et
1668 2596 1881 2634 inrotulari
1911 2596 2074 2635 faciant.

369 2664 487 2702 Teste
524 2675 615 2712 rege
653 2662 758 2711 apud
799 2661 992 2707 Windes',
1034 2660 1119 2711 xiij.
1160 2660 1222 2698 die
1262 2658 1514 2698 Novembris.

477 2769 554 2805 Pro
593 2768 748 2804 [foberto
787 2767 830 2802 de
876 2762 1490 2812 Mapeldmleam.-Mandatum
1538 2764 1598 2799 est
1646 2761 1871 2800 vicecomiti
1921 2762 2074 2801 Oxonie

368 2830 474 2879 quod
529 2827 771 2866 demandam
827 2839 948 2876 quam
1006 2826 1103 2864 facit
1159 2838 1229 2874 per
1286 2824 1648 2863 summonitionem
1708 2823 1905 2862 Scaccarii
1970 2824 2073 2873 regis

370 2891 544 2930 Roberto
583 2890 630 2928 de
668 2889 978 2938 Mapeldurham
1016 2888 1063 2925 de
1102 2891 1281 2937 tempore
1328 2899 1406 2936 quo
1454 2886 1532 2924 fuit
1571 2885 1791 2924 vicecomes
1840 2885 1958 2923 Berk'
1998 2886 2073 2924 sub

370 2954 488 2991 Petro
525 2953 572 2990 de
607 2951 752 2990 Rivall’
784 2953 907 3000 ponat
945 2949 987 2987 in
1017 2952 1243 2998 respectum
1273 2962 1397 2998 usque
1435 2948 1484 2986 ad
1524 2947 1672 2986 festum
1715 2948 1851 2986 Sancti
1894 2948 2071 2993 Hillarii,

369 3028 477 3054 anno
515 3013 626 3063 regni
667 3013 746 3062 xxj.
824 3012 942 3050 Teste
982 3024 1072 3061 rege
1112 3015 1156 3049 ut
1195 3024 1328 3060 supra.

478 3119 648 3156 ΑἰίοσατεΤ
701 3130 768 3164 pro
826 3117 1029 3153 vicecomite
1087 3115 1411 3153 Eboraci.——Rex
1468 3112 1686 3152 baronibus
1743 3113 1790 3151 de
1850 3112 2071 3158 Scaecario,

369 3182 556 3220 salutem.
633 3179 814 3218 Allocate
863 3177 1089 3216 vicecomiti
1146 3180 1284 3215 nostro
1333 3176 1505 3216 Eboraci
1563 3176 1602 3212 in
1661 3174 1835 3213 exitibus
1891 3175 2072 3224 ejusdem

369 3244 588 3283 comitatus
627 3254 660 3280 c.
701 3239 824 3278 libras
865 3252 936 3289 pro
976 3240 1159 3278 custodia
1207 3240 1386 3289 ejusdem
1435 3238 1654 3277 comitatus
1702 3240 1741 3274 et
1788 3237 1906 3274 castri
1946 3238 2073 3275 nostri

368 3307 416 3345 de
456 3303 720 3352 Scardeburg'
760 3316 782 3340 a
833 3302 963 3352 primo
1013 3302 1075 3340 die
1126 3301 1224 3340 Maii
1274 3314 1383 3339 anno
1436 3300 1548 3349 regni
1601 3313 1663 3336 xx.
1705 3311 1828 3347 usque
1868 3299 1908 3335 in
1945 3312 2072 3337 unum

367 3380 521 3407 annum
558 3365 821 3415 completum.
899 3364 1016 3402 Teste
1054 3376 1143 3413 rege
1182 3367 1227 3402 ut
1266 3376 1398 3412 supra.
