2375 3587
169 369 294 416 1236

149 436 210 475 [m.
251 436 321 476 20]

1038 239 1093 279 20
1134 236 1342 278 HENRY
1384 238 1464 278 ΙΠ.
2024 237 2106 277 225

509 438 566 474 De
609 437 1030 484 pen-donat1·0ne.-—Rex
1076 434 1312 485 perdonavit
1352 432 1555 473 Gwiberto
1602 435 1648 473 de
1686 436 1771 473 Rue
1812 435 1987 484 quinque
2018 432 2107 471 soli-

402 499 471 537 dos
511 499 578 548 qui
617 499 666 537 ab
704 512 749 537 eo
785 500 1002 548 exiguntur
1040 511 1108 548 per
1155 496 1514 535 summonitionem
1557 497 1753 536 Scaccarii
1798 497 1900 546 regis
1942 497 1989 534 de
2028 509 2108 533 uno

400 562 581 599 cendallo
635 575 753 611 quem
806 561 948 600 habuit
1004 562 1052 599 de
1118 558 1348 598 Grarderoba
1418 559 1521 607 regis
1578 560 1624 597 de
1680 560 1848 608 prestito
1897 558 2005 597 Petri
2061 558 2108 595 de

401 623 561 661 Rivall‘.
646 624 702 661 Et
741 624 979 662 mandatum
1019 626 1078 661 est
1113 620 1329 660 baronibus
1367 621 1414 658 de
1452 620 1660 659 Scaccario
1694 622 1798 670 quod
1839 621 1885 658 de
1920 620 2108 669 predictis

401 686 577 736 quinque
625 687 763 725 solidis
810 687 943 736 ipsum
992 684 1241 725 Gwibertum
1290 683 1472 733 quietum
1518 696 1601 721 esse
1649 683 1813 722 faciant.
1900 683 2016 720 Teste
2064 684 2108 719 ut

401 761 533 798 supra.

508 855 563 890 De
604 856 698 891 vinis
731 855 922 900 capiemli's
960 856 1009 890 ad
1043 866 1134 902 opus
1174 852 1423 901 reglz'3.——Rex
1463 851 1591 889 mittit
1622 850 1671 888 ad
1702 849 1871 887 ballivos
1906 849 2110 887 Bristollie

402 915 653 954 Willelmum
703 917 882 962 Talebot,
932 916 1209 955 vicecomitem
1268 915 1424 959 Glouc'‚
1475 915 1523 952 ad
1572 913 1811 962 capiendum
1860 925 1929 960 per
1976 912 2108 949 visum

401 977 510 1016 Petri
548 979 694 1024 clerici,
727 978 866 1017 Jacobi
902 979 940 1017 la
974 979 1113 1024 Werr',
1155 977 1317 1017 Ricardi
1357 977 1508 1019 Alard'‚
1549 979 1588 1014 et
1627 974 1822 1013 Willelmi
1854 974 2107 1018 Beanmund,

400 1041 688 1090 quaterviginti
728 1041 834 1080 dolia
867 1041 951 1079 vini
990 1042 1039 1079 ad
1078 1054 1177 1090 opus
1216 1040 1319 1089 regis
1365 1040 1411 1077 de
1460 1039 1566 1076 vinis
1625 1050 1701 1087 que
1758 1040 1955 1075 venerunt
2004 1036 2108 1084 apud

402 1103 676 1148 Bristolliam;
721 1106 761 1141 et
799 1117 866 1141 rex
905 1102 1193 1142 mercatoribus
1231 1102 1419 1140 vinorum
1454 1101 1616 1138 illorum
1649 1098 1833 1137 denarios
1873 1110 1965 1135 suos
1998 1097 2108 1135 reddi

402 1165 534 1204 faciet.
629 1166 684 1204 Et
749 1166 988 1204 mandatum
1054 1169 1113 1204 est
1169 1164 1319 1203 eisdem
1367 1163 1525 1201 ballivis
1582 1162 1686 1211 quod
1743 1161 1792 1199 ad
1848 1160 1923 1198 hoc
1981 1159 2109 1197 eidem

404 1228 629 1266 vicecomiti
669 1228 751 1267 sint
789 1228 1045 1266 auxiliantes.
1129 1229 1246 1266 Teste
1285 1239 1375 1276 rege
1416 1229 1458 1263 ut
1498 1238 1631 1274 supra.

516 1334 725 1380 Hyshcrm'a,
758 1347 828 1381 pro
859 1333 1035 1370 [Iohanne
1066 1331 1539 1369 Trai-ers.-—Mandatum
1570 1332 1609 1367 et
1643 1327 1866 1378 justiciario
1914 1325 2110 1364 Hibernie

404 1395 509 1444 quod
559 1408 639 1433 non
689 1395 898 1445 permittat
937 1395 1041 1444 quod
1094 1394 1289 1432 Ricardus
1340 1393 1387 1430 de
1439 1394 1572 1440 Burgo
1620 1390 1838 1439 distringat
1878 1389 2110 1427 Johannem

406 1457 574 1495 Travers
623 1470 694 1506 pro
742 1457 876 1507 aliqua
924 1456 1197 1505 redemptione
1235 1456 1270 1493 ei
1309 1454 1503 1499 facienda,
1558 1452 1766 1491 occasione
1805 1451 2003 1501 captionis
2043 1462 2111 1487 sue

405 1522 545 1557 contra
580 1532 712 1568 regem
752 1519 793 1556 in
833 1519 950 1564 bello,
989 1518 1144 1556 desicut
1196 1516 1417 1566 redemptio
1467 1515 1592 1565 ipsius
1632 1515 1680 1552 ad
1731 1526 1865 1563 regem
1912 1512 2111 1562 pertinere

404 1582 640 1628 dinoscitur,
676 1585 715 1620 et
766 1594 858 1620 cum
910 1581 1017 1618 idem
1068 1580 1275 1618 Johannes
1321 1580 1403 1629 jam
1443 1578 1490 1615 de
1541 1579 1653 1626 parte
1703 1574 1992 1624 redemptionis
2041 1587 2111 1612 sue

405 1645 486 1694 regi
538 1643 788 1690 satisfecerit,
840 1646 884 1681 ut
936 1643 1095 1688 dicitur,
1148 1655 1229 1680 non
1286 1644 1346 1679 est
1395 1641 1550 1690 justum
1603 1638 1707 1689 quod
1758 1650 1797 1675 se
1853 1637 1888 1675 ei
1937 1640 1976 1674 et
2028 1636 2111 1684 regi

404 1707 576 1745 redimat
614 1719 686 1744 nec
725 1706 934 1756 permittat
972 1705 1077 1754 quod
1116 1703 1317 1754 predictus
1356 1702 1552 1741 Ricardus
1586 1714 1632 1739 ea
1665 1700 1873 1738 occasione
1917 1698 2112 1747 impediat

404 1769 628 1819 predictum
668 1768 898 1806 Johannffln
938 1766 1035 1817 quin
1074 1765 1195 1804 libere
1234 1766 1281 1803 de
1319 1764 1485 1803 ecclesia
1527 1762 1654 1812 possit
1684 1761 1790 1799 exire
1823 1764 1862 1798 et
1900 1760 1949 1798 ad
1985 1763 2110 1799 terras

405 1844 498 1870 suas
536 1831 662 1869 redire
701 1834 739 1868 et
778 1842 849 1879 pro
887 1829 1097 1867 voluntate
1146 1840 1219 1865 sua
1263 1827 1499 1876 disponere;
1541 1825 1597 1863 ita
1630 1824 1735 1874 quod
1773 1823 1917 1861 iterata
1954 1823 2113 1871 querela

406 1895 497 1932 inde
537 1895 585 1932 ad
623 1907 695 1932 nos
734 1906 815 1932 non
853 1892 993 1931 debeat
1032 1890 1249 1941 pervenire.
1326 1889 1443 1927 Teste
1481 1900 1570 1937 rege
1609 1886 1716 1936 apud
1750 1884 2006 1937 Merleberge‚
2038 1885 2110 1935 iiij.

405 1958 467 1995 die
506 1956 704 1996 Januarii.

514 2072 593 2107 Pro
641 2070 830 2106 Mam-itio
878 2068 1180 2116 Cuniyn.—Rex
1231 2065 1359 2103 eidem
1411 2061 1634 2113 justiciario
1679 2058 1887 2104 Hibernie‚
1926 2058 2112 2097 salutem.

407 2133 650 2170 Mandamus
687 2130 798 2169 vobis
838 2129 942 2179 quod
992 2130 1039 2167 de
1088 2132 1172 2167 toto
1224 2130 1403 2176 tempore
1449 2137 1527 2174 quo
1567 2122 1788 2161 Mauricius
1838 2121 1996 2171 Cumyn
2036 2120 2114 2159 fuit

406 2195 447 2233 in
487 2194 649 2244 prisona
688 2196 827 2231 nostra
866 2192 908 2229 in
948 2191 1096 2241 Anglia
1134 2203 1202 2240 per
1235 2192 1469 2239 preceptum
1510 2189 1708 2230 nostrum,
1748 2183 1933 2222 videlicet
1962 2196 1983 2220 a
2013 2183 2114 2221 festo

407 2258 676 2301 PentecosteS,
699 2268 805 2293 anno
826 2254 938 2303 regni
969 2253 1096 2292 nostri
1118 2252 1197 2290 xix.
1229 2250 1432 2300 usquead
1463 2249 1612 2287 festum
1644 2246 1839 2285 Omnium
1872 2246 2113 2284 Sanctorum

406 2320 589 2369 proximo
651 2330 834 2367 sequens,
884 2316 923 2353 in
974 2315 1086 2353 nullo
1135 2314 1282 2364 placito
1329 2312 1434 2362 quod
1482 2310 1695 2360 quisquam
1744 2307 1930 2346 habuerit
1978 2320 2113 2345 versus

407 2383 539 2432 ipsum
580 2379 822 2419 Mam-icium
858 2379 898 2416 in
938 2378 1047 2416 curia
1086 2379 1224 2415 nostra
1262 2378 1436 2424 ponatur
1475 2373 1516 2410 in
1557 2371 1764 2416 defaltam,
1805 2372 1856 2415 et,
1898 2369 1930 2407 si
1970 2369 2115 2418 aliquis

406 2457 542 2483 versus
575 2444 709 2492 ipsum
740 2445 886 2480 terram
917 2438 1209 2489 recuperaverit
1247 2450 1316 2487 per
1353 2436 1559 2479 defaltam,
1600 2446 1687 2471 eam
1724 2433 1809 2470 sine
1848 2431 2041 2470 dilatione
2080 2431 2114 2468 ei

406 2506 643 2552 restituatis,
700 2505 794 2554 quia
850 2516 922 2542 nos
980 2504 1110 2540 totum
1168 2503 1328 2549 tenipus
1394 2497 1618 2548 predictum
1683 2507 1761 2545 quo
1831 2494 1880 2531 ad
1937 2494 2011 2532 hoc
2079 2493 2114 2531 ei

408 2569 731 2609 warantizamus.
809 2567 925 2604 Teste
964 2577 1054 2614 rege
1092 2566 1137 2602 ut
1175 2574 1307 2612 supra..

516 2684 594 2720 Pro
645 2681 800 2718 Emissa
849 2680 892 2715 de
938 2677 1140 2714 szlzered
1187 2683 1219 2711 et
1269 2687 1379 2710 umore
1435 2670 1669 2720 esua—Rex
1716 2668 1844 2706 eidem
1892 2666 2114 2717 justiciario

407 2746 591 2784 salutem.
649 2742 751 2789 Quia
781 2753 849 2790 per
878 2737 1183 2788 inquisitionem
1212 2748 1334 2786 quam
1373 2734 1423 2772 ad
1460 2732 1699 2771 mandatum
1739 2732 1924 2767 nostrum
1964 2728 2114 2766 fecistis

405 2812 444 2847 et
483 2808 633 2846 factam
671 2803 786 2842 nobis
824 2800 1107 2840 transmisistis
1155 2797 1377 2846 accepimus
1416 2795 1521 2845 quod
1559 2794 1605 2832 de
1645 2796 1750 2831 terra
1787 2791 1834 2829 de
1872 2789 2112 2828 Derkeham⁷

405 2873 443 2908 et
477 2870 524 2907 de
564 2864 823 2917 Sheneyhal'‚
864 2876 985 2913 quam
1031 2862 1184 2899 dudum
1232 2858 1478 2897 reddidimus
1525 2855 1689 2894 Ernisio
1728 2853 1775 2891 de
1813 2851 2036 2890 Dunheved
2075 2854 2113 2889 et

406 2932 606 2976 Johanne,
646 2927 760 2966 uxori
798 2927 897 2976 ejus,
936 2937 1017 2963 non
1066 2922 1262 2961 debentur
1310 2919 1425 2958 nobis
1474 2921 1637 2957 centum
1676 2915 1792 2954 solidi
1832 2913 1970 2958 annui,
2011 2913 2114 2951 sicut

406 3007 474 3043 per
514 2991 766 3032 Scaccarium
806 2990 990 3026 nostrum
1028 2984 1220 3023 Dublinie
1267 2981 1541 3031 exigebantur,
1582 2978 1694 3017 vobis
1730 2977 1970 3015 mandamus
2007 2975 2113 3024 quod

407 3057 453 3094 de
492 3053 679 3105 predictis
717 3054 879 3090 centum
922 3048 1059 3087 solidis
1106 3046 1266 3091 annuis,
1307 3048 1389 3083 tan]
1430 3044 1478 3081 de
1516 3046 1694 3090 tempore
1732 3039 1869 3077 futuro
1908 3050 2027 3087 quam
2066 3036 2112 3074 de

406 3116 615 3166 arreragiis
654 3112 845 3162 temporis
882 3109 1061 3160 preteriti
1098 3109 1219 3158 ipsos,
1255 3106 1466 3145 Ernisium
1495 3107 1534 3142 et
1563 3103 1797 3141 Johannam
1835 3099 1991 3148 quietos
2030 3110 2113 3134 esse

408 3179 578 3225 faciatis,
617 3177 726 3215 salvo
764 3173 880 3213 nobis
919 3171 1081 3211 servitio
1119 3170 1233 3209 tertie
1271 3168 1394 3219 partis
1433 3166 1537 3205 feodi
1584 3164 1705 3202 unius
1742 3161 1884 3200 militis
1924 3159 2028 3210 quod
2067 3159 2114 3196 de

408 3242 586 3292 predicta
624 3243 728 3278 terra
761 3236 876 3275 nobis
914 3233 1093 3273 debetur.
1180 3232 1297 3270 Teste
1336 3243 1425 3280 rege
1460 3233 1504 3267 ut
1543 3240 1675 3277 supra.

518 3353 598 3389 Pro
645 3351 808 3398 Hugyone
853 3349 895 3384 de
945 3343 1267 3393 offirma-Rex
1337 3338 1571 3391 justiciariis
1636 3335 1719 3373 suis
1771 3333 1819 3371 ad
1885 3331 2110 3370 custodiam

410 3415 632 3454 Judeorum
680 3408 911 3459 assignatis,
965 3406 1151 3445 salutem.
1229 3403 1375 3443 Sciatis
1440 3399 1546 3450 quod
1610 3398 1804 3435 ducentas
1871 3396 1910 3432 et
1966 3392 2111 3442 viginti

467 3502 572 3534 18690
1994 3481 2021 3510 P
