2375 3587
189 205 242 245 44

251 327 393 375 1235.

243 394 301 432 [m.
330 392 398 431 19]

1124 202 1307 247 CLOSE
1354 200 1555 243 ROLLs.

596 404 674 440 Pro
714 404 876 440 Ricardo
914 403 1041 439 comite
1081 402 1249 438 Pictarie
1297 406 1329 435 et
1381 395 1725 435 cornubia—Rex
1770 392 1966 432 concessit
2011 390 2181 429 Ricardo

486 464 623 502 comiti
670 464 846 502 Pictavie
890 466 928 501 et
977 461 1174 501 Cornubie
1220 473 1357 498 omnes
1402 458 1567 496 balistas
1617 459 1655 494 et
1704 454 1902 505 quarellos
1941 452 2044 502 regis
2082 464 2180 502 quos

485 525 626 563 habuit
652 525 756 574 apud
784 524 1050 573 Cnareburg’.
1100 524 1155 561 Et
1178 522 1415 560 mandatum
1448 522 1507 557 est
1536 516 1833 557 constabulario
1859 516 1906 554 de
1936 513 2179 562 Cnareburg'

484 588 587 636 quod
619 586 817 636 predictas
847 586 1011 625 balistas
1045 588 1084 623 et
1114 584 1310 634 predictos
1336 581 1535 632 quarellos
1560 580 1689 618 eidem
1716 578 1854 617 comiti
1883 577 2027 615 habere
2058 574 2180 614 faciat

483 648 530 686 de
567 648 672 686 dono
705 647 821 697 regis.

594 772 670 807 Pro
719 771 927 817 mainaldo
974 772 1015 806 ‘Ie
1061 767 1442 807 [mmmmm—Rex
1491 763 1717 803 vicecomiti
1764 762 1942 801 Devonie
1990 760 2176 799 salutem.

483 832 586 878 Quia
614 845 682 881 per
712 831 1016 881 inquisitionem
1045 831 1195 869 factam
1232 842 1300 879 per
1339 828 1571 877 preceptum
1601 829 1786 864 nostrum
1816 823 2044 873 accepimus
2073 821 2178 872 quod

482 896 574 931 ante
616 896 846 942 preceptum
892 895 1075 931 nostrum
1113 891 1185 929 tibi
1226 891 1378 929 factum
1421 890 1468 927 de
1509 887 1678 926 navibus
1717 886 1939 924 arestandis
1977 885 2019 922 in
2057 882 2179 922 ballia

483 958 565 999 tua,
597 955 694 992 emit
737 954 981 1003 Reginaldus
1024 954 1070 991 de
1112 952 1341 990 Albamarla
1387 951 1590 1000 quandam
1638 961 1782 987 navem
1836 948 1883 985 de
1924 946 2102 985 XValtero
2143 944 2179 982 le

482 1016 637 1061 Estore,
678 1019 894 1053 mercatore
934 1016 981 1053 de
1023 1017 1160 1065 Leyre,
1205 1027 1325 1064 quam
1374 1012 1539 1050 arestari
1584 1010 1714 1049 fecisti
1757 1009 1919 1048 credens
1963 1021 2050 1046 eam
2094 1019 2179 1045 esse

482 1077 647 1127 predicti
678 1077 867 1122 Walteri;
916 1076 987 1115 tibi
1027 1076 1271 1126 precipimus
1313 1075 1417 1124 quod
1458 1086 1602 1112 navem
1646 1072 1758 1110 illam
1797 1071 1926 1109 eidem
1955 1068 2178 1119 Reginaldo

486 1139 605 1177 facias
650 1137 872 1177 deliberari.
951 1138 1067 1176 Teste
1110 1141 1155 1175 ut
1197 1149 1328 1186 supra.

589 1262 665 1297 I'ro
721 1263 848 1297 abbate
904 1263 946 1296 de
1006 1263 1145 1298 (sn-«tia
1203 1259 1589 1297 DeL—-Mandatuni
1647 1260 1706 1296 est
1762 1254 2063 1295 constabulario
2129 1253 2176 1291 (16

483 1322 629 1360 Sancto
660 1322 858 1360 Briavello
889 1322 994 1370 quod
1029 1321 1149 1360 faciat
1183 1321 1327 1359 habere
1361 1320 1495 1358 abbati
1530 1320 1576 1357 de
1610 1319 1752 1357 Gratia
1785 1317 1858 1356 Dei
1890 1316 2033 1366 viginti
2070 1315 2177 1353 fusta

480 1383 521 1420 in
560 1383 706 1420 foresta
744 1383 790 1420 de
828 1382 929 1420 Den'
970 1383 1019 1420 ad
1066 1382 1338 1431 operationem
1385 1382 1528 1419 (10111115
1565 1393 1646 1426 5116,
1687 1392 1764 1430 (1116
1802 1391 1929 1428 nuper
1966 1376 2175 1416 combusta

482 1445 571 1490 fuit,
607 1445 653 1482 de
684 1445 788 1483 dono
819 1445 933 1493 regis.
1010 1445 1125 1483 Teste
1156 1448 1201 1482 ut
1233 1458 1365 1494 supra.

593 1561 664 1597 [ἣν
705 1562 879 1608 ‘massi-<tro
919 1568 951 1597 ct
988 1562 1181 1608 fratribus
1221 1561 1418 1608 hospitalis
1460 1561 1593 1597 Sancti
1633 1558 1891 1596 Bartlwlwm'i
1935 1556 2176 1594 Londan’.—

479 1622 562 1660 Rex
611 1622 844 1671 perdonavit
896 1622 1088 1672 magistro
1141 1625 1180 1660 et
1232 1621 1423 1660 fratribus
1463 1620 1676 1670 hospitalis
1717 1619 1857 1659 Sancti
1896 1617 2174 1657 Bartholomei

480 1683 660 1722 London'
700 1683 875 1733 quinque
914 1697 1081 1729 marcas,
1123 1684 1171 1721 ad
1209 1697 1309 1733 quas
1344 1683 1572 1721 Willehnus
1608 1683 1655 1721 (16
1687 1682 1826 1732 Vyteri
1864 1681 2045 1720 talliatus
2084 1680 2173 1725 fuit,

479 1748 517 1783 et
563 1759 661 1795 quas
708 1747 835 1796 major
889 1750 927 1784 et
975 1747 1228 1785 vicecomites
1277 1746 1462 1784 London’
1513 1745 1562 1783 ab
1621 1746 1677 1782 eis
1739 1745 1906 1793 exigunt
1967 1742 2174 1782 occasione

478 1808 686 1857 cujusdam
719 1808 860 1846 domus
892 1822 1012 1857 quam
1046 1808 1195 1846 habent
1217 1809 1264 1846 de
1298 1809 1402 1846 (10110
1434 1808 1560 1857 ipsius
1581 1807 1774 1846 Willelmi
1805 1807 1846 1844 in
1881 1805 2172 1857 Synethefeld'.

479 1870 533 1907 Et
589 1870 824 1908 mandatum
873 1874 930 1908 est
980 1871 1166 1919 predictis
1218 1871 1360 1921 majori
1413 1874 1451 1908 ct
1507 1869 1810 1908 vicecomitibus
1861 1869 1966 1919 quod
2022 1867 2172 1906 eisdem

480 1931 671 1981 magistro
718 1936 756 1971 et
805 1932 995 1971 fratribus
1043 1933 1089 1971 de
1143 1933 1330 1982 predictis
1391 1933 1568 1982 quinque
1629 1933 1775 1971 marcis
1837 1943 1975 1981 pacem
2029 1929 2173 1967 habere

479 1994 731 2043 permittant.
807 1995 922 2033 Teste
962 1998 1005 2033 111
1044 2008 1176 2044 supra.

586 2111 663 2146 Pro
723 2111 767 2147 Ii'.
826 2111 1099 2148 Dnnlmlmensi
1155 2113 1333 2160 episeopo,
1376 2113 1418 2147 de
1468 2113 1589 2148 «lamis
1647 2109 2063 2147 datis.—Ma11datun1
2115 2110 2175 2146 est

480 2170 661 2209 Galfrido
717 2173 909 2222 Esturmy
978 2173 1082 2221 quod
1140 2172 1284 2211 habere
1341 2173 1462 2211 faciat
1530 2173 1576 2210 R.
1631 2172 1931 2210 Dunholmensi
1987 2171 2172 2220 episcopo

478 2232 652 2281 quinque
683 2233 820 2271 damas
859 2234 900 2271 in
931 2234 1078 2272 foresta
1109 2234 1155 2272 de
1187 2235 1387 2273 Savernac
1417 2238 1510 2273 ante
1540 2235 1761 2273 instantem
1795 2233 2169 2283 Quadragesimam,

479 2294 525 2332 de
563 2295 666 2333 dono
705 2296 822 2344 regis.
882 2296 997 2334 Teste
1036 2300 1080 2334 ut
1120 2309 1252 2345 supra.

586 2412 663 2447 Pro
716 2412 898 2448 H'illelma
947 2414 988 2448 tle
1038 2413 1390 2451 I<‘er›·a2·iis.—Rex
1447 2413 1653 2452 licentiam
1711 2413 1820 2451 dedit
1872 2411 2077 2451 Willelmo
2123 2411 2171 2450 de

479 2471 650 2510 Ferariis
679 2473 943 2511 concordandi
989 2487 1078 2512 cuin
1123 2475 1277 2524 Rogero
1321 2475 1367 2513 de
1412 2475 1615 2526 Gunyton'
1647 2478 1806 2525 petente
1844 2478 1882 2513 et
1921 2474 2172 2523 predictum*

480 2533 728 2571 Willelmum
768 2537 971 2572 tenentem
1029 2535 1076 2573 de
1133 2537 1402 2586 quadraginta
1441 2538 1543 2575 acris
1601 2542 1703 2575 terre
1748 2540 1787 2575 et
1839 2548 1921 2574 uno
1965 2535 2171 2585 mesuagio

478 2606 568 2631 cum
607 2595 861 2643 pertinentiis
902 2596 942 2633 in
983 2597 1207 2635 Wudeham
1239 2598 1279 2636 in
1319 2598 1444 2637 assisa
1474 2599 1617 2637 mortis
1656 2598 1932 2644 antecessoris,
1973 2610 2049 2647 que
2078 2597 2171 2634 inde

478 2657 725 2695 summonita
773 2661 832 2695 est
879 2671 1011 2696 coram
1058 2659 1289 2709 justiciariis
1344 2661 1630 2700 itinerantibus
1686 2661 1728 2698 in
1776 2660 1970 2699 comitatu
2017 2659 2171 2698 Essex'.

479 2718 534 2756 Et
572 2719 809 2757 mandatum
851 2724 909 2758 est
947 2721 1094 2759 eisdem
1124 2722 1357 2772 justiciariis
1397 2724 1501 2773 quod
1540 2724 1580 2761 id
1619 2723 1705 2761 fieri
1744 2723 1995 2773 permittant.
2055 2722 2171 2760 Teste

478 2793 565 2829 rege
604 2783 648 2818 ut
686 2793 817 2830 supra.

589 2897 662 2932 [ἢν]
710 2897 868 2934 Jollmw
914 2900 956 2934 «le
1006 2900 1156 2945 Nec-iffi,
1199 2902 1239 2937 dc
1298 2901 1773 2950 respectu.——Mandatum
1830 2903 1889 2939 est
1946 2899 2170 2938 vicecomiti

478 2957 628 2994 Kancie
676 2958 779 3006 quod
831 2958 1030 3008 loquelam
1100 2974 1175 3010 que
1232 2966 1291 3000 est
1347 2963 1388 3000 in
1446 2964 1641 3001 comitatu
1699 2976 1770 3001 suo
1826 2963 1873 3001 de
1928 2961 2167 3012 quibusdam

478 3018 730 3057 libertatibus
768 3019 873 3058 111101·
909 3022 1150 3071 magistrum
1199 3024 1349 3062 Milicie
1398 3025 1555 3074 Templi
1596 3025 1637 3062 in
1689 3025 1836 3074 Anglia
1878 3027 1916 3062 et
1961 3024 2168 3062 Jollanum

477 3081 523 3118 de
579 3080 736 3125 Nevill’,
794 3082 862 3130 qui
922 3086 980 3120 est
1037 3083 1077 3120 in
1132 3085 1296 3124 servicio
1359 3087 1475 3135 regis,
1534 3087 1583 3124 ad
1639 3087 1832 3136 quasdam
1889 3085 2169 3135 inquisitiones

477 3142 677 3180 faciendas
733 3142 774 3180 in
827 3144 1084 3183 comitatibus
1134 3146 1414 3194 Norhumbrie,
1474 3150 1596 3187 Lanc‘
1655 3152 1694 3187 et
1751 3148 1839 3186 aliis
1896 3146 2167 3193 comitatibus,

476 3207 598 3252 ponat
636 3203 677 3241 in
732 3208 954 3253 respectum
993 3219 1117 3256 usque
1156 3208 1205 3245 ad
1245 3209 1393 3247 festum
1433 3210 1572 3250 Sancti
1611 3210 1721 3249 Petri
1759 3210 1808 3248 ad
1847 3209 2030 3256 Vincula,
2063 3221 2169 3247 anno

476 3265 578 3313 regis
617 3268 692 3303 etc.
733 3265 812 3303 xix.
872 3267 987 3305 Teste
1025 3272 1069 3306 ut
1108 3282 1239 3318 supra.

1204 3367 1217 3380 *
1238 3365 1292 3396 Sic
1314 3365 1349 3395 in
1375 3366 1446 3397 MS.
