<?xml version="1.0" encoding="UTF-8"?>
<!DOCTYPE html PUBLIC "-//W3C//DTD XHTML 1.0 Transitional//EN"
    "http://www.w3.org/TR/xhtml1/DTD/xhtml1-transitional.dtd">
<html xmlns="http://www.w3.org/1999/xhtml" xml:lang="en" lang="en">
 <head>
  <title>
</title>
<meta http-equiv="Content-Type" content="text/html;charset=utf-8" />
  <meta name='ocr-system' content='tesseract 3.04.00' />
  <meta name='ocr-capabilities' content='ocr_page ocr_carea ocr_par ocr_line ocrx_word'/>
</head>
<body>
  <div class='ocr_page' id='page_1' title='image "./closerollsofreig03grea_0261.png"; bbox 0 0 2375 3587; ppageno 0'>
   <div class='ocr_carea' id='block_1_1' title="bbox 186 354 344 461">
    <p class='ocr_par' dir='ltr' id='par_1_1' title="bbox 186 354 344 461">
     <span class='ocr_line' id='line_1_1' title="bbox 193 354 335 401; baseline -0.007 -1"><span class='ocrx_word' id='word_1_1' title='bbox 193 354 335 401; x_wconf 82' lang='lat'>1236.</span> 
     </span>
     <span class='ocr_line' id='line_1_2' title="bbox 186 419 344 461; baseline -0.006 -9"><span class='ocrx_word' id='word_1_2' title='bbox 186 422 245 461; x_wconf 74' lang='lat' dir='ltr'>[m.</span> <span class='ocrx_word' id='word_1_3' title='bbox 273 419 344 460; x_wconf 63' lang='lat' dir='ltr'>iu]</span> 
     </span>
    </p>
   </div>
   <div class='ocr_carea' id='block_1_2' title="bbox 189 858 340 900">
    <p class='ocr_par' dir='ltr' id='par_1_2' title="bbox 189 858 340 900">
     <span class='ocr_line' id='line_1_3' title="bbox 189 858 340 900; baseline -0.02 -7"><span class='ocrx_word' id='word_1_4' title='bbox 189 859 248 900; x_wconf 86' lang='lat' dir='ltr'>[m.</span> <span class='ocrx_word' id='word_1_5' title='bbox 269 860 308 891; x_wconf 85' lang='lat'>15</span> <span class='ocrx_word' id='word_1_6' title='bbox 324 858 340 900; x_wconf 83' lang='lat' dir='ltr'>J</span> 
     </span>
    </p>
   </div>
   <div class='ocr_carea' id='block_1_3' title="bbox 1071 224 2134 267">
    <p class='ocr_par' dir='ltr' id='par_1_3' title="bbox 1071 224 2134 267">
     <span class='ocr_line' id='line_1_4' title="bbox 1071 224 2134 267; baseline -0.003 -1"><span class='ocrx_word' id='word_1_7' title='bbox 1071 225 1127 267; x_wconf 78' lang='lat'>20</span> <span class='ocrx_word' id='word_1_8' title='bbox 1167 224 1374 266; x_wconf 83' lang='lat' dir='ltr'><strong>HENRY</strong></span> <span class='ocrx_word' id='word_1_9' title='bbox 1415 224 1496 266; x_wconf 90' lang='lat' dir='ltr'><strong>III.</strong></span> <span class='ocrx_word' id='word_1_10' title='bbox 2052 225 2134 264; x_wconf 83' lang='lat'>249</span> 
     </span>
    </p>
   </div>
   <div class='ocr_carea' id='block_1_4' title="bbox 428 419 2138 647">
    <p class='ocr_par' dir='ltr' id='par_1_4' title="bbox 428 419 2138 647">
     <span class='ocr_line' id='line_1_5' title="bbox 429 419 2135 471; baseline -0.001 -13"><span class='ocrx_word' id='word_1_11' title='bbox 429 420 641 459; x_wconf 85' lang='lat' dir='ltr'>Eltesdon’</span> <span class='ocrx_word' id='word_1_12' title='bbox 682 421 729 459; x_wconf 90' lang='lat' dir='ltr'>de</span> <span class='ocrx_word' id='word_1_13' title='bbox 768 425 952 471; x_wconf 88' lang='lat' dir='ltr'>compote</span> <span class='ocrx_word' id='word_1_14' title='bbox 991 421 1118 471; x_wconf 90' lang='lat' dir='ltr'>ipsius</span> <span class='ocrx_word' id='word_1_15' title='bbox 1160 420 1356 459; x_wconf 89' lang='lat' dir='ltr'>Willelmi</span> <span class='ocrx_word' id='word_1_16' title='bbox 1406 421 1452 459; x_wconf 87' lang='lat' dir='ltr'>de</span> <span class='ocrx_word' id='word_1_17' title='bbox 1502 424 1681 470; x_wconf 91' lang='lat' dir='ltr'>tempore</span> <span class='ocrx_word' id='word_1_18' title='bbox 1719 434 1798 471; x_wconf 90' lang='lat' dir='ltr'>quo</span> <span class='ocrx_word' id='word_1_19' title='bbox 1843 420 1921 458; x_wconf 87' lang='lat' dir='ltr'>fuit</span> <span class='ocrx_word' id='word_1_20' title='bbox 1962 419 2135 458; x_wconf 78' lang='lat' dir='ltr'>ballivus</span> 
     </span>
     <span class='ocr_line' id='line_1_6' title="bbox 430 482 2134 533; baseline -0.001 -13"><span class='ocrx_word' id='word_1_21' title='bbox 430 482 597 532; x_wconf 73' lang='lat' dir='ltr'>predicti</span> <span class='ocrx_word' id='word_1_22' title='bbox 640 483 835 533; x_wconf 77' lang='lat' dir='ltr'>Stephani</span> <span class='ocrx_word' id='word_1_23' title='bbox 883 484 931 521; x_wconf 90' lang='lat' dir='ltr'>de</span> <span class='ocrx_word' id='word_1_24' title='bbox 978 484 1174 522; x_wconf 89' lang='lat' dir='ltr'>comitatu</span> <span class='ocrx_word' id='word_1_25' title='bbox 1223 483 1361 521; x_wconf 84' lang='lat' dir='ltr'>Bedef⁷</span> <span class='ocrx_word' id='word_1_26' title='bbox 1402 486 1441 521; x_wconf 90' lang='lat' dir='ltr'>et</span> <span class='ocrx_word' id='word_1_27' title='bbox 1480 482 1597 529; x_wconf 84' lang='lat' dir='ltr'>Buk&#39;,</span> <span class='ocrx_word' id='word_1_28' title='bbox 1637 483 1798 532; x_wconf 88' lang='lat' dir='ltr'>penitus</span> <span class='ocrx_word' id='word_1_29' title='bbox 1837 482 2134 531; x_wconf 70' lang='lat' dir='ltr'>supersedeant,</span> 
     </span>
     <span class='ocr_line' id='line_1_7' title="bbox 428 543 2137 596; baseline -0.001 -14"><span class='ocrx_word' id='word_1_30' title='bbox 428 545 522 594; x_wconf 87' lang='lat' dir='ltr'>quia</span> <span class='ocrx_word' id='word_1_31' title='bbox 559 545 749 584; x_wconf 90' lang='lat' dir='ltr'>dominus</span> <span class='ocrx_word' id='word_1_32' title='bbox 788 560 854 584; x_wconf 80' lang='lat' dir='ltr'>rex</span> <span class='ocrx_word' id='word_1_33' title='bbox 892 547 1093 596; x_wconf 79' lang='lat' dir='ltr'>loquelam</span> <span class='ocrx_word' id='word_1_34' title='bbox 1134 546 1355 595; x_wconf 76' lang='lat' dir='ltr'>predictam</span> <span class='ocrx_word' id='word_1_35' title='bbox 1387 545 1520 594; x_wconf 79' lang='lat' dir='ltr'>posuit</span> <span class='ocrx_word' id='word_1_36' title='bbox 1559 558 1693 584; x_wconf 84' lang='lat' dir='ltr'>coram</span> <span class='ocrx_word' id='word_1_37' title='bbox 1732 544 1949 583; x_wconf 79' lang='lat' dir='ltr'>baronibus</span> <span class='ocrx_word' id='word_1_38' title='bbox 1979 544 2061 582; x_wconf 89' lang='lat' dir='ltr'>suis</span> <span class='ocrx_word' id='word_1_39' title='bbox 2090 543 2137 581; x_wconf 90' lang='lat' dir='ltr'>de</span> 
     </span>
     <span class='ocr_line' id='line_1_8' title="bbox 432 606 2138 647; baseline 0 -3"><span class='ocrx_word' id='word_1_40' title='bbox 432 607 639 646; x_wconf 81' lang='lat' dir='ltr'>Scaccario</span> <span class='ocrx_word' id='word_1_41' title='bbox 689 621 712 646; x_wconf 91' lang='lat' dir='ltr'>a</span> <span class='ocrx_word' id='word_1_42' title='bbox 767 609 830 646; x_wconf 88' lang='lat' dir='ltr'>die</span> <span class='ocrx_word' id='word_1_43' title='bbox 887 608 1041 647; x_wconf 89' lang='lat' dir='ltr'>Pasche</span> <span class='ocrx_word' id='word_1_44' title='bbox 1098 609 1139 645; x_wconf 91' lang='lat' dir='ltr'>in</span> <span class='ocrx_word' id='word_1_45' title='bbox 1197 621 1325 645; x_wconf 90' lang='lat' dir='ltr'>unum</span> <span class='ocrx_word' id='word_1_46' title='bbox 1383 620 1577 645; x_wconf 86' lang='lat' dir='ltr'>mensem.</span> <span class='ocrx_word' id='word_1_47' title='bbox 1657 607 1766 646; x_wconf 79' lang='lat' dir='ltr'>Scire</span> <span class='ocrx_word' id='word_1_48' title='bbox 1816 607 1937 645; x_wconf 87' lang='lat' dir='ltr'>etiam</span> <span class='ocrx_word' id='word_1_49' title='bbox 1987 606 2138 645; x_wconf 85' lang='lat' dir='ltr'>faciant</span> 
     </span>
    </p>
   </div>
   <div class='ocr_carea' id='block_1_5' title="bbox 428 668 2138 780">
    <p class='ocr_par' dir='ltr' id='par_1_5' title="bbox 428 668 2138 780">
     <span class='ocr_line' id='line_1_9' title="bbox 428 668 2138 720; baseline 0 -14"><span class='ocrx_word' id='word_1_50' title='bbox 428 669 607 718; x_wconf 84' lang='lat' dir='ltr'>predicto</span> <span class='ocrx_word' id='word_1_51' title='bbox 648 670 856 720; x_wconf 82' lang='lat' dir='ltr'>Stephano</span> <span class='ocrx_word' id='word_1_52' title='bbox 908 671 1014 720; x_wconf 88' lang='lat' dir='ltr'>quod</span> <span class='ocrx_word' id='word_1_53' title='bbox 1058 670 1260 720; x_wconf 83' lang='lat' dir='ltr'>loquelam</span> <span class='ocrx_word' id='word_1_54' title='bbox 1302 682 1417 708; x_wconf 86' lang='lat' dir='ltr'>suam</span> <span class='ocrx_word' id='word_1_55' title='bbox 1467 668 1615 707; x_wconf 89' lang='lat' dir='ltr'>ibidem</span> <span class='ocrx_word' id='word_1_56' title='bbox 1668 672 1944 719; x_wconf 72' lang='lat' dir='ltr'>prosequatur.</span> <span class='ocrx_word' id='word_1_57' title='bbox 2021 669 2138 707; x_wconf 86' lang='lat' dir='ltr'>Teste</span> 
     </span>
     <span class='ocr_line' id='line_1_10' title="bbox 430 734 640 780; baseline 0.005 -11"><span class='ocrx_word' id='word_1_58' title='bbox 430 734 475 770; x_wconf 91' lang='lat' dir='ltr'>ut</span> <span class='ocrx_word' id='word_1_59' title='bbox 509 744 640 780; x_wconf 89' lang='lat' dir='ltr'>supra.</span> 
     </span>
    </p>
   </div>
   <div class='ocr_carea' id='block_1_6' title="bbox 430 859 2139 1097">
    <p class='ocr_par' dir='ltr' id='par_1_6' title="bbox 430 859 2139 1097">
     <span class='ocr_line' id='line_1_11' title="bbox 539 859 2139 910; baseline 0 -12"><span class='ocrx_word' id='word_1_60' title='bbox 539 862 595 898; x_wconf 81' lang='lat' dir='ltr'>De</span> <span class='ocrx_word' id='word_1_61' title='bbox 631 863 831 910; x_wconf 57' lang='lat' dir='ltr'>quercubus*</span> <span class='ocrx_word' id='word_1_62' title='bbox 862 861 1281 899; x_wconf 47' lang='lat' dir='ltr'>‹latia—Mandatum</span> <span class='ocrx_word' id='word_1_63' title='bbox 1321 864 1381 899; x_wconf 91' lang='lat' dir='ltr'>est</span> <span class='ocrx_word' id='word_1_64' title='bbox 1417 860 1597 899; x_wconf 85' lang='lat' dir='ltr'>Johanni</span> <span class='ocrx_word' id='word_1_65' title='bbox 1636 860 1684 897; x_wconf 92' lang='lat' dir='ltr'>de</span> <span class='ocrx_word' id='word_1_66' title='bbox 1723 859 1884 906; x_wconf 85' lang='lat' dir='ltr'>Nevill’,</span> <span class='ocrx_word' id='word_1_67' title='bbox 1917 860 2139 910; x_wconf 85' lang='lat' dir='ltr'>justiciario</span> 
     </span>
     <span class='ocr_line' id='line_1_12' title="bbox 430 921 2138 973; baseline 0 -13"><span class='ocrx_word' id='word_1_68' title='bbox 430 923 589 969; x_wconf 83' lang='lat' dir='ltr'>foreste,</span> <span class='ocrx_word' id='word_1_69' title='bbox 625 923 730 973; x_wconf 90' lang='lat' dir='ltr'>quod</span> <span class='ocrx_word' id='word_1_70' title='bbox 769 923 810 960; x_wconf 91' lang='lat' dir='ltr'>in</span> <span class='ocrx_word' id='word_1_71' title='bbox 841 923 990 961; x_wconf 81' lang='lat' dir='ltr'>foresta</span> <span class='ocrx_word' id='word_1_72' title='bbox 1028 923 1075 961; x_wconf 90' lang='lat' dir='ltr'>de</span> <span class='ocrx_word' id='word_1_73' title='bbox 1109 923 1266 973; x_wconf 73' lang='lat' dir='ltr'>Seppel&#39;</span> <span class='ocrx_word' id='word_1_74' title='bbox 1298 922 1443 961; x_wconf 88' lang='lat' dir='ltr'>habere</span> <span class='ocrx_word' id='word_1_75' title='bbox 1483 922 1603 961; x_wconf 87' lang='lat' dir='ltr'>faciat</span> <span class='ocrx_word' id='word_1_76' title='bbox 1638 921 1816 960; x_wconf 90' lang='lat' dir='ltr'>Imberto</span> <span class='ocrx_word' id='word_1_77' title='bbox 1850 922 1897 959; x_wconf 89' lang='lat' dir='ltr'>de</span> <span class='ocrx_word' id='word_1_78' title='bbox 1929 923 2138 961; x_wconf 82' lang='lat' dir='ltr'>Hereford‘</span> 
     </span>
     <span class='ocr_line' id='line_1_13' title="bbox 430 984 2139 1034; baseline -0.002 -10"><span class='ocrx_word' id='word_1_79' title='bbox 430 985 479 1023; x_wconf 88' lang='lat' dir='ltr'>ad</span> <span class='ocrx_word' id='word_1_80' title='bbox 527 998 567 1024; x_wconf 90' lang='lat' dir='ltr'>se</span> <span class='ocrx_word' id='word_1_81' title='bbox 614 985 904 1034; x_wconf 88' lang='lat' dir='ltr'>hospitandum</span> <span class='ocrx_word' id='word_1_82' title='bbox 952 985 1058 1034; x_wconf 90' lang='lat' dir='ltr'>apud</span> <span class='ocrx_word' id='word_1_83' title='bbox 1109 985 1449 1023; x_wconf 84' lang='lat' dir='ltr'>Thownacslund’</span> <span class='ocrx_word' id='word_1_84' title='bbox 1493 984 1671 1034; x_wconf 87' lang='lat' dir='ltr'>quinque</span> <span class='ocrx_word' id='word_1_85' title='bbox 1715 997 1898 1034; x_wconf 88' lang='lat' dir='ltr'>quercus,</span> <span class='ocrx_word' id='word_1_86' title='bbox 1942 985 1989 1022; x_wconf 89' lang='lat' dir='ltr'>de</span> <span class='ocrx_word' id='word_1_87' title='bbox 2034 984 2139 1022; x_wconf 90' lang='lat' dir='ltr'>dono</span> 
     </span>
     <span class='ocr_line' id='line_1_14' title="bbox 430 1046 1687 1097; baseline 0 -13"><span class='ocrx_word' id='word_1_88' title='bbox 430 1047 546 1096; x_wconf 80' lang='lat' dir='ltr'>regis.</span> <span class='ocrx_word' id='word_1_89' title='bbox 633 1047 750 1086; x_wconf 87' lang='lat' dir='ltr'>Teste</span> <span class='ocrx_word' id='word_1_90' title='bbox 788 1060 880 1096; x_wconf 81' lang='lat' dir='ltr'>rege</span> <span class='ocrx_word' id='word_1_91' title='bbox 918 1047 1024 1097; x_wconf 89' lang='lat' dir='ltr'>apud</span> <span class='ocrx_word' id='word_1_92' title='bbox 1063 1047 1315 1090; x_wconf 84' lang='lat' dir='ltr'>Bernewell,&#39;</span> <span class='ocrx_word' id='word_1_93' title='bbox 1356 1060 1393 1085; x_wconf 84' lang='lat' dir='ltr'>x.</span> <span class='ocrx_word' id='word_1_94' title='bbox 1431 1047 1493 1085; x_wconf 83' lang='lat' dir='ltr'>die</span> <span class='ocrx_word' id='word_1_95' title='bbox 1532 1046 1687 1085; x_wconf 87' lang='lat' dir='ltr'>Marcii.</span> 
     </span>
    </p>
   </div>
   <div class='ocr_carea' id='block_1_7' title="bbox 430 1175 2142 1350">
    <p class='ocr_par' dir='ltr' id='par_1_7' title="bbox 430 1175 2142 1350">
     <span class='ocr_line' id='line_1_15' title="bbox 539 1175 2142 1224; baseline 0.001 -11"><span class='ocrx_word' id='word_1_96' title='bbox 539 1177 595 1213; x_wconf 80' lang='lat' dir='ltr'>De</span> <span class='ocrx_word' id='word_1_97' title='bbox 635 1177 823 1213; x_wconf 77' lang='lat' dir='ltr'>roboribus</span> <span class='ocrx_word' id='word_1_98' title='bbox 858 1176 1269 1214; x_wconf 50' lang='lat' dir='ltr'>datia—Mandatum</span> <span class='ocrx_word' id='word_1_99' title='bbox 1299 1178 1358 1214; x_wconf 88' lang='lat' dir='ltr'>est</span> <span class='ocrx_word' id='word_1_100' title='bbox 1387 1175 1516 1213; x_wconf 91' lang='lat' dir='ltr'>eidem</span> <span class='ocrx_word' id='word_1_101' title='bbox 1553 1175 1733 1213; x_wconf 80' lang='lat' dir='ltr'>Johanni</span> <span class='ocrx_word' id='word_1_102' title='bbox 1767 1175 1873 1224; x_wconf 88' lang='lat' dir='ltr'>quod</span> <span class='ocrx_word' id='word_1_103' title='bbox 1912 1175 1953 1212; x_wconf 91' lang='lat' dir='ltr'>in</span> <span class='ocrx_word' id='word_1_104' title='bbox 1992 1175 2142 1214; x_wconf 80' lang='lat' dir='ltr'>foresta</span> 
     </span>
     <span class='ocr_line' id='line_1_16' title="bbox 430 1237 2142 1288; baseline 0.001 -13"><span class='ocrx_word' id='word_1_105' title='bbox 430 1237 477 1276; x_wconf 90' lang='lat' dir='ltr'>de</span> <span class='ocrx_word' id='word_1_106' title='bbox 509 1238 662 1288; x_wconf 88' lang='lat' dir='ltr'>Seppel’</span> <span class='ocrx_word' id='word_1_107' title='bbox 689 1237 836 1276; x_wconf 88' lang='lat' dir='ltr'>habere</span> <span class='ocrx_word' id='word_1_108' title='bbox 863 1237 985 1276; x_wconf 77' lang='lat' dir='ltr'>faciat</span> <span class='ocrx_word' id='word_1_109' title='bbox 1018 1237 1207 1287; x_wconf 83' lang='lat' dir='ltr'>priorisse</span> <span class='ocrx_word' id='word_1_110' title='bbox 1237 1242 1275 1276; x_wconf 91' lang='lat' dir='ltr'>et</span> <span class='ocrx_word' id='word_1_111' title='bbox 1305 1237 1551 1276; x_wconf 87' lang='lat' dir='ltr'>monialibus</span> <span class='ocrx_word' id='word_1_112' title='bbox 1583 1237 1630 1275; x_wconf 88' lang='lat' dir='ltr'>de</span> <span class='ocrx_word' id='word_1_113' title='bbox 1659 1237 1862 1275; x_wconf 87' lang='lat' dir='ltr'>Huntind’</span> <span class='ocrx_word' id='word_1_114' title='bbox 1892 1237 1972 1276; x_wconf 87' lang='lat' dir='ltr'>duo</span> <span class='ocrx_word' id='word_1_115' title='bbox 2002 1237 2142 1276; x_wconf 86' lang='lat' dir='ltr'>robora</span> 
     </span>
     <span class='ocr_line' id='line_1_17' title="bbox 431 1299 1648 1350; baseline -0.002 -12"><span class='ocrx_word' id='word_1_116' title='bbox 431 1299 481 1338; x_wconf 88' lang='lat' dir='ltr'>ad</span> <span class='ocrx_word' id='word_1_117' title='bbox 519 1300 653 1339; x_wconf 77' lang='lat' dir='ltr'>focum</span> <span class='ocrx_word' id='word_1_118' title='bbox 693 1313 826 1347; x_wconf 86' lang='lat' dir='ltr'>suum,</span> <span class='ocrx_word' id='word_1_119' title='bbox 866 1300 913 1338; x_wconf 88' lang='lat' dir='ltr'>de</span> <span class='ocrx_word' id='word_1_120' title='bbox 952 1300 1057 1338; x_wconf 87' lang='lat' dir='ltr'>dono</span> <span class='ocrx_word' id='word_1_121' title='bbox 1096 1301 1214 1350; x_wconf 84' lang='lat' dir='ltr'>regis.</span> <span class='ocrx_word' id='word_1_122' title='bbox 1275 1300 1392 1338; x_wconf 84' lang='lat' dir='ltr'>Teste</span> <span class='ocrx_word' id='word_1_123' title='bbox 1431 1303 1476 1338; x_wconf 88' lang='lat' dir='ltr'>ut</span> <span class='ocrx_word' id='word_1_124' title='bbox 1514 1312 1648 1349; x_wconf 89' lang='lat' dir='ltr'>supra.</span> 
     </span>
    </p>
   </div>
   <div class='ocr_carea' id='block_1_8' title="bbox 431 1427 2145 1976">
    <p class='ocr_par' dir='ltr' id='par_1_8' title="bbox 431 1427 2145 1976">
     <span class='ocr_line' id='line_1_18' title="bbox 544 1427 2141 1478; baseline 0 -12"><span class='ocrx_word' id='word_1_125' title='bbox 544 1431 621 1467; x_wconf 78' lang='lat' dir='ltr'>Pro</span> <span class='ocrx_word' id='word_1_126' title='bbox 660 1432 814 1467; x_wconf 72' lang='lat' dir='ltr'>Amlrea</span> <span class='ocrx_word' id='word_1_127' title='bbox 855 1431 898 1466; x_wconf 78' lang='lat' dir='ltr'>de</span> <span class='ocrx_word' id='word_1_128' title='bbox 937 1429 1413 1478; x_wconf 75' lang='lat' dir='ltr'>Hely1111.—Mandatum</span> <span class='ocrx_word' id='word_1_129' title='bbox 1453 1431 1514 1466; x_wconf 91' lang='lat' dir='ltr'>est</span> <span class='ocrx_word' id='word_1_130' title='bbox 1552 1427 1786 1477; x_wconf 78' lang='lat' dir='ltr'>justiciariis</span> <span class='ocrx_word' id='word_1_131' title='bbox 1825 1427 1875 1465; x_wconf 85' lang='lat' dir='ltr'>ad</span> <span class='ocrx_word' id='word_1_132' title='bbox 1917 1428 2141 1466; x_wconf 89' lang='lat' dir='ltr'>custodiam</span> 
     </span>
     <span class='ocr_line' id='line_1_19' title="bbox 432 1489 2142 1541; baseline -0.001 -12"><span class='ocrx_word' id='word_1_133' title='bbox 432 1491 654 1530; x_wconf 84' lang='lat' dir='ltr'>Judeorum</span> <span class='ocrx_word' id='word_1_134' title='bbox 707 1491 925 1541; x_wconf 85' lang='lat' dir='ltr'>assignatis</span> <span class='ocrx_word' id='word_1_135' title='bbox 977 1491 1083 1540; x_wconf 85' lang='lat' dir='ltr'>quod</span> <span class='ocrx_word' id='word_1_136' title='bbox 1137 1504 1207 1540; x_wconf 88' lang='lat' dir='ltr'>per</span> <span class='ocrx_word' id='word_1_137' title='bbox 1256 1489 1401 1540; x_wconf 87' lang='lat' dir='ltr'>probos</span> <span class='ocrx_word' id='word_1_138' title='bbox 1449 1492 1488 1528; x_wconf 92' lang='lat' dir='ltr'>et</span> <span class='ocrx_word' id='word_1_139' title='bbox 1538 1489 1684 1538; x_wconf 80' lang='lat' dir='ltr'>legales</span> <span class='ocrx_word' id='word_1_140' title='bbox 1741 1489 1925 1528; x_wconf 90' lang='lat' dir='ltr'>homines</span> <span class='ocrx_word' id='word_1_141' title='bbox 1982 1490 2142 1528; x_wconf 85' lang='lat' dir='ltr'>extendi</span> 
     </span>
     <span class='ocr_line' id='line_1_20' title="bbox 433 1552 2141 1604; baseline -0.001 -13"><span class='ocrx_word' id='word_1_142' title='bbox 433 1553 586 1592; x_wconf 84' lang='lat' dir='ltr'>faciant</span> <span class='ocrx_word' id='word_1_143' title='bbox 643 1556 791 1591; x_wconf 88' lang='lat' dir='ltr'>terram</span> <span class='ocrx_word' id='word_1_144' title='bbox 851 1553 1008 1591; x_wconf 84' lang='lat' dir='ltr'>Andree</span> <span class='ocrx_word' id='word_1_145' title='bbox 1065 1554 1113 1591; x_wconf 88' lang='lat' dir='ltr'>de</span> <span class='ocrx_word' id='word_1_146' title='bbox 1172 1553 1335 1604; x_wconf 82' lang='lat' dir='ltr'>Helyun</span> <span class='ocrx_word' id='word_1_147' title='bbox 1395 1552 1437 1589; x_wconf 91' lang='lat' dir='ltr'>in</span> <span class='ocrx_word' id='word_1_148' title='bbox 1495 1552 1675 1590; x_wconf 86' lang='lat' dir='ltr'>Bansted</span> <span class='ocrx_word' id='word_1_149' title='bbox 1731 1564 1806 1601; x_wconf 87' lang='lat' dir='ltr'>que</span> <span class='ocrx_word' id='word_1_150' title='bbox 1863 1555 1922 1590; x_wconf 90' lang='lat' dir='ltr'>est</span> <span class='ocrx_word' id='word_1_151' title='bbox 1978 1552 2141 1590; x_wconf 82' lang='lat' dir='ltr'>vadium</span> 
     </span>
     <span class='ocr_line' id='line_1_21' title="bbox 433 1613 2139 1664; baseline -0.001 -11"><span class='ocrx_word' id='word_1_152' title='bbox 433 1615 573 1654; x_wconf 82' lang='lat' dir='ltr'>Jacobi</span> <span class='ocrx_word' id='word_1_153' title='bbox 649 1615 830 1664; x_wconf 81' lang='lat' dir='ltr'>Crespin,</span> <span class='ocrx_word' id='word_1_154' title='bbox 899 1615 1018 1653; x_wconf 83' lang='lat' dir='ltr'>Judei</span> <span class='ocrx_word' id='word_1_155' title='bbox 1081 1615 1278 1660; x_wconf 86' lang='lat' dir='ltr'>London&#39;‚</span> <span class='ocrx_word' id='word_1_156' title='bbox 1342 1617 1542 1664; x_wconf 87' lang='lat' dir='ltr'>quantum</span> <span class='ocrx_word' id='word_1_157' title='bbox 1607 1613 1737 1651; x_wconf 80' lang='lat' dir='ltr'>valeat</span> <span class='ocrx_word' id='word_1_158' title='bbox 1803 1613 1844 1650; x_wconf 89' lang='lat' dir='ltr'>in</span> <span class='ocrx_word' id='word_1_159' title='bbox 1911 1614 2139 1660; x_wconf 78' lang='lat' dir='ltr'>dominicis,</span> 
     </span>
     <span class='ocr_line' id='line_1_22' title="bbox 431 1674 2143 1726; baseline -0.001 -11"><span class='ocrx_word' id='word_1_160' title='bbox 431 1676 668 1723; x_wconf 88' lang='lat' dir='ltr'>redditibus,</span> <span class='ocrx_word' id='word_1_161' title='bbox 724 1676 953 1726; x_wconf 83' lang='lat' dir='ltr'>villenagiis</span> <span class='ocrx_word' id='word_1_162' title='bbox 1018 1680 1057 1714; x_wconf 89' lang='lat' dir='ltr'>et</span> <span class='ocrx_word' id='word_1_163' title='bbox 1123 1675 1315 1715; x_wconf 91' lang='lat' dir='ltr'>omnibus</span> <span class='ocrx_word' id='word_1_164' title='bbox 1382 1676 1472 1713; x_wconf 88' lang='lat' dir='ltr'>aliis</span> <span class='ocrx_word' id='word_1_165' title='bbox 1538 1674 1712 1713; x_wconf 83' lang='lat' dir='ltr'>exitibus</span> <span class='ocrx_word' id='word_1_166' title='bbox 1765 1678 1880 1721; x_wconf 89' lang='lat' dir='ltr'>terre,</span> <span class='ocrx_word' id='word_1_167' title='bbox 1929 1679 1981 1721; x_wconf 89' lang='lat' dir='ltr'>et,</span> <span class='ocrx_word' id='word_1_168' title='bbox 2037 1676 2143 1715; x_wconf 80' lang='lat' dir='ltr'>facta</span> 
     </span>
     <span class='ocr_line' id='line_1_23' title="bbox 431 1737 2144 1788; baseline -0.001 -10"><span class='ocrx_word' id='word_1_169' title='bbox 431 1739 665 1778; x_wconf 87' lang='lat' dir='ltr'>extensione</span> <span class='ocrx_word' id='word_1_170' title='bbox 704 1739 895 1788; x_wconf 87' lang='lat' dir='ltr'>predicta,</span> <span class='ocrx_word' id='word_1_171' title='bbox 937 1739 1066 1777; x_wconf 85' lang='lat' dir='ltr'>eidem</span> <span class='ocrx_word' id='word_1_172' title='bbox 1107 1739 1265 1777; x_wconf 86' lang='lat' dir='ltr'>Andree</span> <span class='ocrx_word' id='word_1_173' title='bbox 1304 1737 1588 1776; x_wconf 85' lang='lat' dir='ltr'>rationabilem</span> <span class='ocrx_word' id='word_1_174' title='bbox 1627 1737 1749 1775; x_wconf 89' lang='lat' dir='ltr'>finem</span> <span class='ocrx_word' id='word_1_175' title='bbox 1793 1741 1833 1775; x_wconf 88' lang='lat' dir='ltr'>et</span> <span class='ocrx_word' id='word_1_176' title='bbox 1882 1738 2144 1777; x_wconf 86' lang='lat' dir='ltr'>rationabiles</span> 
     </span>
     <span class='ocr_line' id='line_1_24' title="bbox 433 1799 2145 1849; baseline -0.001 -8"><span class='ocrx_word' id='word_1_177' title='bbox 433 1801 628 1841; x_wconf 90' lang='lat' dir='ltr'>terminos</span> <span class='ocrx_word' id='word_1_178' title='bbox 666 1801 812 1840; x_wconf 89' lang='lat' dir='ltr'>habere</span> <span class='ocrx_word' id='word_1_179' title='bbox 851 1801 1009 1840; x_wconf 85' lang='lat' dir='ltr'>faciatis</span> <span class='ocrx_word' id='word_1_180' title='bbox 1056 1802 1105 1840; x_wconf 82' lang='lat' dir='ltr'>ad</span> <span class='ocrx_word' id='word_1_181' title='bbox 1152 1800 1334 1839; x_wconf 85' lang='lat' dir='ltr'>debitum</span> <span class='ocrx_word' id='word_1_182' title='bbox 1383 1800 1423 1837; x_wconf 89' lang='lat' dir='ltr'>in</span> <span class='ocrx_word' id='word_1_183' title='bbox 1464 1813 1542 1849; x_wconf 91' lang='lat' dir='ltr'>quo</span> <span class='ocrx_word' id='word_1_184' title='bbox 1580 1799 1761 1849; x_wconf 85' lang='lat' dir='ltr'>predicto</span> <span class='ocrx_word' id='word_1_185' title='bbox 1809 1800 1937 1838; x_wconf 73' lang='lat' dir='ltr'>›Judeo</span> <span class='ocrx_word' id='word_1_186' title='bbox 1985 1803 2145 1839; x_wconf 89' lang='lat' dir='ltr'>tenetur</span> 
     </span>
     <span class='ocr_line' id='line_1_25' title="bbox 433 1861 2143 1913; baseline -0.001 -10"><span class='ocrx_word' id='word_1_187' title='bbox 433 1864 681 1903; x_wconf 86' lang='lat' dir='ltr'>reddendum</span> <span class='ocrx_word' id='word_1_188' title='bbox 719 1864 942 1902; x_wconf 89' lang='lat' dir='ltr'>secundum</span> <span class='ocrx_word' id='word_1_189' title='bbox 981 1864 1159 1902; x_wconf 78' lang='lat' dir='ltr'>valorem</span> <span class='ocrx_word' id='word_1_190' title='bbox 1198 1863 1373 1913; x_wconf 89' lang='lat' dir='ltr'>predicte</span> <span class='ocrx_word' id='word_1_191' title='bbox 1422 1865 1524 1900; x_wconf 84' lang='lat' dir='ltr'>terre</span> <span class='ocrx_word' id='word_1_192' title='bbox 1571 1864 1609 1900; x_wconf 89' lang='lat' dir='ltr'>et</span> <span class='ocrx_word' id='word_1_193' title='bbox 1657 1861 1928 1911; x_wconf 83' lang='lat' dir='ltr'>quantitatem</span> <span class='ocrx_word' id='word_1_194' title='bbox 1977 1863 2143 1912; x_wconf 85' lang='lat' dir='ltr'>predicti</span> 
     </span>
     <span class='ocr_line' id='line_1_26' title="bbox 433 1924 1835 1976; baseline -0.003 -11"><span class='ocrx_word' id='word_1_195' title='bbox 433 1926 582 1974; x_wconf 75' lang='lat' dir='ltr'>debiti3</span> <span class='ocrx_word' id='word_1_196' title='bbox 624 1926 680 1965; x_wconf 90' lang='lat' dir='ltr'>ita</span> <span class='ocrx_word' id='word_1_197' title='bbox 718 1926 823 1976; x_wconf 86' lang='lat' dir='ltr'>quod</span> <span class='ocrx_word' id='word_1_198' title='bbox 862 1926 1027 1965; x_wconf 87' lang='lat' dir='ltr'>interim</span> <span class='ocrx_word' id='word_1_199' title='bbox 1062 1929 1219 1965; x_wconf 87' lang='lat' dir='ltr'>cessent</span> <span class='ocrx_word' id='word_1_200' title='bbox 1258 1938 1391 1964; x_wconf 88' lang='lat' dir='ltr'>usure.</span> <span class='ocrx_word' id='word_1_201' title='bbox 1461 1924 1580 1963; x_wconf 82' lang='lat' dir='ltr'>Teste</span> <span class='ocrx_word' id='word_1_202' title='bbox 1617 1927 1662 1962; x_wconf 93' lang='lat' dir='ltr'>ut</span> <span class='ocrx_word' id='word_1_203' title='bbox 1702 1937 1835 1974; x_wconf 87' lang='lat' dir='ltr'>supra.</span> 
     </span>
    </p>
   </div>
   <div class='ocr_carea' id='block_1_9' title="bbox 433 2062 2146 2364">
    <p class='ocr_par' dir='ltr' id='par_1_9' title="bbox 433 2062 2146 2364">
     <span class='ocr_line' id='line_1_27' title="bbox 547 2062 2145 2115; baseline -0.001 -12"><span class='ocrx_word' id='word_1_204' title='bbox 547 2068 621 2103; x_wconf 81' lang='lat' dir='ltr'>Pro</span> <span class='ocrx_word' id='word_1_205' title='bbox 662 2069 836 2115; x_wconf 58' lang='lat' dir='ltr'>mamm-0</span> <span class='ocrx_word' id='word_1_206' title='bbox 877 2068 920 2103; x_wconf 78' lang='lat' dir='ltr'>de</span> <span class='ocrx_word' id='word_1_207' title='bbox 957 2065 1423 2113; x_wconf 69' lang='lat' dir='ltr'>Cleipeli‘.—Mandatum</span> <span class='ocrx_word' id='word_1_208' title='bbox 1462 2067 1522 2102; x_wconf 89' lang='lat' dir='ltr'>est</span> <span class='ocrx_word' id='word_1_209' title='bbox 1557 2062 1793 2102; x_wconf 88' lang='lat' dir='ltr'>custodibus</span> <span class='ocrx_word' id='word_1_210' title='bbox 1823 2063 2011 2102; x_wconf 80' lang='lat' dir='ltr'>vinorum</span> <span class='ocrx_word' id='word_1_211' title='bbox 2043 2064 2145 2113; x_wconf 81' lang='lat' dir='ltr'>regis</span> 
     </span>
     <span class='ocr_line' id='line_1_28' title="bbox 433 2126 2145 2177; baseline -0.001 -11"><span class='ocrx_word' id='word_1_212' title='bbox 433 2128 539 2177; x_wconf 86' lang='lat' dir='ltr'>apud</span> <span class='ocrx_word' id='word_1_213' title='bbox 591 2128 787 2167; x_wconf 79' lang='lat' dir='ltr'>Sanctum</span> <span class='ocrx_word' id='word_1_214' title='bbox 843 2128 1112 2166; x_wconf 87' lang='lat' dir='ltr'>Edmundum</span> <span class='ocrx_word' id='word_1_215' title='bbox 1165 2127 1271 2176; x_wconf 89' lang='lat' dir='ltr'>quod</span> <span class='ocrx_word' id='word_1_216' title='bbox 1323 2127 1370 2165; x_wconf 83' lang='lat' dir='ltr'>de</span> <span class='ocrx_word' id='word_1_217' title='bbox 1417 2126 1524 2165; x_wconf 87' lang='lat' dir='ltr'>vinis</span> <span class='ocrx_word' id='word_1_218' title='bbox 1574 2126 1677 2175; x_wconf 82' lang='lat' dir='ltr'>regis</span> <span class='ocrx_word' id='word_1_219' title='bbox 1729 2139 1803 2176; x_wconf 89' lang='lat' dir='ltr'>que</span> <span class='ocrx_word' id='word_1_220' title='bbox 1854 2130 2051 2164; x_wconf 79' lang='lat' dir='ltr'>venerunt</span> <span class='ocrx_word' id='word_1_221' title='bbox 2098 2127 2145 2165; x_wconf 88' lang='lat' dir='ltr'>de</span> 
     </span>
     <span class='ocr_line' id='line_1_29' title="bbox 434 2188 2145 2238; baseline -0.002 -10"><span class='ocrx_word' id='word_1_222' title='bbox 434 2191 559 2229; x_wconf 88' lang='lat' dir='ltr'>Lond&#39;</span> <span class='ocrx_word' id='word_1_223' title='bbox 598 2193 636 2228; x_wconf 93' lang='lat' dir='ltr'>et</span> <span class='ocrx_word' id='word_1_224' title='bbox 681 2190 764 2228; x_wconf 92' lang='lat' dir='ltr'>sint</span> <span class='ocrx_word' id='word_1_225' title='bbox 809 2190 851 2227; x_wconf 90' lang='lat' dir='ltr'>in</span> <span class='ocrx_word' id='word_1_226' title='bbox 895 2190 1077 2228; x_wconf 87' lang='lat' dir='ltr'>custodia</span> <span class='ocrx_word' id='word_1_227' title='bbox 1126 2202 1197 2227; x_wconf 91' lang='lat' dir='ltr'>sua</span> <span class='ocrx_word' id='word_1_228' title='bbox 1245 2188 1398 2227; x_wconf 84' lang='lat' dir='ltr'>faciant</span> <span class='ocrx_word' id='word_1_229' title='bbox 1445 2188 1591 2227; x_wconf 86' lang='lat' dir='ltr'>habere</span> <span class='ocrx_word' id='word_1_230' title='bbox 1638 2189 1834 2237; x_wconf 81' lang='lat' dir='ltr'>magistro</span> <span class='ocrx_word' id='word_1_231' title='bbox 1882 2188 1929 2226; x_wconf 87' lang='lat' dir='ltr'>de</span> <span class='ocrx_word' id='word_1_232' title='bbox 1978 2188 2145 2238; x_wconf 81' lang='lat' dir='ltr'>Chipeh’</span> 
     </span>
     <span class='ocr_line' id='line_1_30' title="bbox 433 2250 2146 2300; baseline -0.002 -9"><span class='ocrx_word' id='word_1_233' title='bbox 433 2266 562 2291; x_wconf 91' lang='lat' dir='ltr'>unum</span> <span class='ocrx_word' id='word_1_234' title='bbox 601 2252 754 2291; x_wconf 88' lang='lat' dir='ltr'>dolium</span> <span class='ocrx_word' id='word_1_235' title='bbox 803 2252 888 2290; x_wconf 89' lang='lat' dir='ltr'>vini</span> <span class='ocrx_word' id='word_1_236' title='bbox 932 2252 1045 2290; x_wconf 88' lang='lat' dir='ltr'>rubei</span> <span class='ocrx_word' id='word_1_237' title='bbox 1085 2251 1308 2297; x_wconf 86' lang='lat' dir='ltr'>Wasconie,</span> <span class='ocrx_word' id='word_1_238' title='bbox 1350 2251 1397 2289; x_wconf 89' lang='lat' dir='ltr'>de</span> <span class='ocrx_word' id='word_1_239' title='bbox 1435 2252 1541 2289; x_wconf 90' lang='lat' dir='ltr'>dono</span> <span class='ocrx_word' id='word_1_240' title='bbox 1581 2250 1699 2300; x_wconf 77' lang='lat' dir='ltr'>regis.</span> <span class='ocrx_word' id='word_1_241' title='bbox 1760 2251 1877 2289; x_wconf 80' lang='lat' dir='ltr'>Teste</span> <span class='ocrx_word' id='word_1_242' title='bbox 1912 2264 2002 2300; x_wconf 84' lang='lat' dir='ltr'>rege</span> <span class='ocrx_word' id='word_1_243' title='bbox 2041 2251 2146 2300; x_wconf 90' lang='lat' dir='ltr'>apud</span> 
     </span>
     <span class='ocr_line' id='line_1_31' title="bbox 438 2313 1380 2364; baseline -0.003 -11"><span class='ocrx_word' id='word_1_244' title='bbox 438 2315 634 2354; x_wconf 83' lang='lat' dir='ltr'>Sanctum</span> <span class='ocrx_word' id='word_1_245' title='bbox 674 2315 959 2360; x_wconf 88' lang='lat' dir='ltr'>Edmundum,</span> <span class='ocrx_word' id='word_1_246' title='bbox 1000 2314 1086 2364; x_wconf 80' lang='lat' dir='ltr'>xiij.</span> <span class='ocrx_word' id='word_1_247' title='bbox 1127 2313 1190 2351; x_wconf 89' lang='lat' dir='ltr'>die</span> <span class='ocrx_word' id='word_1_248' title='bbox 1225 2313 1380 2352; x_wconf 90' lang='lat' dir='ltr'>Marcii.</span> 
     </span>
    </p>
   </div>
   <div class='ocr_carea' id='block_1_10' title="bbox 416 2449 2148 2996">
    <p class='ocr_par' dir='ltr' id='par_1_10' title="bbox 416 2449 2148 2996">
     <span class='ocr_line' id='line_1_32' title="bbox 547 2449 2145 2500; baseline -0.001 -11"><span class='ocrx_word' id='word_1_249' title='bbox 547 2453 624 2489; x_wconf 80' lang='lat' dir='ltr'>Pro</span> <span class='ocrx_word' id='word_1_250' title='bbox 671 2453 724 2490; x_wconf 84' lang='lat' dir='ltr'>W.</span> <span class='ocrx_word' id='word_1_251' title='bbox 766 2454 807 2488; x_wconf 80' lang='lat' dir='ltr'>de</span> <span class='ocrx_word' id='word_1_252' title='bbox 851 2451 1001 2489; x_wconf 72' lang='lat' dir='ltr'>Kirkelz&#39;</span> <span class='ocrx_word' id='word_1_253' title='bbox 1055 2453 1097 2487; x_wconf 69' lang='lat' dir='ltr'>de</span> <span class='ocrx_word' id='word_1_254' title='bbox 1145 2452 1347 2500; x_wconf 72' lang='lat' dir='ltr'>quercubus</span> <span class='ocrx_word' id='word_1_255' title='bbox 1386 2450 1797 2487; x_wconf 59' lang='lat' dir='ltr'>‹latia—Mandatum</span> <span class='ocrx_word' id='word_1_256' title='bbox 1837 2452 1897 2487; x_wconf 85' lang='lat' dir='ltr'>est</span> <span class='ocrx_word' id='word_1_257' title='bbox 1939 2449 2022 2488; x_wconf 85' lang='lat' dir='ltr'>Ade</span> <span class='ocrx_word' id='word_1_258' title='bbox 2061 2450 2145 2488; x_wconf 88' lang='lat' dir='ltr'>filio</span> 
     </span>
     <span class='ocr_line' id='line_1_33' title="bbox 439 2511 2146 2562; baseline -0.001 -10"><span class='ocrx_word' id='word_1_259' title='bbox 439 2514 633 2552; x_wconf 88' lang='lat' dir='ltr'>Willelmi</span> <span class='ocrx_word' id='word_1_260' title='bbox 689 2516 728 2552; x_wconf 91' lang='lat' dir='ltr'>et</span> <span class='ocrx_word' id='word_1_261' title='bbox 782 2513 954 2552; x_wconf 82' lang='lat' dir='ltr'>Ricardo</span> <span class='ocrx_word' id='word_1_262' title='bbox 1012 2514 1059 2551; x_wconf 83' lang='lat' dir='ltr'>de</span> <span class='ocrx_word' id='word_1_263' title='bbox 1125 2513 1163 2551; x_wconf 88' lang='lat' dir='ltr'>la</span> <span class='ocrx_word' id='word_1_264' title='bbox 1225 2513 1321 2551; x_wconf 76' lang='lat' dir='ltr'>Lad&#39;</span> <span class='ocrx_word' id='word_1_265' title='bbox 1378 2512 1484 2562; x_wconf 88' lang='lat' dir='ltr'>quod</span> <span class='ocrx_word' id='word_1_266' title='bbox 1548 2511 1694 2550; x_wconf 87' lang='lat' dir='ltr'>habere</span> <span class='ocrx_word' id='word_1_267' title='bbox 1760 2511 1912 2550; x_wconf 84' lang='lat' dir='ltr'>faciant</span> <span class='ocrx_word' id='word_1_268' title='bbox 1980 2512 2041 2550; x_wconf 82' lang='lat' dir='ltr'>W,</span> <span class='ocrx_word' id='word_1_269' title='bbox 2099 2513 2146 2551; x_wconf 92' lang='lat' dir='ltr'>de</span> 
     </span>
     <span class='ocr_line' id='line_1_34' title="bbox 438 2574 2145 2624; baseline -0.001 -10"><span class='ocrx_word' id='word_1_270' title='bbox 438 2576 672 2622; x_wconf 81' lang='lat' dir='ltr'>Kirkeham,</span> <span class='ocrx_word' id='word_1_271' title='bbox 739 2576 890 2614; x_wconf 89' lang='lat' dir='ltr'>decano</span> <span class='ocrx_word' id='word_1_272' title='bbox 959 2575 1098 2614; x_wconf 83' lang='lat' dir='ltr'>Sancti</span> <span class='ocrx_word' id='word_1_273' title='bbox 1166 2575 1348 2621; x_wconf 86' lang='lat' dir='ltr'>Martini,</span> <span class='ocrx_word' id='word_1_274' title='bbox 1417 2574 1617 2619; x_wconf 90' lang='lat' dir='ltr'>London’,</span> <span class='ocrx_word' id='word_1_275' title='bbox 1676 2588 1712 2612; x_wconf 87' lang='lat' dir='ltr'>v.</span> <span class='ocrx_word' id='word_1_276' title='bbox 1778 2587 1948 2624; x_wconf 85' lang='lat' dir='ltr'>quercus</span> <span class='ocrx_word' id='word_1_277' title='bbox 2016 2577 2054 2612; x_wconf 89' lang='lat' dir='ltr'>et</span> <span class='ocrx_word' id='word_1_278' title='bbox 2120 2575 2145 2613; x_wconf 91' lang='lat'>1.</span> 
     </span>
     <span class='ocr_line' id='line_1_35' title="bbox 438 2636 2146 2688; baseline -0.001 -11"><span class='ocrx_word' id='word_1_279' title='bbox 438 2640 680 2678; x_wconf 79' lang='lat' dir='ltr'>cheveronos</span> <span class='ocrx_word' id='word_1_280' title='bbox 719 2639 761 2676; x_wconf 89' lang='lat' dir='ltr'>in</span> <span class='ocrx_word' id='word_1_281' title='bbox 801 2638 932 2677; x_wconf 86' lang='lat' dir='ltr'>boscis</span> <span class='ocrx_word' id='word_1_282' title='bbox 979 2638 1047 2688; x_wconf 90' lang='lat' dir='ltr'>qui</span> <span class='ocrx_word' id='word_1_283' title='bbox 1091 2638 1259 2676; x_wconf 79' lang='lat' dir='ltr'>fuerunt</span> <span class='ocrx_word' id='word_1_284' title='bbox 1307 2636 1472 2676; x_wconf 87' lang='lat' dir='ltr'>Roberti</span> <span class='ocrx_word' id='word_1_285' title='bbox 1511 2637 1587 2675; x_wconf 88' lang='lat' dir='ltr'>filii</span> <span class='ocrx_word' id='word_1_286' title='bbox 1627 2636 1794 2674; x_wconf 88' lang='lat' dir='ltr'>Walteri</span> <span class='ocrx_word' id='word_1_287' title='bbox 1843 2636 1910 2686; x_wconf 87' lang='lat' dir='ltr'>qui</span> <span class='ocrx_word' id='word_1_288' title='bbox 1959 2640 2055 2675; x_wconf 90' lang='lat' dir='ltr'>sunt</span> <span class='ocrx_word' id='word_1_289' title='bbox 2104 2637 2146 2675; x_wconf 90' lang='lat' dir='ltr'>in</span> 
     </span>
     <span class='ocr_line' id='line_1_36' title="bbox 439 2699 2148 2750; baseline -0.001 -10"><span class='ocrx_word' id='word_1_290' title='bbox 439 2701 621 2740; x_wconf 87' lang='lat' dir='ltr'>custodia</span> <span class='ocrx_word' id='word_1_291' title='bbox 686 2714 757 2739; x_wconf 90' lang='lat' dir='ltr'>sua</span> <span class='ocrx_word' id='word_1_292' title='bbox 824 2701 995 2750; x_wconf 83' lang='lat' dir='ltr'>sparsim</span> <span class='ocrx_word' id='word_1_293' title='bbox 1053 2713 1123 2750; x_wconf 90' lang='lat' dir='ltr'>per</span> <span class='ocrx_word' id='word_1_294' title='bbox 1180 2700 1267 2738; x_wconf 89' lang='lat' dir='ltr'>loca</span> <span class='ocrx_word' id='word_1_295' title='bbox 1324 2699 1392 2738; x_wconf 92' lang='lat' dir='ltr'>ubi</span> <span class='ocrx_word' id='word_1_296' title='bbox 1451 2699 1752 2749; x_wconf 88' lang='lat' dir='ltr'>competencius</span> <span class='ocrx_word' id='word_1_297' title='bbox 1808 2702 1847 2736; x_wconf 89' lang='lat' dir='ltr'>et</span> <span class='ocrx_word' id='word_1_298' title='bbox 1905 2699 1953 2736; x_wconf 88' lang='lat' dir='ltr'>ad</span> <span class='ocrx_word' id='word_1_299' title='bbox 2011 2699 2148 2738; x_wconf 88' lang='lat' dir='ltr'>minus</span> 
     </span>
     <span class='ocr_line' id='line_1_37' title="bbox 416 2761 2148 2811; baseline -0.001 -9"><span class='ocrx_word' id='word_1_300' title='bbox 416 2766 734 2803; x_wconf 76' lang='lat' dir='ltr'>‘nocumentum</span> <span class='ocrx_word' id='word_1_301' title='bbox 773 2763 992 2801; x_wconf 89' lang='lat' dir='ltr'>eorundem</span> <span class='ocrx_word' id='word_1_302' title='bbox 1042 2762 1254 2801; x_wconf 87' lang='lat' dir='ltr'>boscorum</span> <span class='ocrx_word' id='word_1_303' title='bbox 1307 2762 1395 2811; x_wconf 88' lang='lat' dir='ltr'>capi</span> <span class='ocrx_word' id='word_1_304' title='bbox 1441 2761 1612 2811; x_wconf 88' lang='lat' dir='ltr'>possint,</span> <span class='ocrx_word' id='word_1_305' title='bbox 1664 2761 1714 2799; x_wconf 89' lang='lat' dir='ltr'>ad</span> <span class='ocrx_word' id='word_1_306' title='bbox 1752 2761 2017 2799; x_wconf 86' lang='lat' dir='ltr'>maeremium</span> <span class='ocrx_word' id='word_1_307' title='bbox 2056 2762 2148 2800; x_wconf 89' lang='lat' dir='ltr'>inde</span> 
     </span>
     <span class='ocr_line' id='line_1_38' title="bbox 441 2823 2147 2875; baseline -0.001 -12"><span class='ocrx_word' id='word_1_308' title='bbox 441 2826 670 2864; x_wconf 83' lang='lat' dir='ltr'>faciendum</span> <span class='ocrx_word' id='word_1_309' title='bbox 710 2826 759 2863; x_wconf 86' lang='lat' dir='ltr'>ad</span> <span class='ocrx_word' id='word_1_310' title='bbox 797 2826 1003 2875; x_wconf 87' lang='lat' dir='ltr'>quandam</span> <span class='ocrx_word' id='word_1_311' title='bbox 1056 2825 1268 2874; x_wconf 81' lang='lat' dir='ltr'>grangiam</span> <span class='ocrx_word' id='word_1_312' title='bbox 1323 2824 1550 2862; x_wconf 82' lang='lat' dir='ltr'>faciendam</span> <span class='ocrx_word' id='word_1_313' title='bbox 1603 2824 1709 2873; x_wconf 89' lang='lat' dir='ltr'>apud</span> <span class='ocrx_word' id='word_1_314' title='bbox 1760 2823 1989 2861; x_wconf 83' lang='lat' dir='ltr'>manerium</span> <span class='ocrx_word' id='word_1_315' title='bbox 2029 2837 2147 2861; x_wconf 87' lang='lat' dir='ltr'>suum</span> 
     </span>
     <span class='ocr_line' id='line_1_39' title="bbox 441 2885 2146 2937; baseline -0.002 -10"><span class='ocrx_word' id='word_1_316' title='bbox 441 2889 488 2927; x_wconf 87' lang='lat' dir='ltr'>de</span> <span class='ocrx_word' id='word_1_317' title='bbox 540 2889 721 2937; x_wconf 88' lang='lat' dir='ltr'>Neuport</span> <span class='ocrx_word' id='word_1_318' title='bbox 772 2888 878 2937; x_wconf 89' lang='lat' dir='ltr'>quod</span> <span class='ocrx_word' id='word_1_319' title='bbox 930 2890 989 2925; x_wconf 88' lang='lat' dir='ltr'>est</span> <span class='ocrx_word' id='word_1_320' title='bbox 1042 2887 1083 2925; x_wconf 90' lang='lat' dir='ltr'>in</span> <span class='ocrx_word' id='word_1_321' title='bbox 1134 2900 1258 2925; x_wconf 87' lang='lat' dir='ltr'>manu</span> <span class='ocrx_word' id='word_1_322' title='bbox 1312 2886 1438 2936; x_wconf 88' lang='lat' dir='ltr'>ipsius</span> <span class='ocrx_word' id='word_1_323' title='bbox 1491 2886 1644 2924; x_wconf 90' lang='lat' dir='ltr'>decani.</span> <span class='ocrx_word' id='word_1_324' title='bbox 1728 2885 1845 2924; x_wconf 83' lang='lat' dir='ltr'>Teste</span> <span class='ocrx_word' id='word_1_325' title='bbox 1899 2899 1987 2935; x_wconf 85' lang='lat' dir='ltr'>rege</span> <span class='ocrx_word' id='word_1_326' title='bbox 2040 2887 2146 2935; x_wconf 89' lang='lat' dir='ltr'>apud</span> 
     </span>
     <span class='ocr_line' id='line_1_40' title="bbox 442 2949 1090 2996; baseline -0.003 -7"><span class='ocrx_word' id='word_1_327' title='bbox 442 2950 686 2996; x_wconf 88' lang='lat' dir='ltr'>Bernewell&#39;,</span> <span class='ocrx_word' id='word_1_328' title='bbox 727 2963 790 2988; x_wconf 77' lang='lat' dir='ltr'>xv.</span> <span class='ocrx_word' id='word_1_329' title='bbox 832 2949 894 2987; x_wconf 89' lang='lat' dir='ltr'>die</span> <span class='ocrx_word' id='word_1_330' title='bbox 934 2949 1090 2988; x_wconf 82' lang='lat' dir='ltr'>Marcii.</span> 
     </span>
    </p>
   </div>
   <div class='ocr_carea' id='block_1_11' title="bbox 443 3025 2151 3260">
    <p class='ocr_par' dir='ltr' id='par_1_11' title="bbox 443 3025 2151 3260">
     <span class='ocr_line' id='line_1_41' title="bbox 551 3025 2148 3075; baseline -0.001 -9"><span class='ocrx_word' id='word_1_331' title='bbox 551 3028 706 3066; x_wconf 89' lang='lat' dir='ltr'>Eodem</span> <span class='ocrx_word' id='word_1_332' title='bbox 746 3027 864 3065; x_wconf 87' lang='lat' dir='ltr'>modo</span> <span class='ocrx_word' id='word_1_333' title='bbox 898 3026 1086 3065; x_wconf 89' lang='lat' dir='ltr'>scribitur</span> <span class='ocrx_word' id='word_1_334' title='bbox 1118 3027 1289 3065; x_wconf 73' lang='lat' dir='ltr'>Ricarclo</span> <span class='ocrx_word' id='word_1_335' title='bbox 1321 3027 1368 3065; x_wconf 89' lang='lat' dir='ltr'>de</span> <span class='ocrx_word' id='word_1_336' title='bbox 1406 3027 1446 3064; x_wconf 90' lang='lat' dir='ltr'>la</span> <span class='ocrx_word' id='word_1_337' title='bbox 1484 3027 1580 3064; x_wconf 85' lang='lat' dir='ltr'>Lad&#39;</span> <span class='ocrx_word' id='word_1_338' title='bbox 1620 3026 1667 3063; x_wconf 87' lang='lat' dir='ltr'>de</span> <span class='ocrx_word' id='word_1_339' title='bbox 1706 3026 1883 3075; x_wconf 86' lang='lat' dir='ltr'>quinque</span> <span class='ocrx_word' id='word_1_340' title='bbox 1923 3025 2148 3074; x_wconf 85' lang='lat' dir='ltr'>quercubus</span> 
     </span>
     <span class='ocr_line' id='line_1_42' title="bbox 443 3087 2149 3139; baseline -0.002 -11"><span class='ocrx_word' id='word_1_341' title='bbox 443 3094 482 3129; x_wconf 89' lang='lat' dir='ltr'>et</span> <span class='ocrx_word' id='word_1_342' title='bbox 521 3090 547 3127; x_wconf 92' lang='lat' dir='ltr'>l.</span> <span class='ocrx_word' id='word_1_343' title='bbox 587 3088 820 3128; x_wconf 73' lang='lat' dir='ltr'>cheveronis</span> <span class='ocrx_word' id='word_1_344' title='bbox 859 3088 1055 3127; x_wconf 87' lang='lat' dir='ltr'>habendis</span> <span class='ocrx_word' id='word_1_345' title='bbox 1095 3088 1135 3126; x_wconf 89' lang='lat' dir='ltr'>in</span> <span class='ocrx_word' id='word_1_346' title='bbox 1176 3088 1306 3127; x_wconf 89' lang='lat' dir='ltr'>boscis</span> <span class='ocrx_word' id='word_1_347' title='bbox 1344 3088 1413 3139; x_wconf 90' lang='lat' dir='ltr'>qui</span> <span class='ocrx_word' id='word_1_348' title='bbox 1453 3089 1618 3126; x_wconf 82' lang='lat' dir='ltr'>fuerunt</span> <span class='ocrx_word' id='word_1_349' title='bbox 1657 3088 1706 3126; x_wconf 91' lang='lat' dir='ltr'>G.</span> <span class='ocrx_word' id='word_1_350' title='bbox 1748 3087 1951 3136; x_wconf 83' lang='lat' dir='ltr'>quondam</span> <span class='ocrx_word' id='word_1_351' title='bbox 1990 3087 2149 3125; x_wconf 88' lang='lat' dir='ltr'>comitis</span> 
     </span>
     <span class='ocr_line' id='line_1_43' title="bbox 446 3148 2151 3200; baseline -0.003 -9"><span class='ocrx_word' id='word_1_352' title='bbox 446 3152 598 3199; x_wconf 83' lang='lat' dir='ltr'>Glouc’‚</span> <span class='ocrx_word' id='word_1_353' title='bbox 628 3150 697 3200; x_wconf 85' lang='lat' dir='ltr'>qui</span> <span class='ocrx_word' id='word_1_354' title='bbox 731 3154 825 3189; x_wconf 89' lang='lat' dir='ltr'>sunt</span> <span class='ocrx_word' id='word_1_355' title='bbox 859 3150 900 3188; x_wconf 91' lang='lat' dir='ltr'>in</span> <span class='ocrx_word' id='word_1_356' title='bbox 936 3150 1118 3189; x_wconf 89' lang='lat' dir='ltr'>custodia</span> <span class='ocrx_word' id='word_1_357' title='bbox 1149 3163 1233 3197; x_wconf 82' lang='lat' dir='ltr'>sua,</span> <span class='ocrx_word' id='word_1_358' title='bbox 1265 3150 1436 3200; x_wconf 89' lang='lat' dir='ltr'>sparsim</span> <span class='ocrx_word' id='word_1_359' title='bbox 1466 3153 1505 3188; x_wconf 88' lang='lat' dir='ltr'>et</span> <span class='ocrx_word' id='word_1_360' title='bbox 1535 3163 1604 3199; x_wconf 86' lang='lat' dir='ltr'>per</span> <span class='ocrx_word' id='word_1_361' title='bbox 1634 3150 1721 3188; x_wconf 88' lang='lat' dir='ltr'>loca</span> <span class='ocrx_word' id='word_1_362' title='bbox 1750 3148 1818 3187; x_wconf 91' lang='lat' dir='ltr'>ubi</span> <span class='ocrx_word' id='word_1_363' title='bbox 1852 3149 2151 3197; x_wconf 86' lang='lat' dir='ltr'>competencius</span> 
     </span>
     <span class='ocr_line' id='line_1_44' title="bbox 445 3210 2032 3260; baseline -0.004 -6"><span class='ocrx_word' id='word_1_364' title='bbox 445 3218 483 3254; x_wconf 89' lang='lat' dir='ltr'>et</span> <span class='ocrx_word' id='word_1_365' title='bbox 522 3214 570 3252; x_wconf 88' lang='lat' dir='ltr'>ad</span> <span class='ocrx_word' id='word_1_366' title='bbox 608 3213 745 3251; x_wconf 89' lang='lat' dir='ltr'>minus</span> <span class='ocrx_word' id='word_1_367' title='bbox 784 3215 1075 3251; x_wconf 87' lang='lat' dir='ltr'>nocumentum</span> <span class='ocrx_word' id='word_1_368' title='bbox 1114 3213 1332 3250; x_wconf 88' lang='lat' dir='ltr'>eorundem</span> <span class='ocrx_word' id='word_1_369' title='bbox 1372 3212 1582 3251; x_wconf 87' lang='lat' dir='ltr'>boscorum</span> <span class='ocrx_word' id='word_1_370' title='bbox 1622 3211 1709 3260; x_wconf 89' lang='lat' dir='ltr'>capi</span> <span class='ocrx_word' id='word_1_371' title='bbox 1748 3210 1917 3260; x_wconf 89' lang='lat' dir='ltr'>possint,</span> <span class='ocrx_word' id='word_1_372' title='bbox 1958 3213 2032 3248; x_wconf 87' lang='lat' dir='ltr'>etc.</span> 
     </span>
    </p>
   </div>
   <div class='ocr_carea' id='block_1_12' title="bbox 416 3287 2154 3521">
    <p class='ocr_par' dir='ltr' id='par_1_12' title="bbox 416 3287 2154 3521">
     <span class='ocr_line' id='line_1_45' title="bbox 553 3287 2154 3339; baseline -0.002 -9"><span class='ocrx_word' id='word_1_373' title='bbox 553 3292 793 3330; x_wconf 84' lang='lat' dir='ltr'>Mandatum</span> <span class='ocrx_word' id='word_1_374' title='bbox 827 3294 887 3329; x_wconf 91' lang='lat' dir='ltr'>est</span> <span class='ocrx_word' id='word_1_375' title='bbox 924 3291 1095 3329; x_wconf 86' lang='lat' dir='ltr'>Ricardo</span> <span class='ocrx_word' id='word_1_376' title='bbox 1133 3291 1180 3329; x_wconf 88' lang='lat' dir='ltr'>de</span> <span class='ocrx_word' id='word_1_377' title='bbox 1215 3291 1461 3329; x_wconf 86' lang='lat' dir='ltr'>Muntfichet</span> <span class='ocrx_word' id='word_1_378' title='bbox 1499 3290 1605 3339; x_wconf 87' lang='lat' dir='ltr'>quod</span> <span class='ocrx_word' id='word_1_379' title='bbox 1644 3289 1788 3327; x_wconf 89' lang='lat' dir='ltr'>habere</span> <span class='ocrx_word' id='word_1_380' title='bbox 1820 3287 1941 3326; x_wconf 84' lang='lat' dir='ltr'>faciat</span> <span class='ocrx_word' id='word_1_381' title='bbox 1975 3288 2154 3336; x_wconf 88' lang='lat' dir='ltr'>predicto</span> 
     </span>
     <span class='ocr_line' id='line_1_46' title="bbox 447 3350 2153 3403; baseline -0.004 -8"><span class='ocrx_word' id='word_1_382' title='bbox 447 3356 510 3395; x_wconf 91' lang='lat' dir='ltr'>W.</span> <span class='ocrx_word' id='word_1_383' title='bbox 549 3354 597 3392; x_wconf 87' lang='lat' dir='ltr'>de</span> <span class='ocrx_word' id='word_1_384' title='bbox 636 3352 855 3391; x_wconf 84' lang='lat' dir='ltr'>Kirkeham</span> <span class='ocrx_word' id='word_1_385' title='bbox 893 3353 1070 3403; x_wconf 88' lang='lat' dir='ltr'>quinque</span> <span class='ocrx_word' id='word_1_386' title='bbox 1108 3365 1276 3402; x_wconf 88' lang='lat' dir='ltr'>quercus</span> <span class='ocrx_word' id='word_1_387' title='bbox 1320 3353 1361 3390; x_wconf 92' lang='lat' dir='ltr'>in</span> <span class='ocrx_word' id='word_1_388' title='bbox 1411 3353 1558 3391; x_wconf 86' lang='lat' dir='ltr'>foresta</span> <span class='ocrx_word' id='word_1_389' title='bbox 1607 3352 1745 3390; x_wconf 80' lang='lat' dir='ltr'>Essex&#39;</span> <span class='ocrx_word' id='word_1_390' title='bbox 1792 3350 1841 3388; x_wconf 87' lang='lat' dir='ltr'>ad</span> <span class='ocrx_word' id='word_1_391' title='bbox 1888 3350 2153 3388; x_wconf 88' lang='lat' dir='ltr'>maeremium</span> 
     </span>
     <span class='ocr_line' id='line_1_47' title="bbox 445 3415 1861 3465; baseline -0.004 -10"><span class='ocrx_word' id='word_1_392' title='bbox 445 3417 537 3455; x_wconf 88' lang='lat' dir='ltr'>inde</span> <span class='ocrx_word' id='word_1_393' title='bbox 575 3415 804 3454; x_wconf 77' lang='lat' dir='ltr'>faciendum</span> <span class='ocrx_word' id='word_1_394' title='bbox 844 3415 893 3453; x_wconf 88' lang='lat' dir='ltr'>ad</span> <span class='ocrx_word' id='word_1_395' title='bbox 931 3415 1142 3465; x_wconf 79' lang='lat' dir='ltr'>grangiam</span> <span class='ocrx_word' id='word_1_396' title='bbox 1182 3415 1418 3464; x_wconf 83' lang='lat' dir='ltr'>predictam.</span> <span class='ocrx_word' id='word_1_397' title='bbox 1489 3415 1607 3452; x_wconf 86' lang='lat' dir='ltr'>Teste</span> <span class='ocrx_word' id='word_1_398' title='bbox 1646 3416 1690 3450; x_wconf 91' lang='lat' dir='ltr'>ut</span> <span class='ocrx_word' id='word_1_399' title='bbox 1729 3425 1861 3461; x_wconf 86' lang='lat' dir='ltr'>supra.</span> 
     </span>
     <span class='ocr_line' id='line_1_48' title="bbox 416 3488 1190 3521; baseline -0.005 0"><span class='ocrx_word' id='word_1_400' title='bbox 416 3492 423 3521; x_wconf 66' lang='lat' dir='ltr'>l</span> <span class='ocrx_word' id='word_1_401' title='bbox 462 3491 478 3519; x_wconf 79' lang='lat'>&#39;7</span> <span class='ocrx_word' id='word_1_402' title='bbox 1187 3488 1190 3493; x_wconf 85' lang='lat'>&#39;</span> 
     </span>
    </p>
   </div>
  </div>
 </body>
</html>
