2375 3587
254 188 335 229 374

317 309 460 354 1236.

309 374 460 414 [msa]

304 2177 363 2213 [m.
391 2175 462 2213 4zl.]

1181 193 1365 236 CLOSE
1409 192 1613 235 ROLLs.

656 387 783 426 Alicia
821 401 920 427 uxor
951 389 1146 427 Willelmi
1180 389 1228 427 de
1262 388 1426 427 Vernun
1475 388 1696 426 attornavit
1727 387 1950 437 predictum
1980 386 2245 431 willelmum,

548 448 678 486 virum
732 462 864 495 suum,
920 453 958 488 et
1005 450 1242 500 Philippum
1284 451 1433 489 Cocum
1474 452 1614 488 contra
1652 449 1877 498 predictum
1916 448 2169 488 Willelmum
2203 447 2251 484 de

550 509 699 549 Sancto
738 511 935 558 Quintino
973 515 1047 550 610.

658 606 1116 655 Notz'wzq'.—Willelmus
1180 606 1289 644 filius
1345 606 1507 644 Radulfi
1555 605 1778 644 attornavit
1835 605 2059 643 Walter-um
2114 604 2246 642 filium

547 667 749 706 ,Iohannis
779 672 919 706 contra
949 668 1190 706 Michaelem
1223 668 1270 706 de
1305 667 1448 706 Wivel'
1481 667 1782 713 deforciantem,
1816 667 1863 706 de
1890 667 2002 717 xviij.
2034 666 2253 705 denariatis

545 729 724 768 redditus
762 742 854 768 cum
893 729 1149 779 pertinentiis
1188 729 1229 767 in
1278 729 1457 767 Wivesl'.

649 823 1167 862 Eboracum.—Willelmus
1219 824 1265 862 de
1314 823 1441 874 Vescy
1479 823 1699 862 attornavit
1738 823 1969 862 Johannem
2007 823 2055 862 de
2091 822 2246 873 Salleye

543 888 581 923 et
626 884 847 924 Robertum
897 885 943 923 de
987 884 1190 923 Kirketon'
1239 888 1379 924 contra
1415 884 1634 924 Robertum
1673 886 1720 924 de
1757 884 1984 924 Brokobein
2028 888 2246 931 tenentem,

543 947 590 984 de
628 946 782 985 duobus
822 947 965 985 thostis
1004 960 1095 985 cum
1144 948 1401 997 pertinentiis
1447 948 1489 986 in
1529 948 1678 997 Ripun.

652 1017 823 1056 Matillis
861 1031 960 1056 uxor
1000 1018 1175 1056 Galfridi
1214 1019 1261 1056 de
1301 1018 1533 1057 Weldeboef
1570 1019 1791 1057 attornavit
1835 1019 1969 1069 ipsum
2004 1019 2248 1063 Gaffridum,

543 1079 673 1117 virum
709 1092 840 1125 suum,
882 1083 1023 1118 contra
1062 1080 1282 1119 Thurston'
1323 1080 1369 1118 (16
1408 1081 1689 1118 Ravenesfeld'
1729 1081 1777 1119 de
1815 1080 2175 1120 consuetudinibus
2209 1084 2248 1118 et

544 1140 719 1180 serviciis
758 1142 805 1179 de
843 1141 968 1180 libero
1007 1145 1238 1181 tenemento
1276 1143 1318 1180 in
1358 1143 1651 1181 Ravenesfeld’.

655 1237 1035 1275 Linc'.-—Radulfus
1075 1237 1121 1274 de
1161 1237 1448 1287 Normanneby
1495 1239 1716 1276 attornavit
1756 1239 1844 1278 1000
1881 1243 1955 1277 etc.
2033 1238 2250 1287 Hugonem

543 1298 588 1335 (16
627 1299 806 1348 Weyern'
842 1302 881 1337 et
918 1298 1156 1348 Philippum
1205 1299 1252 1336 de
1290 1299 1405 1337 Well'
1447 1303 1587 1338 contra
1626 1300 1830 1350 Rogerum
1878 1301 1924 1338 de
1964 1299 2252 1349 Normanneby

543 1363 581 1397 61
642 1359 837 1409 Agnetem
904 1373 1070 1399 uxorem
1125 1360 1211 1410 ejus
1275 1360 1321 1398 (16
1389 1373 1469 1399 11110
1531 1360 1664 1400 thofto
1728 1374 1820 1400 cum
1885 1360 2142 1411 pertinentiis
2207 1361 2248 1399 in

544 1422 577 1459 N
583 1421 842 1472 orinanneby.

653 1517 1007 1556 [nasu—Matius
1060 1518 1106 1556 de
1156 1518 1339 1569 Coudray
1386 1519 1609 1558 attornavit
1652 1519 1886 1558 Galfridum
1929 1518 2073 1557 Cruble
2113 1522 2253 1558 contra

543 1578 765 1618 Robertum
816 1579 864 1616 de
916 1578 1097 1617 Mor-don⁷
1150 1579 1197 1617 de
1246 1580 1606 1619 consuetudinibus
1644 1582 1682 1619 et
1719 1580 1896 1619 serviciis
1934 1580 1982 1618 de
2022 1583 2252 1619 tenemento

542 1641 583 1679 in
622 1641 861 1690 Tillingde-n'
906 1644 945 1679 et
984 1641 1224 1680 Letsinton’.

650 1711 734 1749 Rex
781 1712 890 1750 dedit
939 1714 1165 1760 respectum
1216 1712 1396 1751 ‚Iohanni
1444 1712 1673 1763 Blancoilly
1722 1712 1911 1751 veniendi
1959 1725 2092 1752 coram
2140 1726 2186 1752 eo
2229 1728 2252 1752 a

544 1773 607 1811 die
658 1773 796 1812 Sancti
845 1773 1123 1812 Bartholomei
1171 1773 1212 1811 in
1262 1765 1390 1812 unum
1438 1787 1619 1812 inensem
1668 1787 1775 1813 anno
1821 1778 1896 1813 610.
1940 1788 2005 1812 xx.
2047 1775 2095 1813 ad
2136 1775 2249 1815 satis-

545 1835 774 1873 faciendum
823 1835 1002 1874 Johanni
1044 1835 1220 1873 Saladin‘
1263 1839 1301 1874 et
1340 1835 1456 1874 sociis
1507 1836 1601 1881 suis,
1643 1835 1932 1874 mercatoribus
1969 1836 2017 1874 de
2053 1838 2250 1885 potestate

545 1897 648 1947 regis
698 1897 879 1943 Francis,
915 1897 962 1934 de
1010 1896 1343 1936 contencionibus
1380 1896 1621 1946 quibusdam
1659 1897 1765 1936 inter
1802 1897 1936 1947 ipsum
1974 1901 2014 1936 et
2052 1898 2250 1947 predictos

547 1962 786 1998 mercatores
825 1959 935 1997 ortis.
1012 1958 1067 1996 Et
1105 1962 1336 2008 preceptum
1376 1962 1436 1997 est
1473 1959 1698 1998 vicecomiti
1738 1959 1857 1997 Bark'
1897 1960 2002 2009 quod
2040 1960 2081 1997 in
2116 1960 2249 2009 ipsum

546 2022 701 2060 nullam
749 2034 917 2059 manum
964 2021 1100 2059 mittat
1148 2021 1313 2059 interim
1359 2021 1567 2059 occasione
1620 2022 1796 2070 precepti
1835 2022 1938 2071 regis
1975 2022 2081 2071 quod
2119 2022 2248 2061 eidem

546 2084 645 2122 alias
683 2084 807 2122 misit.
886 2084 1003 2122 Teste
1042 2096 1131 2133 rege
1171 2084 1275 2132 apud
1316 2083 1496 2133 Noting',
1536 2083 1665 2134 xxiiij,
1705 2083 1767 2122 die
1801 2083 1987 2133 Augusti.

659 2178 961 2216 Ῑί“(1ἰίιά.-Β6.κν
1009 2178 1155 2217 (1116010
1195 2181 1233 2216 61
1274 2177 1382 2216 fideli
1422 2190 1493 2216 suo
1533 2178 1581 2216 G.
1622 2177 1871 2224 Marescallo,
1912 2178 2049 2217 comiti
2088 2177 2248 2225 Penbr’,

546 2240 729 2278 salutem.
808 2240 1061 2289 Significavit
1110 2239 1224 2278 nobis
1273 2239 1319 2277 L.
1369 2240 1554 2288 princeps
1601 2240 1647 2277 de
1696 2239 1918 2278 Abberfrau
1970 2243 2009 2278 et
2060 2240 2250 2279 dominus

548 2302 752 2340 §naudon'
794 2302 968 2347 graviter
1005 2301 1282 2351 conquerendo
1319 2301 1425 2350 quod
1465 2313 1534 2338 vos
1574 2303 1699 2338 terras
1738 2305 1776 2339 et
1810 2303 2040 2340 tenementa
2074 2304 2113 2340 et
2146 2301 2250 2340 bona

547 2363 729 2412 Mor-gani
775 2363 821 2401 de
868 2363 1046 2410 Carliun,
1098 2376 1173 2413 que
1227 2363 1450 2401 restituisse
1503 2362 1729 2401 debueratis
1779 2363 2000 2401 secundum
2052 2364 2156 2413 quod
2208 2364 2250 2402 in

544 2425 728 2474 captione
776 2425 918 2464 ultime
966 2429 1103 2474 treuge
1152 2425 1257 2463 inter
1305 2437 1378 2463 nos
1430 2428 1468 2463 et
1512 2425 1646 2475 ipsum
1695 2425 1919 2474 principem
1966 2425 2172 2474 provisum
2211 2430 2250 2464 et

544 2490 741 2525 statutum
800 2487 891 2532 fuit,
950 2487 1145 2525 hactenus
1201 2487 1411 2525 restituere
1468 2487 1700 2533 distulistis,
1755 2487 1861 2526 unde
1915 2499 1996 2526 non
2048 2487 2251 2526 immerito

545 2548 683 2586 mirari
730 2561 951 2598 possumus.
1029 2548 1137 2586 Hinc
1185 2552 1245 2586 est
1293 2549 1400 2598 quod
1449 2548 1560 2587 vobis
1609 2549 1853 2587 mandamus
1901 2549 2072 2600 firmiter
2114 2548 2247 2599 injun-

544 2616 683 2659 gentes
729 2610 771 2647 in
819 2610 895 2648 fide
943 2622 1020 2659 qua
1068 2609 1184 2648 nobis
1239 2610 1433 2648 tenemini
1486 2610 1679 2659 quatinus
1731 2610 1832 2648 citra
1883 2610 2107 2648 crastinum
2159 2611 2251 2649 festi

545 2671 780 2710 Nativitatis
818 2671 931 2710 beate
971 2671 1095 2710 Marie
1133 2671 1173 2709 id
1213 2671 1341 2710 facere
1380 2684 1461 2710 non
1501 2671 1713 2717 omittatis,
1745 2672 1802 2710 ita
1826 2673 1932 2722 quod
1960 2672 2140 2711 decetero
2170 2685 2251 2711 non

545 2733 754 2782 contingat
817 2745 890 2772 nos
952 2746 1023 2782 pro
1080 2732 1238 2771 defectu
1295 2733 1417 2771 vestri
1476 2746 1594 2783 super
1650 2733 1726 2771 hoc
1774 2733 1981 2772 sollicitari
2036 2747 2114 2784 quo
2170 2747 2251 2773 non

544 2795 798 2834 mediocriter
836 2808 1099 2834 moveremur.
1178 2795 1376 2834 Volumus
1415 2795 1524 2834 enim
1563 2809 1632 2835 vos
1670 2808 1751 2834 non
1790 2796 1913 2835 latere
1941 2797 2058 2847 quod,
2090 2797 2123 2835 si
2152 2797 2252 2835 citra

546 2857 765 2895 terminum
804 2857 922 2895 illum
961 2857 1000 2895 id
1040 2857 1168 2896 facere
1207 2870 1289 2895 non
1325 2858 1532 2902 curaretis,
1572 2857 1742 2895 ulterius
1781 2870 1863 2896 non
1903 2858 2251 2897 dissimularemus

550 2920 655 2972 [nec]
705 2931 912 2969 possemus
951 2919 1047 2968 quin
1087 2919 1192 2969 quod
1232 2923 1417 2957 nostrum
1457 2923 1560 2957 esset
1599 2931 1896 2968 exequeremur.
1971 2919 2027 2957 Et
2065 2919 2252 2959 similiter

545 2982 827 3022 mandavimus
875 2981 1042 3020 domino
1092 2980 1209 3019 Cant'
1258 2981 1364 3031 quod
1412 2981 1496 3031 ipse
1543 2981 1649 3031 quod
1697 2994 1815 3020 suum
1855 2986 1915 3020 est
1943 2981 1985 3019 in
2016 2982 2091 3020 hac
2139 2984 2248 3033 parte

544 3048 762 3095 exequatur
810 3043 1030 3082 secundum
1082 3042 1353 3092 provisionem
1401 3043 1637 3092 predictam.
1724 3043 1784 3081 Ad
1837 3044 1912 3081 hoc
1964 3043 2099 3082 sciatis
2146 3044 2251 3093 quod

546 3120 636 3147 cum
679 3106 871 3155 magister
916 3105 1112 3143 Ricardus
1165 3105 1357 3143 Lumvill'
1409 3105 1576 3143 clericus
1624 3108 1759 3143 noster
1802 3108 1906 3143 esset
1956 3105 1998 3142 in
2050 3106 2251 3154 presentia

545 3172 682 3208 nostra
728 3167 974 3206 constitutus
1027 3169 1205 3215 tempore
1256 3167 1472 3205 delationis
1522 3167 1675 3216 prefate
1724 3166 1894 3216 querele,
1946 3166 2031 3216 ipse
2080 3166 2252 3206 firmiter

544 3230 777 3280 manucepit
815 3242 886 3279 pro
924 3227 1036 3266 vobis
1086 3228 1192 3277 quod
1227 3229 1363 3268 taliter
1402 3229 1440 3267 id
1479 3228 1584 3279 quod
1622 3228 1757 3267 minus
1796 3231 1931 3267 actum
1971 3231 2031 3266 est
2065 3228 2248 3268 faceretis

545 3292 762 3339 emendari,
794 3291 899 3342 quod
929 3290 1073 3330 iterata
1118 3290 1277 3340 querela
1315 3291 1407 3330 inde
1448 3291 1498 3329 ad
1537 3303 1610 3330 nos
1648 3290 1817 3329 minime
1855 3290 2074 3339 perveniet.
2133 3290 2249 3330 Teste

545 3368 635 3405 rege
674 3357 719 3394 ut
758 3366 889 3402 supra.
