2375 3587
191 309 336 357 1235.

202 377 263 415 [112-
282 376 330 415 6-1

1041 183 1094 224 19
1136 180 1342 223 HENRY
1383 182 1466 224 ΠΙ.
2051 186 2132 225 125

536 379 593 415 De
644 381 835 416 maeremio
885 381 934 415 ad
983 380 1099 427 gsz'stas
1156 386 1188 416 et
1236 378 1756 427 planchicta—Mandatum
1802 381 1861 417 est
1901 379 2049 418 Cecilio
2088 380 2134 418 de

430 440 611 489 Hertleg'
655 441 761 490 quod
798 442 838 478 in
889 440 1011 478 ballia
1060 454 1131 478 sua
1170 441 1216 478 de
1265 440 1493 478 Blakemor'
1534 440 1656 478 saciat
1704 440 1850 479 habere
1908 441 2135 479 vicecomiti

429 501 543 540 Dors'
584 502 846 540 maeremium
891 503 939 540 ad
977 502 1104 551 gistas
1143 504 1181 540 et
1215 501 1428 551 planchias
1474 502 1678 539 faciendas
1723 503 1772 540 ad
1820 503 1965 540 turrim
2015 503 2135 541 castri

428 564 476 602 de
517 563 767 610 Shireburn’,
808 564 865 602 ita
904 565 1009 614 quod
1043 565 1091 602 de
1125 564 1356 607 maeremio,
1397 564 1502 613 quod
1541 563 1576 601 ei
1611 564 1660 601 ad
1695 565 1770 602 hoc
1802 564 1948 603 habere
1982 565 2132 612 fecerit,

428 626 533 664 inter
571 639 636 664 eos
675 626 790 664 tallia
822 627 907 665 fiat.
987 627 1103 664 Teste
1139 639 1231 675 rege
1270 626 1376 675 apud
1415 625 1678 672 Bathoniam‚
1720 626 1778 676 iij.
1819 626 1881 664 die
1919 626 2106 676 Augusti.

538 747 616 783 Pro
666 748 831 783 Ernisz'o
884 748 927 783 de
978 745 1498 783 Dunhemh—Mandatum
1552 749 1612 784 est
1663 745 1889 794 justiciario
1940 746 2136 785 Hibernie

429 809 533 857 quod
571 809 733 857 plenam
773 808 964 846 seisinam
1004 807 1149 846 habere
1189 808 1311 846 faciat
1352 808 1518 846 Ernisio
1557 808 1604 845 de
1649 807 1877 846 Dunhevcd
1924 809 1972 846 de
2020 809 2135 847 terris

429 870 525 916 suis,
576 871 623 908 de
671 870 816 920 quibus
871 870 1090 908 disseisivit
1137 883 1230 908 oum
1284 870 1494 907 occasione
1547 869 1838 918 indignationis
1890 882 2011 919 quam
2068 884 2136 908 rex

429 933 610 982 concepit
647 945 740 981 erga
779 932 828 970 G.
869 932 916 969 de
956 932 1153 977 Mariscis‚
1192 945 1311 981 quem
1351 932 1470 970 modo
1506 932 1654 981 recepit
1694 931 1735 968 in
1786 932 1960 980 gratiam
2008 945 2133 979 suam,

429 1008 474 1033 eo
511 996 616 1045 quod
656 995 768 1033 stetit
812 997 953 1033 contra
1000 1008 1135 1043 regem
1183 1007 1276 1032 cum
1324 995 1470 1032 comite
1518 995 1566 1032 R.
1617 994 1855 1033 Marescallo
1904 995 1944 1032 in
1993 1008 2136 1044 guerra

428 1058 471 1095 in
510 1057 719 1102 Hibernia,
760 1057 839 1095 nisi
878 1057 1104 1094 disseisitus
1143 1057 1265 1094 fuerit
1304 1056 1384 1094 alia
1423 1056 1630 1095 occasione
1668 1069 1789 1105 quam
1829 1056 2032 1106 predicta3
2081 1060 2133 1103 et,

430 1119 463 1157 si
501 1120 583 1157 alia
621 1119 841 1165 occasione,
883 1131 971 1156 eam
1009 1119 1093 1168 regi
1134 1118 1234 1157 scire
1273 1118 1408 1156 faciat.
1487 1118 1603 1156 Teste
1641 1121 1687 1156 ut
1722 1131 1856 1167 supra.

542 1242 615 1278 Pro
658 1242 843 1278 willelmo
878 1241 962 1287 filio
1002 1238 1403 1277 ζῙωνιῖαηι”.--Ε1)(10111
1451 1238 1572 1276 modo
1617 1238 1747 1276 eidem
1795 1238 2019 1288 justiciario
2066 1251 2136 1288 pro

430 1303 636 1342 Willelmo
675 1303 759 1341 filio
799 1302 968 1340 Jordani
1007 1301 1053 1339 (10
1092 1301 1288 1347 Mariscis,
1330 1314 1412 1338 una
1451 1313 1544 1339 cum
1583 1301 1767 1339 clausula
1804 1301 1851 1338 (10
1890 1301 2136 1350 protectione

429 1366 556 1415 ipsius
595 1365 785 1404 Willelmi
826 1367 869 1402 et
909 1376 1087 1402 suorum.

536 1488 592 1524 De
633 1484 1063 1535 lim-donatione.-Rex
1120 1483 1356 1533 perdonavit
1398 1482 1593 1531 Gregorio
1650 1482 1823 1520 Defuble
1881 1494 1914 1520 c.
1974 1482 2136 1528 solidos,

427 1562 526 1599 quos
564 1549 600 1587 ei
638 1548 884 1587 commodari
918 1547 1013 1586 fecit
1051 1549 1091 1585 et
1129 1546 1196 1596 qui
1235 1545 1284 1584 ab
1328 1558 1372 1583 eo
1412 1545 1630 1594 exiguntur
1668 1558 1737 1594 per
1776 1545 2136 1584 summonitionem

429 1611 641 1651 Scaccarii.
728 1610 784 1648 Et
830 1609 1070 1647 mandatum
1120 1611 1180 1646 est
1228 1606 1447 1646 baronibus
1495 1607 1542 1644 de
1594 1606 1801 1646 Scaccario
1850 1607 1955 1657 quod
2002 1607 2136 1657 ipsum

427 1674 520 1712 inde
558 1673 740 1723 quietum
779 1685 864 1710 esse
903 1671 1068 1709 faciant.
1146 1670 1264 1708 Teste
1303 1672 1347 1707 ut
1382 1682 1516 1718 supra.
1727 1661 1729 1663 ¹

539 1760 594 1798 Et
642 1759 884 1797 mandatum
932 1760 991 1796 est
1040 1756 1269 1795 vicecomiti
1320 1755 1497 1794 Sumers'
1542 1754 1649 1804 quod
1696 1754 1831 1805 ipsum
1870 1755 1962 1794 inde
2000 1769 2138 1806 pacem

426 1821 574 1861 habere
621 1821 846 1871 permittat.

538 1946 616 1981 Pro
654 1945 864 1981 areentz'one
903 1942 1115 1979 testamenti
1158 1941 1337 1977 Ni'cliolac'
1374 1941 1415 1976 de
1450 1938 1910 1977 [semea—Mandatum
1946 1942 2005 1978 est
2036 1940 2136 1978 Vice-

429 2007 567 2047 comiti
605 2005 770 2055 Noting’
809 2005 914 2054 quod
953 2017 1034 2042 non
1072 2003 1252 2052 inpediat
1291 2002 1353 2040 vel
1391 2001 1563 2051 inpediri
1611 2001 1822 2051 permittat
1869 2001 2043 2050 priorem
2091 2003 2138 2041 de

429 2070 601 2108 Lenton'
648 2068 711 2106 vel
760 2068 1040 2106 coexecutores
1079 2063 1314 2103 testamenti
1353 2063 1540 2101 Nicholai
1579 2063 1626 2101 de
1665 2063 1825 2101 Lettres
1872 2063 1970 2113 quin
2018 2063 2139 2102 libere

428 2135 467 2171 et
506 2132 592 2171 sine
630 2130 907 2180 inpedimento
946 2128 1155 2178 disponere
1194 2126 1352 2176 possint
1390 2126 1436 2164 de
1475 2125 1605 2164 bladis
1643 2128 1681 2163 et
1721 2125 1810 2164 aliis
1854 2126 2023 2172 catallis,
2063 2140 2138 2177 que

427 2196 591 2233 fuerunt
630 2193 758 2243 ipsius
797 2191 984 2231 Nicholai
1023 2191 1065 2228 in
1105 2190 1227 2228 ballia
1266 2202 1351 2235 sua,
1393 2188 1442 2226 ad
1480 2188 1758 2226 executionem
1799 2189 2034 2226 testamenti
2077 2189 2139 2227 sui

427 2257 668 2295 faciendam.
745 2256 813 2301 Et,
853 2254 885 2293 si
923 2254 1019 2303 quid
1058 2253 1152 2290 inde
1191 2252 1433 2289 distractum
1474 2251 1595 2289 fuerit
1644 2250 1706 2289 vel
1753 2254 1950 2297 amotum,
1992 2251 2031 2289 id
2082 2252 2138 2289 eis

427 2321 513 2358 sine
551 2318 745 2357 dilatione
784 2316 895 2355 reddi
936 2316 1071 2354 faciat.
1150 2315 1267 2352 Teste
1307 2316 1351 2351 ut
1392 2326 1526 2362 supra.

537 2399 693 2436 Eodem
731 2397 851 2435 modo
891 2394 1079 2434 scribitur
1116 2392 1420 2432 vicecomitibus
1460 2392 1575 2430 Linc’
1615 2394 1654 2430 et
1696 2392 1885 2431 Devonie.

540 2522 617 2558 Pro
657 2520 827 2566 Haclzalfo
866 2521 908 2555 <Ie
947 2517 1278 2556 N01·wic‹⁷›.—Rex
1317 2514 1463 2564 viginti
1502 2527 1671 2561 marcas,
1712 2527 1813 2564 quas
1852 2515 2053 2553 Radulfus
2091 2516 2138 2553 de

428 2583 610 2622 Norwico
647 2581 763 2620 debet
801 2581 922 2619 Joceo
956 2578 1193 2624 Presbitero,
1231 2577 1365 2615 Aaron
1400 2577 1447 2614 de
1481 2576 1677 2622 Eboraco,
1716 2577 1936 2615 Benedicto
1971 2576 2137 2626 Crespin

427 2648 466 2683 et
504 2645 622 2683 sociis
660 2644 743 2681 suis
792 2642 945 2688 Judeis,
987 2641 1117 2679 eidem
1166 2639 1339 2677 Radulfo
1386 2638 1648 2688 perdonavit3
1698 2640 1737 2676 et
1784 2638 1871 2676 vult
1919 2651 1986 2676 rex
2033 2639 2138 2688 quod

428 2707 603 2757 predicte
655 2719 720 2743 xx.
774 2717 907 2743 marce
959 2703 1109 2742 eisdem
1163 2702 1304 2739 Judeis
1354 2701 1579 2738 allocentur
1631 2700 1673 2737 in
1720 2700 1855 2738 debito
1903 2701 2008 2750 quod
2055 2701 2137 2750 regi

427 2769 587 2808 debent.
664 2768 720 2806 Et
759 2767 1001 2805 mandatum
1040 2768 1099 2803 est
1138 2762 1374 2814 justiciariis
1412 2765 1485 2801 etc.
1526 2762 1632 2811 quod
1667 2762 1743 2800 hoc
1777 2762 1833 2800 ita
1868 2762 1953 2800 fieri
1988 2763 2138 2801 faciant

429 2834 467 2870 et
507 2830 737 2869 inrotulari.
814 2829 932 2867 Teste
970 2840 1034 2865 me
1074 2827 1160 2876 ipso
1199 2824 1306 2874 apud
1345 2824 1609 2871 Malmesbir'‚
1650 2824 1725 2874 iiij.
1765 2824 1829 2862 die
1867 2824 2055 2874 Augusti.

537 2953 594 2990 De
639 2958 798 2989 mercato
849 2945 1437 2998 prostantem(Im—Mandatum
1486 2947 1545 2983 est
1593 2944 1819 2983 vicecomiti
1868 2944 1983 2983 Linc’
2032 2944 2137 2994 quod

428 3014 594 3053 clamari
632 3013 755 3051 faciat
793 3014 832 3050 et
870 3010 1043 3048 firmiter
1078 3007 1281 3059 prohiberi
1319 3019 1369 3044 ne
1408 3009 1646 3053 mercatum,
1687 3007 1793 3056 quod
1832 3006 1879 3043 B.
1919 3006 1966 3044 de
1997 3006 2137 3043 Insula

427 3080 466 3115 et
718 3076 742 3099 ²³¹³
780 3086 881 3112 uxor
915 3073 1001 3122 ejus
1041 3071 1164 3110 levari
1204 3070 1385 3108 fecerunt
1424 3069 1532 3118 apud
1574 3068 1718 3119 Seleby
1757 3069 1805 3106 ad
1845 3070 2136 3106 nocumentum

426 3139 593 3176 mercati
633 3136 809 3186 episcopi
848 3134 1149 3173 Lincolniensis
1188 3132 1294 3181 apud
1333 3131 1432 3177 Lue,
1473 3131 1656 3169 decetero
1694 3132 1891 3175 teneatur,
1932 3129 1989 3168 ita
2031 3130 2137 3180 quod

426 3214 498 3250 pro
535 3200 694 3239 defectu
733 3198 795 3237 sui
834 3210 914 3235 non
953 3195 1094 3234 debeat
1133 3195 1226 3232 inde
1265 3193 1314 3231 ad
1344 3205 1479 3242 regem
1519 3193 1670 3231 clamor
1709 3192 1877 3230 iteratus
1915 3192 2134 3240 pervenire.

431 3263 550 3301 Teste
588 3265 633 3299 ut
673 3274 808 3310 supra.

498 3380 511 3403 0
551 3386 572 3407 <t
1130 3356 1148 3375 ᾗ
1171 3355 1280 3387 Blank
1310 3356 1345 3386 in
1375 3354 1447 3384 MS.
