2375 3587
277 199 359 237 508

333 330 480 375 1237.

340 396 402 436 [m.
423 396 469 434 11

1228 198 1412 241 CLOSE
1457 198 1662 241 ROLLS.

574 405 665 441 rege
705 393 745 430 in
785 395 916 443 capite
965 395 1006 432 in
1055 394 1178 433 ballia
1227 408 1299 432 sua
1346 395 1542 433 habendis
1589 408 1797 444 quousque
1859 396 1931 434 fiat
1976 397 2080 435 inter
2126 397 2289 435 heredes

572 453 699 502 ipsius
739 457 899 494 comitis
939 457 1092 495 Cestrie
1133 457 1303 505 particio
1345 460 1543 494 terrarum
1586 470 1661 506 que
1694 457 1858 495 fuerunt
1893 458 2073 507 ejusdem
2104 458 2263 496 comitis

572 528 652 553 non
691 517 779 555 vult
818 518 1050 556 ›Johannem
1090 519 1137 556 de
1173 518 1315 556 Gisorz
1355 518 1412 556 ita
1451 518 1644 556 disseisiri
1683 519 1754 569 de·
1778 520 1957 557 manerio
2005 520 2052 558 de
2101 521 2284 566 Badewe,

571 579 678 626 quod
730 580 933 628 predictus
991 593 1124 619 comes
1180 580 1214 618 ei
1272 580 1427 618 dimisit
1485 581 1533 618 ad
1592 580 1753 618 firmam
1823 582 1871 619 ad
1932 583 2153 620 terminum
2220 583 2289 632 qui

571 640 753 678 nondum
791 643 984 690 preteriit,
1022 642 1119 691 quin
1159 655 1300 679 omnes
1335 642 1467 679 exitus
1506 643 1687 691 ejusdem
1728 644 1899 680 manerii
1939 643 2061 682 libere
2095 644 2289 694 percipiat

575 715 696 751 usque
734 703 783 740 ad
819 704 1040 741 terminum
1081 717 1214 741 suum.
1288 704 1343 741 Et
1376 704 1613 741 mandatam
1648 707 1707 741 est
1748 705 1877 742 eidem
1924 706 2150 744 vicecomiti
2184 707 2290 755 quod

571 765 749 813 predicto
801 766 941 803 comiti
993 766 1040 803 de
1091 766 1271 815 predicto
1330 766 1512 805 manerio
1562 766 1618 803 ita
1669 766 1861 804 seisinam
1915 767 2037 806 faciat
2090 768 2138 805 ad
2190 781 2289 818 opus

571 827 842 875 predictorum
875 828 1070 865 heredum
1108 828 1215 877 quod
1255 828 1331 876 ipsi
1371 828 1534 877 capiant
1571 829 1764 877 homagia
1803 828 2021 867 liberorum
2061 830 2288 877 hominum,

571 892 610 927 et
643 890 868 938 assignetur
908 891 1062 928 Helene
1099 904 1173 940 que
1213 891 1292 928 fuit
1332 904 1431 929 uxor
1479 891 1607 940 ipsius
1658 892 1821 929 comitis
1854 891 2007 930 Cestrie
2037 892 2290 931 rationabilis

573 952 643 989 dos
683 965 767 997 sua,
809 953 930 990 salvis
970 953 1148 1002 predicto
1197 954 1378 991 Johanni
1426 953 1617 992 omnibus
1665 954 1840 992 exitibus
1888 955 2068 1005 ejusdem
2120 956 2290 994 manerii

574 1028 698 1064 usque
737 1015 786 1052 ad
834 1015 1057 1053 terminum
1098 1029 1230 1061 suum,
1283 1016 1387 1054 sicut
1442 1016 1667 1065 predictum
1717 1019 1791 1054 est.
1880 1017 1997 1055 Teste
2045 1031 2136 1067 rege
2183 1019 2290 1068 apud

576 1077 768 1121 Wudest’,
804 1078 911 1127 xxvj.
953 1078 1015 1116 die
1057 1078 1254 1116 Octobris.

687 1182 760 1217 l’ro
797 1182 980 1229 (ῗνμῃονίω
1016 1184 1057 1218 de
1096 1183 1133 1219 Za
1179 1182 1612 1219 Dana—Mandatum
1661 1186 1720 1219 est
1753 1182 1984 1232 Engelardo
2022 1184 2070 1222 de
2109 1184 2291 1235 Cygoiny

571 1243 677 1292 quod
716 1243 956 1281 demandam
997 1257 1118 1293 quam
1152 1244 1248 1282 facit
1285 1244 1477 1292 Gregorio
1511 1245 1557 1282 de
1598 1245 1718 1282 Duna
1751 1245 1798 1283 de
1837 1247 1952 1283 firma
1984 1246 2128 1285 foreste
2167 1250 2291 1296 ponat

572 1305 613 1342 in
654 1309 877 1355 respectum
918 1319 1043 1355 usque
1083 1308 1132 1344 ad
1171 1306 1335 1345 octabas
1376 1307 1515 1346 Sancti
1556 1307 1736 1345 Martini.
1799 1308 1917 1346 Teste
1966 1312 2010 1346 ut
2048 1322 2181 1359 supra.

684 1411 737 1446 De
788 1412 962 1453 facienda
1014 1413 1226 1458 particione
1283 1419 1468 1448 terrarum
1525 1413 1623 1449 inter
1677 1414 1821 1449 heredes
1877 1415 2023 1451 comitis
2082 1416 2290 1452 (sesnin—

574 1471 810 1509 Mandatam
868 1476 927 1510 est
985 1472 1046 1509 W.
1101 1473 1240 1511 comiti
1292 1472 1525 1519 Albemarl‘,
1576 1474 1681 1523 quod
1734 1486 1874 1511 omnes
1928 1477 2053 1513 terras
2105 1489 2204 1525 quas
2249 1477 2286 1522 J,

574 1535 776 1582 quondam
834 1547 966 1572 0011105
1016 1536 1168 1573 6051110
1231 1538 1269 1573 01
1327 1535 1474 1581 Η11111’,
1535 1536 1666 1573 10111111
1724 1536 1771 1574 (10
1829 1549 1918 1585 rege
1971 1537 2012 1574 in
2069 1538 2199 1587 capite
2246 1538 2287 1576 in

573 1596 833 1635 comitatibus
900 1597 1057 1635 Norht'.
1128 1598 1259 1643 Line,
1330 1597 1542 1635 Huntend'
1624 1602 1663 1636 et
1720 1598 1877 1644 Essex’,
1937 1603 1976 1637 et
2042 1600 2089 1638 de
2145 1600 2289 1650 quibus

574 1659 764 1696 seis-inam
822 1672 949 1708 nuper
1006 1659 1119 1697 vobis
1187 1661 1271 1711 (sic)
1344 1661 1429 1698 fieri
1497 1661 1749 1710 precepimus
1816 1661 1864 1698 ad
1931 1675 2031 1711 opus
2096 1663 2288 1701 heredum

575 1720 700 1769 ipsius
765 1722 939 1767 comitis,
1009 1722 1148 1771 partiri
1217 1722 1375 1760 faciatis
1445 1724 1526 1773 (sic)
1594 1723 1699 1761 inter
1756 1724 1954 1772 predictos
2019 1725 2182 1763 heredes
2248 1725 2290 1763 in

576 1783 781 1831 presencia
847 1783 1026 1832 ipsorum
1106 1784 1298 1822 heredum
1375 1790 1413 1822 et
1480 1785 1650 1823 aliorum
1711 1785 1927 1834 proborum
1993 1790 2032 1824 et
2096 1787 2288 1836 legalium

575 1845 804 1891 hominum,
872 1847 929 1884 ita
994 1847 1099 1895 quod
1165 1846 1329 1884 cuilibet
1392 1847 1570 1895 ipsorum
1638 1848 1832 1885 heredum
1897 1848 2127 1898 assignetur
2183 1853 2290 1888 certa

576 1920 666 1955 pars
721 1921 794 1945 sua
850 1909 897 1946 de
954 1908 1143 1957 predictis
1202 1909 1317 1946 terris
1380 1922 1460 1946 una
1526 1922 1617 1947 cum
1671 1909 1859 1948 omnibus
1917 1910 2091 1949 exitibus
2148 1925 2287 1950 earun-

576 1969 665 2006 dem
706 1977 903 2008 terrarum
955 1985 977 2008 a
1031 1976 1209 2020 tempore
1245 1984 1322 2020 (1110
1362 1971 1563 2009 habuistis
1621 1972 1846 2010 custodiam
1900 1974 2130 2019 earundem,
2179 1974 2290 2013 salva

576 2036 711 2069 tamen
786 2033 913 2070 lilene
970 2046 1045 2082 (1110
1121 2034 1198 2070 fuit
1256 2047 1353 2070 uxor
1393 2034 1574 2083 ejusdem
1629 2034 1790 2071 comitis
1849 2035 2001 2073 Cestrie
2059 2036 2289 2075 rationabili

574 2094 665 2131 dote
705 2107 776 2131 sua
815 2095 861 2132 de
902 2095 1091 2143 predictis
1131 2095 1260 2138 terris,
1303 2095 1424 2133 salvis
1464 2096 1588 2132 etiam
1629 2095 1808 2133 Johanni
1850 2097 1896 2134 de
1932 2097 2074 2135 Gisorz
2115 2098 2289 2136 exitibus

576 2157 744 2193 manerii
802 2158 848 2194 de
902 2158 1072 2195 Badewe
1123 2170 1248 2207 usque
1304 2158 1351 2194 ad
1410 2158 1634 2195 terminum
1688 2159 1736 2195 ad
1791 2172 1909 2207 quem
1967 2160 2099 2198 dictus
2155 2173 2289 2199 comes

575 2218 679 2254 idem
720 2220 945 2256 manerium
985 2219 1019 2256 01
1055 2219 1223 2261 dimisit,
1266 2232 1384 2268 quem
1426 2220 1645 2257 terminum
1695 2221 1729 2257 ei
1769 2221 2111 2260 confirmavimus.
2173 2223 2290 2262 Teste

577 2293 665 2329 rege
705 2282 809 2330 apud
850 2281 1098 2327 Wudestok’‚
1141 2282 1248 2331 xxvj.
1289 2282 1352 2320 die
1393 2281 1592 2320 Octobris.

688 2380 740 2415 De
789 2380 978 2414 ›valum-ibus
1026 2378 1439 2416 «satis.—-Mandatuni
1479 2383 1538 2416 est
1579 2379 1734 2417 Thome
1772 2379 1819 2417 (10
1868 2380 2063 2430 Langleg’
2103 2382 2208 2431 quod
2246 2382 2287 2419 in

580 2440 724 2477 foresta
781 2440 828 2476 de
880 2439 1144 2489 Whychwud’
1204 2441 1324 2478 faciat
1374 2440 1520 2478 habere
1568 2441 1793 2478 vicecomiti
1845 2441 1999 2480 Oxonie
2057 2443 2287 2492 quindecim

579 2501 719 2539 robora
777 2502 825 2539 ad
885 2502 1116 2539 faciendum
1171 2502 1263 2540 inde
1321 2502 1535 2540 carbonem
1595 2504 1643 2541 ad
1695 2517 1795 2552 opus
1847 2504 2037 2542 Fratrum
2078 2505 2286 2544 Minor-um

580 2564 746 2609 Oxonie,
788 2564 834 2602 de
876 2564 981 2602 dono
1021 2564 1137 2613 regis.
1198 2565 1314 2602 Teste
1354 2568 1398 2602 ut
1437 2578 1571 2614 supra.

691 2661 743 2696 De
780 2661 962 2696 tradendo
1003 2663 1039 2696 [72
1081 2660 1469 2698 lmllz’o.—Rol›ertus
1509 2661 1555 2698 de
1595 2661 1841 2698 Mundefeld’
1873 2664 2045 2700 tentatus
2080 2662 2127 2701 de
2158 2668 2287 2703 morte

580 2721 774 2759 Willelmi
815 2722 862 2759 de
902 2721 1097 2759 Pikeham
1138 2722 1228 2760 odio
1284 2726 1322 2759 et
1362 2723 1473 2761 athia
1522 2726 1612 2767 etc.⁷
1655 2727 1699 2760 ut
1738 2737 1806 2761 rex
1863 2724 2015 2774 accepit
2048 2738 2117 2774 per
2155 2725 2284 2776 inqui-

580 2784 781 2828 51110110111,
818 2783 939 2821 habet
991 2784 1147 2822 litteras
1187 2784 1357 2822 directas
1407 2785 1633 2824 vicecomiti
1674 2786 1787 2824 Norf'
1846 2787 1951 2836 quod
1992 2787 2176 2825 tradatur
2214 2789 2284 2840 xij.

579 2851 654 2884 etc.
695 2846 736 2883 in
776 2845 957 2884 ballium.
1018 2847 1134 2885 Teste
1174 2860 1264 2896 rege
1303 2847 1409 2896 apud
1449 2848 1647 2894 Wudest',
1687 2848 1809 2898 xxvij.
1850 2848 1913 2886 die
1951 2849 2149 2888 Octobris.

688 2952 742 2988 ΝΒ
811 2952 973 2988 scutellis
1037 2960 1067 2987 et
1137 2953 1311 2989 salsuriis·
1363 2951 1885 2990 liberccmlis.—Mandatum
1957 2957 2016 2991 est
2083 2954 2285 2994 Willelmo

580 3013 627 3050 de
675 3012 913 3049 Haverhull'
945 3012 1049 3060 quod
1097 3012 1166 3063 xij.
1198 3013 1386 3051 scutellos
1416 3016 1625 3062 argenteos
1664 3013 1852 3062 ponderis
1887 3014 1999 3064 xvijl.
2044 3015 2116 3065 vjs.
2173 3016 2283 3067 viijcl.

513 3077 525 3089 “
580 3078 619 3112 01
702 3073 912 3111 duodecim
1005 3074 1171 3112 salsaria
1245 3079 1434 3124 argentea
1509 3075 1696 3123 ponderis
1771 3075 1895 3113 lxxv-s.
1963 3079 2002 3114 et
2077 3079 2140 3115 vd.
2209 3091 2285 3127 que

580 3150 650 3186 per
715 3136 966 3173 Willelmum
1034 3137 1197 3182 HardeL
1267 3138 1473 3175 custodem
1539 3137 1685 3175 cambii
1752 3138 1891 3183 Lond',
1958 3138 2044 3176 fieri
2110 3141 2286 3190 precepit

582 3199 631 3236 ad
669 3211 768 3247 opus
816 3197 970 3234 domini
1000 3197 1134 3245 legati,
1176 3198 1222 3235 de
1262 3198 1366 3236 dono
1405 3198 1523 3247 regis,
1565 3202 1603 3236 et
1657 3211 1731 3247 que
1771 3199 1877 3237 idem
1916 3199 2072 3249 legatus
2110 3201 2283 3250 recipere

582 3261 713 3299 noluit
771 3263 809 3297 01
866 3272 941 3308 (1110
1000 3259 1141 3297 Simon
1208 3261 1254 3298 de
1308 3261 1447 3298 Monte
1504 3260 1615 3298 Forti
1674 3261 1708 3298 01
1761 3260 1945 3299 liberavit
2008 3263 2282 3310 custodienda,

582 3323 722 3360 liberet
810 3321 934 3359 electo
1018 3321 1248 3367 Valentino,
1320 3323 1366 3360 de
1452 3322 1557 3361 dono
1638 3322 1754 3372 regis.
1854 3323 1969 3361 Teste
2032 3337 2122 3373 rege
2178 3327 2284 3375 apud

582 3383 830 3429 Wudestok’‚
870 3383 996 3433 xxiiij.
1037 3384 1084 3421 de
1124 3384 1321 3422 Octobris.
