2375 3587
252 210 334 249 536

309 341 454 388 1237.

298 408 358 445 [m.
378 407 468 445 11‹l.]

1180 213 1365 256 CLOSE
1406 213 1610 256 ROLLS.

652 415 1180 465 cornubia&-Reginaidus
1229 416 1266 453 le
1314 415 1549 454 Chauncelr'
1609 413 1830 451 attornavit
1888 410 2135 450 Rollandum
2195 409 2243 446 de

540 475 746 514 Pudiford’
804 477 845 514 in
902 478 1061 527 loquela
1109 491 1186 527 que
1234 481 1294 516 est
1352 479 1392 515 in
1449 477 1642 515 comitatu
1701 474 1901 514 Cornubie
1947 474 2054 511 inter
2109 472 2243 521 ipsum

541 538 823 587 Reginaldum,
865 542 1082 589 petentem,
1123 543 1162 577 et
1216 540 1462 577 Willelmuin
1511 538 1642 576 filiuni
1692 537 1865 582 Ricardi,
1907 536 2137 574 Johannem
2195 533 2242 570 de

541 601 723 650 Crupher
761 606 799 640 et
838 603 1057 641 Ricardum
1089 603 1136 640 de
1170 602 1388 647 Lissemor,
1422 604 1619 646 tenentes,
1661 601 1707 638 de
1746 613 1827 637 una
1865 612 1956 637 acra
1995 601 2097 636 terre
2150 608 2241 634 cum

540 664 795 712 pertinentiis
834 665 874 702 in
916 665 1138 703 Bassehan’
1189 668 1227 702 et
1275 664 1487 702 dimidiam
1534 676 1666 701 acram
1717 666 1818 700 terre
1857 674 1949 700 cum
1987 657 2243 710 pertinentiis

540 726 581 763 in
622 726 853 765 Lissemor’.
937 729 990 765 Et
1037 727 1278 765 mandatum
1326 731 1386 765 est
1434 725 1659 764 vicecomiti
1711 724 1910 763 Cornubie
1957 722 2062 772 quod
2107 721 2242 770 ipsum

540 789 785 827 Rollandum
824 790 873 827 ad
912 790 987 827 hoc
1028 789 1204 838 recipiat.
1264 789 1381 827 Teste
1422 792 1495 827 etc.

647 877 730 914 Rex
770 877 903 925 probis
942 876 1176 914 horninibus
1215 876 1297 913 suis
1337 876 1530 921 Dristoll’,
1572 876 1758 913 salutem.
1819 871 2090 923 Significastis
2128 869 2243 908 nobis

538 939 642 987 quod
698 938 862 988 quidam
912 939 1192 987 depredatores
1250 939 1291 975 in
1350 938 1450 975 inari
1508 940 1699 986 ceperunt
1755 936 1950 986 quosdam
2007 933 2164 973 obsides
2222 944 2245 969 a

537 1000 776 1050 quibusbain
826 1001 1116 1039 mercatoribus
1174 1000 1381 1045 Hibernie,
1438 999 1604 1037 Dublin’
1663 1004 1702 1037 et
1758 998 2028 1047 Droghedan’‚
2087 997 2242 1033 certum

538 1063 757 1100 terminum
796 1063 945 1100 eisdem
986 1062 1277 1101 mercatoribus
1322 1065 1547 1100 statuentes
1593 1075 1671 1111 quo
1718 1064 1869 1100 certam
1916 1058 2084 1109 pecunie
2131 1069 2239 1095 sum-

538 1137 646 1162 mam
676 1125 731 1162 eis
763 1124 933 1169 solvant,
957 1124 1109 1162 scilicet
1140 1124 1285 1162 sexties
1316 1124 1460 1170 viginti
1493 1123 1627 1168 libras,
1651 1136 1721 1172 pro
1750 1121 2024 1171 redemptione
2054 1119 2240 1158 obsidum

536 1186 821 1235 predictorum.
888 1186 1079 1223 Nolentes
1110 1186 1234 1235 igitur
1265 1186 1369 1234 quod
1405 1186 1570 1234 predicti
1610 1185 1767 1223 obsides
1807 1197 1875 1234 per
1913 1183 2115 1221 defectum
2153 1194 2237 1230 pre-

537 1249 641 1287 dicte
681 1249 968 1298 redemptionis
1008 1262 1088 1286 non
1128 1249 1258 1286 solute
1297 1261 1509 1297 corporum
1548 1261 1713 1286 suorum
1753 1248 1964 1286 incurrant
2001 1246 2087 1297 (sie)
2128 1243 2239 1283 vobis

537 1312 778 1350 mandamus
820 1312 925 1361 quod
973 1312 1019 1349 de
1067 1311 1224 1349 catallis
1271 1311 1542 1360 predictorum
1591 1313 1873 1356 mercatorum,
1923 1312 2007 1348 tam
2055 1309 2239 1347 vivorum

536 1386 656 1423 quain
705 1377 972 1419 mortuorum,
1012 1386 1087 1423 que
1136 1373 1177 1410 in
1227 1373 1397 1411 navibus
1446 1373 1626 1422 ipsorum
1666 1373 1707 1410 in
1746 1373 1844 1410 villa
1891 1376 2023 1410 vestra
2072 1367 2239 1408 arestari

536 1436 701 1481 fecistis,
747 1435 869 1474 libere
909 1436 1076 1474 vendere
1117 1449 1241 1485 usque
1280 1436 1329 1473 ad
1369 1449 1574 1473 summam
1622 1435 1846 1485 predictam
1895 1433 2142 1484 permittatis
2190 1430 2240 1469 ad

535 1499 853 1547 redemptionem
893 1497 1080 1536 obsidum
1120 1498 1392 1547 predictorum
1442 1498 1689 1543 solvendam,
1731 1497 1889 1547 proviso
1927 1497 2033 1547 quod
2070 1493 2241 1545 pecunia

536 1561 604 1599 illa
643 1561 822 1599 solvatur
878 1574 947 1610 per
1004 1561 1286 1599 testimonium
1345 1560 1559 1610 proborum
1620 1560 1833 1598 hominum
1882 1560 2044 1598 illorum
2094 1556 2240 1608 quibus

535 1623 634 1661 solvi
673 1623 800 1661 debet.
861 1624 977 1661 Teste
1017 1636 1106 1669 rege
1146 1623 1251 1672 apud
1296 1623 1713 1668 Westmonasteriuni,
1754 1622 1822 1672 xij.
1861 1621 1924 1659 die
1974 1620 2100 1659 Junii.

643 1711 740 1748 Rex.
782 1711 828 1747 L.
870 1710 1041 1759 principi
1081 1711 1127 1747 de
1168 1709 1372 1748 Aberfraw
1411 1714 1449 1749 et
1488 1710 1652 1748 domino
1686 1710 1733 1747 de
1770 1709 2000 1755 Snawdon',
2051 1708 2238 1746 salutem.

534 1773 751 1811 Dilectioni
791 1777 920 1810 vestre
960 1772 1238 1821 significamus
1268 1773 1387 1821 quod,
1419 1786 1508 1810 cum
1551 1772 1804 1810 audissemus
1842 1775 2003 1821 treugas
2032 1770 2138 1809 inter
2167 1782 2240 1808 nos

534 1839 573 1874 et
610 1848 678 1874 vos
718 1835 922 1884 prorogari
962 1849 1029 1884 per
1068 1835 1235 1873 fratrem
1272 1836 1578 1882 Theodericum,
1618 1835 1791 1884 priorem
1832 1834 2059 1883 Hospitalis
2100 1832 2239 1873 Sancti

532 1898 734 1937 ‹J'ohannis
790 1898 1013 1936 Jerusalem
1071 1898 1112 1934 in
1172 1898 1319 1944 Anglia
1375 1897 1425 1935 ab
1482 1898 1651 1936 instanti
1725 1898 1825 1935 festo
1891 1896 2029 1935 Sancti
2099 1894 2239 1933 Jacobi

534 1974 658 2010 usque
732 1961 773 1998 in
849 1973 976 1997 unum
1053 1973 1206 1998 annum
1283 1962 1529 2009 sequentem,
1607 1959 1705 1997 bene
1780 1959 1897 1997 nobis
1971 1958 2124 2008 placuit
2198 1961 2237 1996 et

532 2023 855 2073 prorogationem
906 2022 1017 2059 illam
1066 2025 1224 2071 gratam
1273 2022 1492 2060 habuimus
1541 2025 1580 2060 et
1624 2025 1855 2071 acceptani;
1919 2025 1957 2059 et
2006 2021 2110 2060 sicut
2166 2033 2236 2059 vos

531 2098 578 2123 ex
616 2088 728 2135 parte
766 2088 896 2123 vestra
935 2098 1004 2134 per
1043 2085 1239 2134 quosdam
1280 2084 1417 2122 fideles
1455 2088 1608 2122 vestros
1662 2083 1792 2132 ipsam
1834 2083 1962 2132 jurari
2002 2083 2155 2121 fecistis
2194 2082 2235 2119 in

531 2149 713 2186 animam
753 2150 943 2193 vestram,
985 2147 1040 2185 sic
1094 2150 1133 2184 et
1183 2160 1255 2185 nos
1302 2147 1470 2185 dilectos
1523 2151 1561 2185 et
1610 2146 1747 2183 fideles
1786 2148 1945 2183 nostros
1985 2146 2235 2184 Willelmum

530 2211 577 2248 de
630 2210 817 2255 Ferariis,
872 2209 1135 2247 Amauricum
1187 2210 1234 2247 de
1290 2210 1442 2247 Sancto
1494 2209 1691 2253 Amando,
1740 2207 1959 2246 Ricardum
2011 2208 2058 2246 de
2115 2207 2234 2258 Grey,

530 2273 747 2322 Hugonem
782 2272 829 2310 de
870 2271 1052 2317 Vivonia‚
1088 2276 1127 2309 et
1166 2271 1398 2310 Hubertum
1445 2272 1568 2317 Hose,
1603 2271 1735 2321 jurare
1769 2270 1939 2308 fecimus
1973 2270 2015 2308 in
2055 2270 2236 2308 animam

529 2339 710 2373 nostram
744 2335 850 2385 quod
890 2338 1072 2383 treugam
1112 2334 1242 2383 ipsam
1283 2334 1323 2371 in
1366 2335 1496 2371 forma
1534 2333 1694 2382 provisa
1731 2336 1770 2371 et
1808 2345 1998 2371 concessa
2040 2333 2235 2372 faciemus

529 2398 698 2436 firmiter
736 2396 950 2442 observari,
992 2401 1030 2434 et
1070 2409 1188 2445 super
1228 2397 1304 2435 hoc
1341 2397 1422 2434 vice
1461 2400 1599 2434 nostra
1651 2396 1808 2433 litteras
1851 2398 2010 2434 nostras
2050 2398 2236 2445 patentes

528 2459 639 2497 vobis
678 2459 996 2497 transmittimus
1036 2472 1104 2507 per
1145 2459 1368 2504 Simonem,
1420 2459 1609 2497 clericum
1660 2462 1838 2496 vestrum
1882 2458 1931 2495 ad
1980 2471 2053 2497 nos
2103 2461 2232 2496 trans-

528 2522 713 2567 missum,
768 2522 883 2571 plene
932 2521 1044 2559 vobis
1092 2522 1362 2570 regraciantes
1412 2522 1518 2570 quod
1568 2521 1760 2558 dilectum
1807 2524 1994 2570 nepotem
2033 2523 2232 2567 nostrum,

529 2584 672 2630 David,
713 2584 844 2622 filium
883 2587 1076 2629 vestrum,
1117 2584 1249 2632 parati
1297 2584 1434 2622 fuistis
1473 2583 1522 2621 ad
1560 2596 1634 2621 nos
1668 2583 1828 2621 mittere
1862 2595 1953 2621 cum
1991 2582 2231 2633 quibusdam

527 2646 712 2685 fidelibus
742 2647 884 2684 vestris
914 2659 1039 2695 usque
1069 2645 1332 2695 Wygorniam
1371 2645 1446 2684 sub
1485 2646 1689 2684 conductu
1728 2645 1777 2682 ad
1815 2645 1890 2683 hoc
1924 2645 2084 2694 proviso
2118 2659 2140 2683 a
2169 2646 2232 2684 die

530 2709 677 2747 Sancte
717 2708 928 2746 Trinitatis
966 2709 1007 2745 in
1042 2708 1275 2758 quindecim
1316 2709 1413 2755 dies,
1456 2708 1560 2746 sicut
1601 2707 1686 2745 fieri
1736 2707 2068 2747 desideravimus.
2129 2711 2231 2747 Cum

527 2774 662 2808 autem
712 2770 762 2808 ad
817 2770 923 2807 diem
980 2769 1097 2806 illum
1155 2772 1318 2818 propter
1370 2769 1564 2819 temporis
1616 2768 1854 2807 brevitatem
1911 2768 1998 2807 1000
2050 2770 2230 2819 predicto

526 2832 640 2870 nullo
696 2832 815 2870 modo
871 2831 1073 2881 possimus
1125 2831 1270 2869 habere
1319 2832 1567 2881 presentiam
1619 2831 1755 2869 dilecti
1813 2831 1950 2869 fratris
1999 2832 2127 2871 nostri
2179 2834 2227 2871 R.

526 2895 687 2934 comitis
726 2894 903 2933 Pictavie
944 2898 982 2931 et
1025 2893 1237 2940 Cornubie,
1292 2895 1354 2933 W.
1403 2894 1519 2932 electi
1557 2894 1745 2939 Valenti’,
1787 2893 1966 2932 Simonis
2004 2894 2052 2932 de
2091 2895 2231 2935 Monte

525 2957 659 3003 Forte,
700 2960 738 2994 et
793 2956 1047 3006 quorundam
1105 2956 1277 2994 aliorum
1331 2956 1515 2994 fidelium
1568 2961 1798 2994 nostrorum
1847 2955 1933 2993 sine
1987 2955 2132 3006 quibus
2183 2958 2231 2997 de

525 3019 702 3069 negociis
740 3018 889 3056 ididem
928 3017 1215 3067 expendiendis
1255 3031 1337 3057 non
1383 3021 1486 3056 esset
1525 3017 1641 3056 nobis
1686 3017 1902 3066 expediens
1947 3020 2143 3065 tractare3
2182 3021 2230 3059 de

524 3080 692 3120 consilio
726 3083 863 3118 nostro
895 3079 1084 3117 duximus
1116 3080 1221 3118 diem
1255 3080 1373 3118 illum
1409 3094 1432 3118 a
1466 3079 1569 3118 festo
1606 3079 1753 3118 Sancte
1793 3079 2005 3118 Trinitatis
2037 3080 2078 3118 in
2112 3081 2226 3130 quin-

523 3143 652 3182 decim
677 3142 760 3180 dies
787 3154 997 3191 prorogare
1028 3154 1154 3190 usque
1185 3142 1234 3179 ad
1255 3142 1404 3180 festum
1439 3142 1579 3181 Sancti
1611 3141 1720 3179 Petri
1755 3142 1804 3179 ad
1838 3141 2012 3179 Vincula
2042 3145 2081 3180 et
2115 3146 2225 3190 t'unc,

523 3207 645 3243 dante
683 3204 874 3250 Domino,
915 3204 1067 3241 erimus
1106 3205 1212 3253 apud
1255 3205 1514 3255 Wygorniain
1546 3205 1587 3241 in
1623 3217 1844 3242 occursum
1867 3203 2034 3253 predicti
2067 3207 2225 3254 nepotis

523 3267 664 3314 nostri,
713 3266 787 3305 filii
836 3266 971 3312 vestri,
1026 3269 1065 3303 et
1116 3266 1288 3304 aliorum
1338 3280 1437 3317 quos
1486 3279 1578 3305 cum
1626 3266 1713 3315 ipso
1762 3265 1857 3304 estis
1909 3265 2006 3304 illuc
2047 3267 2223 3316 missuri,

521 3334 560 3369 et
598 3330 647 3368 ad
685 3329 792 3379 ipsos
831 3328 1112 3367 conducendos
1159 3328 1209 3366 ad
1256 3341 1330 3368 nos
1377 3329 1660 3378 premittemus
1714 3327 1959 3366 venerabiles
2003 3331 2137 3377 patres
2176 3330 2223 3369 R.

519 3392 852 3431 Herefordensem
884 3391 930 3428 A.
964 3393 1277 3429 Coventrensem
1313 3391 1532 3440 episcopos,
1564 3394 1604 3429 et
1632 3390 1800 3429 dilectos
1829 3392 1868 3428 et
1898 3389 2035 3429 fideles
2066 3394 2233 3431 nostros·
