2375 3587
180 347 320 394 1237.

172 415 233 452 [m.
261 410 333 450 1‹z.]

1050 222 1102 260 21
1145 220 1351 260 HENRY
1392 220 1473 260 ΠΙ.
2031 224 2113 264 573

415 421 556 456 neuter
593 421 771 456 vestrum
811 419 999 465 venisset,
1039 419 1144 457 idem
1183 420 1429 470 justiciarius
1458 423 1507 460 ad
1538 434 1609 459 nos
1639 420 1867 459 transmisit
1898 421 2114 470 Hugonem

417 479 464 517 de
503 480 629 529 Legh’
669 485 707 518 et
747 481 998 519 Willelmum
1037 482 1182 530 Long',
1218 482 1407 520 clericum
1449 497 1582 529 suum,
1616 483 1665 520 ad
1703 482 2007 521 certificandum
2041 496 2113 522 nos

418 554 535 590 super
572 542 651 580 hiis
689 556 764 591 que
802 555 870 592 per
909 556 977 581 vos
1014 549 1052 581 et
1091 544 1224 592 ipsum
1262 544 1534 593 justiciarium
1573 544 1732 582 audisse
1769 543 2028 582 credebamus
2078 551 2116 584 et

418 616 509 641 cum
562 617 630 653 per
678 605 785 653 ipsos
837 605 1080 643 sufficienter
1131 605 1179 643 ad
1230 618 1389 643 necesse
1440 610 1625 644 nostrum
1677 619 1758 644 non
1817 606 2013 644 fuerimus
2070 608 2117 645 de

416 666 607 714 predictis
645 666 868 712 certificati,
909 667 1120 705 mittemus
1160 667 1200 704 in
1240 667 1421 715 proximo
1451 668 1500 705 ad
1530 670 1662 716 partes
1692 667 1886 705 Hibernie
1916 669 2117 717 quendam

418 727 465 765 de
517 727 701 765 fidelibus
753 728 914 771 nostris,
966 729 1013 766 de
1065 741 1143 777 quo
1194 729 1298 766 sicut
1338 729 1385 766 de
1426 728 1541 767 nobis
1579 728 1834 774 confidimus,
1876 730 1924 767 ad
1964 734 2118 768 statum

418 793 520 827 terre
584 790 759 838 predicte
817 790 1034 828 videndum
1093 794 1132 828 et
1190 790 1239 827 ad
1296 790 1589 839 providendum
1647 803 1728 827 una
1783 803 1876 828 cum
1940 792 2118 839 predicto

416 851 639 901 justiciario
677 855 814 889 nostro
853 852 1024 902 qualiter
1075 852 1221 889 melius
1270 852 1476 890 ordinetur
1528 852 1577 889 ad
1623 852 1882 890 commodum
1937 858 2120 891 nostrum

418 913 465 950 de
504 914 619 951 terris
657 914 846 962 predictis
884 914 1107 952 assidendis
1145 917 1183 951 et
1222 913 1434 951 feoffandis
1473 917 1512 951 et
1544 914 1592 951 ad
1625 914 1917 962 providendum
1952 915 2124 963 qualiter

421 975 462 1012 in
504 974 742 1013 Hiberniam
781 975 917 1013 venire
960 975 1162 1024 possimus
1209 978 1248 1013 et
1298 975 1345 1013 de
1395 974 1653 1019 victualibus,
1707 975 1738 1012 si
1792 988 1950 1013 necesse
1989 976 2122 1023 fuerit,

420 1040 561 1074 contra
598 1037 815 1075 adventum
858 1040 1068 1077 nostrum:
1143 1040 1182 1075 et
1238 1040 1417 1086 preterea
1473 1037 1521 1074 ad
1577 1037 1710 1074 visum
1766 1037 1942 1087 compoti
2000 1039 2126 1088 ipsius

419 1098 631 1149 justiciarii
661 1099 787 1137 nostri
818 1112 899 1137 una
921 1099 1128 1137 vobiscum
1158 1102 1196 1137 et
1224 1098 1465 1148 quibusdam
1496 1099 1600 1144 aliis,
1623 1098 1726 1137 sicut
1752 1099 1880 1137 eidem
1904 1100 2127 1150 justiciario

422 1161 706 1198 mandavimus
743 1161 790 1198 de
828 1161 1012 1210 expensis
1060 1164 1099 1199 et
1146 1161 1270 1199 custis
1321 1161 1404 1198 suis
1452 1161 1707 1205 facienduni;
1756 1164 1795 1198 et
1844 1162 2127 1200 mandavimus

422 1223 599 1272 predicto
632 1223 855 1273 justiciario
889 1227 1028 1262 nostro
1061 1224 1179 1273 quod,
1216 1236 1308 1261 011111
1344 1223 1545 1272 predictus
1581 1223 1709 1260 fidelis
1740 1226 1876 1261 noster
1908 1225 1957 1262 ad
1996 1228 2129 1273 partes

423 1285 627 1336 Hybernie
674 1286 839 1331 venerit,
889 1290 1066 1325 castrum
1114 1288 1298 1324 nostrum
1349 1284 1541 1323 Dublinie
1593 1285 1627 1323 ei
1676 1284 1817 1324 liberet
1866 1287 1915 1324 ad
1965 1287 2129 1335 negocia

423 1352 560 1385 nostra
598 1347 776 1396 predicta
813 1348 1063 1386 commodius
1101 1347 1359 1396 expedienda.
1424 1346 1527 1393 Quia
1574 1347 1696 1384 etiam
1744 1351 1954 1396 magnates
2001 1349 2128 1386 nostri

424 1408 631 1455 Hibernie,
670 1410 971 1459 archiepiscopi,
1011 1409 1185 1459 episcopi
1221 1412 1290 1447 aut
1333 1409 1438 1454 laici,
1481 1409 1585 1446 nihil
1626 1408 1741 1447 nobis
1780 1409 1960 1448 fecerunt
1999 1410 2129 1449 adhuc

423 1471 471 1509 de
509 1472 660 1510 auxilio
696 1471 746 1509 ab
784 1472 840 1510 eis
878 1472 1004 1521 petito
1052 1475 1141 1521 post
1188 1471 1449 1521 maritagium
1489 1471 1634 1509 sororis
1674 1474 1823 1515 nostre,
1865 1471 2132 1521 imperatricis

425 1533 757 1580 Alemannorum,
797 1533 981 1572 videlicet
1028 1534 1074 1572 de
1121 1533 1276 1571 duabus
1325 1533 1473 1571 marcis
1522 1533 1571 1570 ad
1621 1536 1795 1579 scutum,
1848 1534 2132 1572 mandavimus

425 1596 553 1634 eidem
600 1596 823 1645 justiciario
871 1600 1007 1634 nostro
1063 1596 1168 1646 quod
1225 1595 1441 1644 diligencia
1492 1608 1571 1644 qua
1622 1596 1768 1644 poterit
1825 1596 1991 1634 inducat
2048 1600 2131 1634 tam

426 1658 758 1707 archiepiscopos,
834 1659 1053 1708 episcopos,
1133 1671 1253 1707 quam
1330 1657 1428 1695 alios
1503 1661 1714 1706 magnates
1791 1657 2008 1708 Hybernie‚
2084 1659 2133 1696 ad

427 1720 725 1758 concedendum
783 1719 898 1759 1101115
950 1719 1146 1757 auxilium
1200 1719 1426 1768 predictum
1478 1722 1517 1757 et
1569 1722 1749 1768 preterea
1801 1720 1850 1757 ad
1903 1720 2133 1758 faciendum

428 1781 543 1820 nobis
585 1782 757 1831 gratiam
804 1782 963 1831 qualem
1012 1784 1221 1830 magnates
1270 1781 1398 1819 nostri
1447 1781 1488 1818 in
1530 1780 1677 1829 Anglia
1716 1780 1831 1819 nobis
1871 1781 2052 1820 fecerunt
2088 1782 2136 1819 de

427 1843 630 1882 tricesima
656 1843 868 1882 mobilium
893 1856 1057 1881 suorum
1085 1842 1201 1881 nobis
1231 1842 1496 1880 concedenda.
1558 1843 1659 1880 Cum
1688 1842 1812 1892 igitur
1838 1843 1885 1881 ad
1917 1843 2137 1892 optinenda

428 1905 606 1954 predicta
645 1906 796 1943 auxilia
833 1905 1046 1944 consilium
1086 1908 1265 1943 vestrum
1303 1904 1433 1942 eidem
1471 1903 1695 1954 justiciario
1734 1904 1850 1942 valde
1888 1905 2014 1954 possit
2053 1918 2137 1943 esse

428 1968 711 2016 necessarium,
757 1968 1043 2016 paternitatem
1096 1970 1272 2005 vestram
1322 1979 1512 2016 rogamus
1562 1966 1763 2005 attentius
1813 1967 2008 2016 quatinus
2057 1980 2138 2004 una

429 2042 521 2068 cum
569 2030 668 2079 ipso,
718 2033 896 2079 tempore
945 2033 1184 2079 opportuno,
1234 2029 1412 2079 prefatos
1461 2031 1673 2077 magnates
1722 2028 1772 2066 ad
1810 2028 1885 2067 hoc
1924 2029 2140 2078 diligenter

432 2092 646 2138 inducatis,
687 2095 726 2130 et
763 2105 833 2130 vos
871 2092 947 2142 ipsi
985 2093 1033 2130 ad
1073 2092 1287 2142 pecuniam
1321 2094 1505 2129 nostram
1536 2090 1842 2140 adimplendam
1873 2091 1920 2129 (19
1951 2091 2139 2141 predictis

399 2173 407 2177 ⁷⁴
432 2154 591 2193 auxiliis
630 2153 745 2192 nobis
783 2154 978 2193 faciendis
1016 2155 1072 2193 ita
1110 2153 1349 2193 favorabiles
1389 2156 1428 2192 et
1462 2152 1658 2202 benignos
1688 2165 1757 2191 vos
1791 2153 1978 2192 exhibere
2007 2154 2140 2192 velitis

433 2217 538 2266 quod
575 2217 621 2254 de
659 2219 774 2254 tanta
811 2216 982 2265 pecunia
1018 2219 1214 2266 quantam
1252 2216 1418 2253 domino
1458 2214 1691 2264 imperatori
1731 2227 1823 2253 cum
1862 2215 1970 2254 dicta
2009 2228 2141 2254 sorore

436 2282 576 2317 nostra
625 2278 897 2316 concessimus
945 2282 984 2316 et
1022 2279 1069 2316 de
1108 2278 1198 2316 aliis
1236 2276 1383 2316 debitis
1422 2276 1634 2314 immensis
1674 2289 1743 2326 per
1781 2289 1851 2315 vos
1893 2277 2141 2326 gaudeamus

435 2341 654 2386 exonerari,
704 2344 742 2378 et
792 2341 884 2378 inde
935 2341 985 2378 ad
1032 2343 1244 2390 perpetuas
1283 2338 1395 2377 vobis
1434 2342 1646 2378 teneamur
1683 2339 1907 2388 gratiarum
1947 2339 2140 2378 actiones.

436 2403 577 2440 Velitis
615 2402 752 2448 etiam,
792 2415 883 2440 cum
923 2402 1101 2451 prefatus
1140 2402 1267 2440 fidelis
1306 2404 1443 2440 noster
1481 2400 1522 2438 in
1563 2400 1815 2451 Hyberniam
1854 2402 2022 2448 venerit,
2063 2415 2144 2440 una

436 2477 529 2503 cum
568 2465 654 2514 ipso
691 2467 730 2502 et
768 2464 858 2502 aliis
896 2464 1137 2514 quibusdam
1168 2463 1272 2502 visui
1303 2463 1480 2512 compoti
1510 2462 1679 2512 predicti
1708 2463 1932 2513 justiciario
1962 2464 2144 2502 faciendo

438 2526 608 2565 libenter
646 2526 852 2564 intendere
890 2530 929 2564 et
967 2526 1227 2565 commodum
1267 2529 1306 2564 et
1335 2525 1531 2563 honorem
1563 2528 1763 2571 nostrum,
1795 2525 1899 2563 sicut
1934 2525 2144 2575 hucusque

438 2589 590 2627 fecistis
629 2588 670 2626 in
710 2587 801 2626 aliis
841 2588 1021 2637 negociis
1060 2587 1224 2634 nostris,
1264 2599 1489 2637 procurare.
1550 2586 1666 2625 Teste
1704 2589 1749 2625 ut
1788 2599 1922 2636 supra.

549 2709 634 2746 Rex
685 2707 979 2746 venerabilibus
1031 2707 1212 2757 patribus
1264 2707 1305 2744 in
1359 2706 1534 2752 Christo,
1574 2706 1897 2756 archiepiscopis,
1936 2707 2146 2756 episcopis,

441 2774 481 2809 et
528 2770 684 2809 dilectis
740 2770 817 2808 sibi
869 2770 910 2807 in
960 2769 1123 2808 Christo
1174 2768 1403 2813 abbatibus,
1459 2771 1498 2806 et
1548 2767 1765 2817 prioribus,
1820 2771 1859 2806 et
1910 2768 2001 2806 aliis
2052 2768 2148 2807 viris

442 2832 640 2881 religiosis
689 2835 814 2869 terras
867 2834 905 2869 et
952 2830 1224 2880 possessiones
1276 2829 1526 2868 habentibus
1583 2829 1624 2867 in
1682 2828 1906 2879 Hybernia‚
1961 2830 2148 2868 salutem.

444 2896 506 2931 Ex
543 2893 753 2931 affectione
792 2894 945 2931 sincera
983 2905 1104 2942 quam
1143 2905 1237 2941 erga
1276 2905 1351 2930 nos
1392 2891 1516 2930 vestri
1549 2891 1679 2940 gratia
1723 2891 1903 2940 gessistis
1952 2891 2150 2930 indefesse

445 2959 596 2994 certam
635 2958 884 3004 reportantes
923 2954 1113 2993 fiduciam
1164 2954 1272 3004 quod
1324 2953 1513 3003 petitioni
1563 2956 1700 2991 nostre
1751 2953 2006 2991 honestatem
2057 2966 2148 2992 con-

445 3018 592 3055 tinenti
631 3016 904 3055 favorabiliter
941 3028 1118 3054 annuere
1157 3008 1304 3062 velitis,
1347 3015 1639 3065 benignitatem
1688 3017 1865 3053 vestram
1910 3014 2153 3054 fiducialiter

446 3079 666 3128 rogandam
719 3078 909 3116 duximus
957 3077 1148 3127 quatinus
1200 3090 1293 3116 cum
1346 3077 1478 3115 adhuc
1532 3076 1661 3115 nichil
1711 3075 1827 3114 nobis
1879 3076 2052 3115 feceritis
2103 3077 2151 3115 de

445 3141 595 3179 auxilio
633 3140 702 3178 illo
740 3140 787 3177 de
838 3152 916 3189 quo
960 3153 1030 3178 vos
1077 3139 1310 3188 rogavimus
1357 3142 1447 3188 post
1496 3138 1758 3187 maritagium
1812 3138 1958 3176 sororis
2003 3142 2151 3185 nostre,

447 3201 714 3251 imperatricis
751 3201 1083 3246 Alemannorum,
1119 3200 1236 3250 quale
1267 3200 1409 3250 prelati
1445 3199 1571 3238 nostri
1607 3199 1752 3248 Anglie
1789 3202 1827 3236 et
1867 3199 2051 3237 homines
2089 3200 2152 3237 sui

447 3267 522 3302 etc.
554 3263 669 3301 nobis
703 3263 896 3308 fecerunt,
928 3262 1033 3312 quod
1072 3265 1168 3300 tunc
1202 3275 1271 3300 vos
1310 3262 1541 3311 rogavimus
1581 3273 1651 3309 pro
1689 3259 1801 3298 vobis
1842 3263 1881 3298 et
1920 3260 2153 3300 hominibus

448 3325 591 3364 vestris
629 3324 902 3363 favorabiliter
935 3323 1154 3373 adimplere
1192 3323 1339 3369 velitis,
1394 3323 1567 3372 gratiam
1620 3321 1746 3370 gratie
1795 3322 1988 3360 addentes
2039 3323 2154 3372 juxta

449 3387 731 3426 liberalitatem
781 3386 924 3425 iterato
972 3384 1088 3425 nobis
1137 3385 1351 3437 inpensam
1402 3398 1424 3422 a
1472 3383 1662 3434 predictis
1710 3382 1876 3431 prelatis
1924 3384 2068 3432 Anglie
2115 3388 2153 3424 et

484 3470 494 3487 7
530 3476 545 3501 ‘s
593 3488 607 3499 Γ
