2375 3587
235 213 317 253 338

298 337 445 385 1236.

289 402 450 442 mdfflfl

1164 219 1349 263 CLOSE
1393 220 1596 263 ROLLs

538 419 575 453 et
613 418 855 455 tenementis
885 418 979 465 suis,
1011 418 1130 456 salvis
1161 418 1332 456 servitiis
1365 418 1621 456 dominorum
1653 431 1728 468 que
1758 417 1952 456 debentur
1981 417 2027 455 de
2056 415 2229 455 dotibus.

537 478 641 515 Item
690 479 722 516 si
768 480 857 528 quis
906 480 1025 517 fuerit
1074 479 1297 517 disseisitus
1348 479 1395 517 de
1444 478 1568 517 libero
1611 482 1842 517 tenemento
1890 492 1960 517 suo
2011 482 2049 516 et
2097 491 2229 516 coram

535 540 768 589 justiciariis
824 540 1110 579 itinerantibus
1174 540 1362 578 seisinam
1431 541 1723 590 recuperaverit
1772 554 1841 590 per
1904 541 2074 578 assisam
2129 552 2231 578 nove

535 601 742 640 disseisine
777 603 839 641 vel
876 616 945 652 per
988 603 1261 652 cognicionem
1325 615 1462 640 eorum
1515 603 1583 652 qui
1636 602 1891 640 disseisinam
1948 602 2128 646 fecerint,
2167 602 2229 639 vel

534 676 770 714 quocunque
808 665 885 702 alio
922 665 1041 702 modo
1088 677 1156 712 per
1202 664 1397 713 judicium
1446 665 1553 702 curie
1605 668 1751 710 nostre,
1792 667 1830 702 et
1881 664 1966 713 ipse
2005 663 2229 702 disseisitus

534 738 603 774 per
632 726 904 764 vicecomitem
945 726 1134 763 seisinam
1174 739 1288 763 suam
1323 726 1520 771 habuerit,
1559 726 1591 763 si
1629 726 1753 764 iidem
1793 726 2057 764 disseisitores
2095 728 2231 774 postea

535 791 624 836 post
680 788 754 825 iter
817 788 1131 837 justiciariorum
1188 787 1249 825 vel
1314 787 1419 825 infra
1484 788 1630 825 iterum
1688 788 1859 825 eundem
1921 790 2229 836 conquerentem

534 849 820 887 disseisiverint
857 853 895 887 et
938 850 1029 887 inde
1067 849 1237 887 convicti
1284 849 1446 895 fuerint,
1489 850 1626 887 statim
1666 850 1878 898 capiantur
1915 854 1952 887 et
1991 849 2030 886 in
2070 848 2232 897 prisona

534 915 669 948 nostra
706 911 962 949 detineantur
1007 924 1215 960 quousque
1248 924 1317 960 per
1355 924 1428 949 nos
1466 924 1536 960 pro
1576 911 1847 960 redemptione
1884 911 1945 948 vel
1989 911 2067 948 alio
2114 909 2233 947 modo

535 971 813 1010 deliberentur.
899 973 979 1010 Nos
1018 976 1152 1010 autem
1192 972 1476 1010 mandabimus
1516 972 1587 1010 tibi
1628 973 1800 1011 formam
1835 986 1903 1022 per
1941 973 2039 1010 alias
2077 972 2232 1009 litteras

535 1038 692 1071 nostras
718 1034 890 1083 qualiter
910 1035 1142 1085 hujusmodi
1169 1034 1433 1072 disseisitores
1463 1035 1646 1072 convinci
1674 1034 1858 1080 debeant,
1882 1048 1972 1073 cum
1997 1033 2231 1084 hujusmodi

534 1095 687 1144 loquele
722 1097 769 1133 ad
803 1097 955 1134 curiam
995 1101 1174 1134 nostram
1205 1096 1400 1143 venerint,
1431 1109 1503 1134 nec
1538 1097 1686 1145 poteris
1716 1100 1761 1134 tu
1791 1096 2024 1146 hujusmodi
2055 1095 2231 1145 loquelas

534 1161 665 1195 tenere
704 1159 789 1196 sine
827 1159 989 1208 speciali
1029 1159 1221 1196 mandato
1260 1162 1410 1196 nostro.
1488 1159 1642 1196 Eodem
1682 1159 1801 1196 modo
1840 1159 1910 1197 fiat
1949 1160 1996 1197 de
2034 1159 2128 1204 illis,
2166 1157 2231 1207 qui

534 1219 701 1257 seisinas
737 1234 828 1258 suas
864 1221 1186 1270 recuperaverint
1221 1233 1289 1269 per
1319 1220 1486 1257 assisam
1519 1220 1660 1258 mortis
1690 1220 1952 1258 antecessoris
1980 1224 2019 1258 et
2049 1220 2234 1258 similiter

533 1281 720 1319 omnibus
750 1283 851 1327 aliis,
883 1283 949 1332 qui
981 1286 1105 1320 terras
1136 1285 1173 1319 et
1206 1285 1437 1319 tenementa
1472 1295 1708 1330 quocunque
1738 1283 1857 1320 modo
1886 1282 1927 1319 in
1957 1282 2067 1320 curia
2095 1284 2233 1319 nostra

532 1357 600 1392 per
628 1345 801 1393 juratam
831 1345 1150 1394 recuperaverint
1181 1344 1242 1381 vel
1275 1357 1512 1393 quocunque
1547 1344 1625 1382 alio
1655 1344 1773 1382 modo
1802 1357 1871 1393 per
1899 1345 2094 1394 judicium
2126 1343 2233 1382 curie

533 1409 679 1450 nostre,
728 1407 758 1443 si
804 1410 940 1455 postea
993 1406 1084 1443 inde
1134 1405 1323 1443 disseisiti
1373 1405 1523 1443 fuerint
1575 1419 1597 1443 a
1649 1405 1847 1454 prioribus
1904 1405 2231 1444 deforciatoribus

531 1480 667 1504 versus
717 1481 814 1516 quos
865 1468 1199 1517 recuperaverint.
1277 1468 1396 1509 Item,
1450 1467 1545 1516 quia
1596 1468 1714 1505 multi
1767 1471 1977 1517 mag-nates
2023 1468 2070 1505 de
2108 1480 2231 1516 regno

531 1533 681 1574 nostro,
733 1531 800 1579 qui
854 1531 1116 1568 feoffaverunt
1168 1530 1317 1567 milites
1370 1533 1407 1567 et
1458 1529 1578 1567 libere
1629 1533 1812 1567 tenentes
1865 1543 1957 1568 suos
2005 1530 2052 1567 de
2099 1529 2231 1578 parvis

532 1593 773 1630 tenementis
808 1592 847 1629 in
888 1593 1046 1638 magnis
1085 1592 1276 1630 maneriis
1312 1592 1408 1636 suis,
1449 1592 1578 1640 questi
1618 1592 1782 1629 fuerunt
1820 1593 1924 1642 quod
1972 1591 2229 1630 commodum

532 1668 650 1692 suum
703 1655 830 1692 facere
876 1668 954 1692 non
1006 1658 1194 1703 poterunt
1232 1654 1279 1691 de
1318 1654 1474 1692 residuo
1513 1655 1786 1692 maneriorum
1825 1668 2002 1700 suorum,
2044 1655 2145 1692 sicut
2184 1654 2231 1691 de

532 1718 668 1761 vastis,
721 1716 847 1754 boscis
901 1720 940 1754 et
982 1717 1170 1765 pasturis,
1226 1716 1380 1754 desicut
1430 1716 1501 1765 ipsi
1553 1716 1703 1753 feofi'ati
1755 1716 2020 1754 sufficientem
2069 1718 2232 1765 possent

531 1779 674 1817 habere
713 1782 928 1828 pasturam,
960 1782 1158 1828 quatenus
1190 1778 1408 1827 pertineret
1442 1778 1491 1815 ad
1524 1781 1755 1816 tenementa
1795 1791 1891 1823 sua;
1931 1779 1987 1816 ita
2024 1779 2228 1828 provisum

532 1845 589 1879 est
629 1845 667 1879 et
714 1854 736 1878 a
775 1840 889 1877 nobis
942 1853 1175 1878 concessum
1229 1840 1333 1888 quod
1385 1852 1477 1877 cum
1527 1840 1761 1890 hujusmodi
1815 1853 1837 1877 a
1885 1840 2029 1890 quibus
2080 1840 2230 1878 feoffati

532 1903 699 1940 assisam
751 1915 850 1939 nove
899 1902 1106 1939 disseisine
1157 1902 1339 1939 deferant
1397 1901 1444 1939 de
1501 1914 1720 1939 cominuna
1776 1905 1950 1951 pasture,
2008 1903 2039 1940 si
2097 1915 2230 1940 coram

531 1964 764 2013 justiciariis
802 1964 1060 2012 cognoverint
1099 1963 1203 2012 quod
1243 1962 1507 2000 sufficientem
1556 1966 1762 2012 pasturam
1802 1963 1990 2010 habeant,
2031 1966 2230 2014 quantum

531 2026 704 2075 pertinet
756 2026 805 2063 ad
855 2029 1084 2063 tenementa
1130 2038 1213 2070 sua,
1255 2028 1292 2062 et
1341 2024 1514 2062 habeant
1561 2025 1785 2074 ingressum
1833 2029 1871 2064 et
1922 2039 2125 2075 egressum
2186 2026 2232 2064 de

531 2088 773 2126 tenementis
813 2088 893 2124 suis
933 2101 1055 2136 usque
1095 2087 1143 2124 ad
1192 2091 1398 2136 pasturam
1448 2087 1571 2132 illam,
1621 2091 1717 2125 tunc
1766 2087 1857 2126 inde
1905 2089 1987 2126 sint
2035 2089 2228 2134 contenti,

532 2154 570 2188 et
626 2151 685 2187 illi
750 2150 796 2187 de
861 2150 1005 2198 quilius
1070 2150 1199 2198 questi
1258 2149 1409 2186 fuerint
1465 2150 1589 2198 quieti
1650 2150 1838 2188 recedant
1895 2151 1941 2188 de
1997 2151 2072 2189 hoc
2129 2152 2233 2201 quod

532 2212 786 2250 commodum
845 2225 961 2249 suum
1018 2212 1066 2250 de
1123 2212 1237 2249 terris
1294 2211 1355 2249 vel
1412 2211 1536 2248 vastis
1592 2212 1654 2249 vel
1711 2213 1885 2260 pasturis
1942 2213 2134 2257 fecerint;
2200 2214 2231 2251 si

532 2278 666 2311 autem
703 2274 877 2311 dixerint
915 2274 1020 2323 quod
1060 2274 1325 2311 sufficientem
1366 2279 1574 2322 pasturam
1614 2272 1831 2311 habuerint
1869 2275 1930 2312 vel
1969 2275 2232 2313 sufficientem

532 2335 756 2381 ingressum
788 2340 826 2373 et
855 2348 1058 2383 egressum
1087 2339 1289 2384 quantum
1320 2335 1496 2383 pertinet
1530 2335 1578 2372 ad
1611 2338 1841 2373 tenementa
1875 2349 1969 2381 sua;
2010 2340 2107 2374 tunc
2141 2337 2232 2375 inde

532 2398 759 2446 inquiratur
788 2398 934 2435 veritas
966 2410 1034 2446 per
1060 2398 1243 2443 assisam,
1268 2400 1306 2435 et
1338 2397 1371 2434 si
1401 2410 1469 2446 per
1498 2397 1666 2434 assisam
1698 2397 1949 2447 recognitum
1980 2398 2100 2436 fuerit
2130 2400 2234 2448 quod

533 2472 602 2507 per
621 2459 779 2496 eosdem
806 2459 847 2496 in
874 2459 1008 2508 aliquo
1037 2459 1161 2497 fuerit
1188 2459 1407 2508 impeditus
1434 2458 1637 2506 ingressus
1664 2462 1703 2496 et
1729 2471 1909 2508 egressus
1929 2460 1989 2498 vel
2017 2462 2122 2510 quod
2152 2475 2234 2500 non

534 2521 707 2558 habeant
755 2521 1021 2559 sufficientem
1070 2524 1294 2570 pasturam,
1335 2522 1436 2559 sicut
1485 2520 1708 2569 predictum
1747 2524 1819 2566 est,
1861 2525 1957 2560 tunc
1999 2528 2232 2572 recuperent

534 2583 722 2620 seisinam
762 2596 875 2620 suam
924 2596 992 2632 per
1033 2583 1163 2621 visum
1210 2584 1450 2633 juratorum,
1492 2583 1548 2619 ita
1596 2582 1700 2631 quod
1748 2596 1817 2632 per
1863 2583 2143 2622 discretionem
2193 2589 2231 2624 et

535 2649 831 2683 sacramentum
871 2645 1051 2694 ipsorum
1090 2645 1266 2683 habeant
1309 2648 1598 2694 conquerentes
1646 2644 1910 2682 sufficientem
1949 2649 2155 2694 pasturam
2194 2651 2232 2686 et

534 2707 759 2756 ingressum
789 2710 828 2745 et
857 2720 1060 2756 egressum
1092 2708 1357 2745 sufficientem
1389 2707 1429 2743 in
1460 2706 1589 2743 forma
1619 2705 1809 2754 predicta,
1832 2709 1870 2743 et
1899 2706 2161 2746 disseisitores
2190 2709 2232 2746 in

535 2769 806 2806 misericordia
833 2773 871 2806 et
899 2769 1074 2817 dampna
1100 2770 1268 2806 reddant
1295 2769 1398 2806 sicut
1426 2768 1535 2817 prius
1564 2768 1671 2805 reddi
1699 2768 1828 2805 solent
1852 2772 1944 2806 ante
1964 2771 2232 2818 provisionem

534 2830 667 2867 istam.
742 2830 784 2868 Si
823 2835 956 2868 autem
996 2832 1247 2879 recognitum
1288 2830 1409 2868 fuerit
1460 2843 1528 2878 per
1573 2829 1739 2866 assisam
1792 2830 1897 2878 quod
1945 2838 2231 2880 conquerentes

535 2891 710 2929 habeant
758 2892 1021 2930 sufficientem
1060 2896 1266 2941 pasturam
1306 2905 1398 2930 cuin
1443 2891 1566 2929 libero
1610 2892 1791 2940 ingressu
1834 2895 1872 2929 et
1915 2905 2088 2941 egressu,
2128 2894 2232 2933 sicut

535 2953 758 3002 predictum
789 2957 860 2999 est,
883 2959 980 2992 tunc
1010 2955 1116 2992 licite
1146 2955 1296 2992 faciant
1327 2954 1394 2991 alii
1425 2953 1682 2991 commodum
1709 2966 1827 2990 suum
1857 2953 1903 2991 de
1931 2955 2089 2993 residuo
2117 2959 2156 2994 et
2185 2957 2232 2995 de

536 3015 661 3052 assisa
689 3015 759 3052 illa
787 3016 971 3053 recedant
990 3016 1138 3065 quieti.
1198 3016 1261 3053 Ita
1290 3016 1494 3065 provisum
1522 3018 1581 3053 est
1610 3018 1648 3052 et
1675 3028 1697 3052 a
1724 3014 1838 3052 nobis
1865 3028 2098 3054 concessum
2125 3019 2230 3067 quod

537 3078 713 3114 dec-etero
752 3089 832 3114 non
872 3081 1033 3115 currant
1072 3091 1190 3115 usure
1229 3081 1368 3116 contra
1416 3077 1591 3126 aliquem
1643 3076 1749 3114 infra
1797 3079 1946 3114 etatem
1990 3079 2229 3117 existentem

536 3152 559 3176 a
610 3142 787 3186 tempore
838 3139 979 3177 mortis
1029 3140 1304 3186 antecessoris,
1359 3140 1474 3188 cujus
1526 3139 1639 3175 heres
1692 3139 1776 3186 ipse
1828 3138 1961 3186 fuerit,
2013 3153 2137 3189 usque
2181 3142 2229 3180 ad

536 3200 760 3249 legitimam
799 3204 945 3238 etatem
986 3214 1126 3247 suam3
1176 3202 1233 3239 ita
1271 3206 1407 3239 tamen
1446 3201 1550 3250 quod
1589 3203 1749 3249 propter
1787 3201 1862 3239 hoc
1900 3214 1981 3238 non
2027 3206 2231 3242 remaneat

537 3262 687 3300 solucio
725 3261 846 3300 debiti
884 3263 1117 3311 principalis
1155 3276 1247 3301 cum
1297 3263 1430 3301 usuris
1479 3265 1572 3300 ante
1621 3265 1793 3299 mortem
1845 3264 2106 3302 antecessoris
2157 3266 2231 3303 sui.

539 3323 594 3361 Et
634 3324 720 3361 ideo
758 3323 830 3361 tibi
870 3324 1111 3372 precipimus
1151 3325 1254 3373 quod
1293 3324 1430 3362 omnia
1469 3323 1646 3372 predicta
1684 3323 1725 3360 in
1765 3323 1884 3372 pleno
1929 3324 2123 3363 comitatu
2162 3330 2232 3364 tuo

539 3385 615 3433 legi
654 3385 775 3423 facias
814 3389 852 3424 et
891 3386 1069 3425 decetero
1108 3385 1280 3424 firmiter
1317 3386 1468 3431 teneri3
1515 3398 1564 3423 ne
1606 3385 1695 3435 quis
1734 3385 1780 3423 de
1818 3385 2012 3424 comitatu
2050 3390 2119 3426 tuo
2160 3401 2231 3437 pro
