2375 3587
212 232 292 272 558
949 253 951 255 ·
1146 233 1332 275 CLOSE
1367 233 1570 276 ROLLS.

1531 329 1702 336 ——

273 354 295 399 1
305 353 416 402 237.

261 420 319 459 [m.
336 418 413 459 4d.]
723 428 758 466 N
762 428 943 468 icholaus
985 429 1158 467 Blundel

724 490 922 530 Robertus
960 492 1007 529 (18
1045 491 1277 530 Nebhemoff
1340 432 1357 538 J*
1392 464 1434 501 in
1464 463 1659 503 comitatu
1688 462 1844 500 Glouc'.

726 577 867 617 Simon
907 579 954 617 de
993 579 1158 617 Cocton'

725 640 965 686 Willelmus,
1007 640 1251 679 senescallus
1335 583 1353 748 }
1390 639 1431 677 in
1470 638 1667 678 comitatu
1708 637 1927 688 Wigornie.

775 703 822 740 de
861 702 1066 741 Evesham

720 789 755 827 N
759 789 909 827 icolaus
947 789 994 827 de
1033 789 1159 838 Capes

726 851 901 900 Rogerug
939 850 1076 889 Dolfin
1334 792 1349 899 }
1390 822 1430 861 in
1459 823 1656 862 comitatu
1684 821 1842 861 Norht'.

616 955 907 992 Essem—Rex
945 954 1102 993 dilectis
1131 958 1170 993 et
1206 953 1392 993 fidelibus
1428 954 1511 993 suis
1551 953 1708 993 Simoni
1736 953 1784 990 de
1814 950 2008 995 Furnell',
2040 948 2213 988 Ricardo

506 1017 683 1062 Bataill’,
722 1020 760 1055 et
800 1017 979 1054 Hamoni
1018 1016 1102 1054 filio
1141 1016 1315 1062 Ricardi,
1356 1016 1542 1054 salutem.
1615 1014 1762 1055 Sciatis
1810 1013 1915 1063 quod
1953 1013 2039 1051 loco
2077 1010 2212 1048 dilecti

504 1082 542 1116 et
589 1079 719 1116 fidelis
776 1078 903 1116 nostri
958 1078 1151 1115 Willelmi
1208 1078 1281 1115 filii
1335 1077 1496 1116 Ricardi
1553 1075 1849 1125 assignavimus
1897 1074 2010 1112 vobis
2058 1072 2209 1111 socium

506 1141 698 1178 dilectum
762 1144 801 1178 et
858 1140 1018 1178 fidelem
1067 1143 1252 1177 nostrum
1322 1139 1540 1177 Ricardum
1607 1138 1794 1176 Mauduit
1859 1137 1909 1175 ad
1966 1135 2210 1174 tricesimam

507 1206 686 1240 nostram
745 1202 785 1239 in
839 1202 1035 1240 comitatu
1088 1202 1230 1239 Essex‘
1292 1201 1547 1239 assidendam
1595 1204 1634 1239 et
1680 1199 1961 1248 colligendam,
2011 1210 2056 1235 eo
2107 1196 2212 1247 quod

504 1268 661 1314 oportet
722 1264 923 1313 prefatum
986 1264 1239 1301 Willehnum
1290 1263 1380 1301 aliis
1438 1263 1614 1312 negociis
1664 1262 1813 1300 nostris
1863 1261 2083 1299 intendere.
2155 1259 2210 1296 Et

506 1328 592 1365 ideo
626 1327 738 1365 vobis
788 1327 1030 1364 mandamus
1075 1326 1179 1376 quod
1233 1326 1319 1364 loco
1374 1326 1500 1375 ipsius
1553 1324 1747 1363 Willelmi
1802 1325 1934 1372 ipsum
1993 1322 2208 1360 Ricardum

505 1391 658 1429 socium
706 1390 754 1428 ad
804 1390 877 1427 hoc
935 1389 1177 1427 admittatis.
1265 1389 1380 1426 Teste
1429 1401 1518 1437 rege
1567 1387 1672 1437 apud
1723 1385 1970 1429 wudestok',
2020 1385 2099 1422 xix.
2148 1384 2210 1422 die

505 1452 692 1501 Augusti.

612 1556 695 1594 Rex
734 1555 957 1594 vicecomiti
998 1555 1153 1599 Essex',
1195 1554 1381 1592 salutem.
1459 1553 1571 1593 Scias
1609 1557 1684 1592 etc.
1726 1557 1769 1591 ut
1817 1565 1949 1602 supra.
2022 1552 2078 1590 Et
2122 1551 2211 1589 ideo

504 1618 576 1657 tibi
616 1618 858 1668 precipimus
896 1617 1001 1667 quod
1044 1616 1199 1666 prefato
1252 1616 1422 1655 Ricardo
1467 1615 1654 1654 Mauduit
1703 1615 1789 1654 loco
1838 1614 1965 1664 ipsius
2015 1612 2209 1651 Willelmi

504 1694 596 1720 cum
645 1680 834 1730 predictis
891 1679 1008 1718 sociis
1064 1679 1147 1717 suis
1203 1679 1253 1716 ad
1310 1678 1384 1717 hoc
1442 1678 1494 1716 sis
1548 1678 1764 1716 intendens
1816 1677 1857 1714 in
1906 1677 2035 1714 forma
2086 1687 2206 1724 quam

504 1743 800 1782 mandavimus.
860 1742 977 1780 Teste
1007 1744 1052 1779 ut
1090 1754 1223 1790 supra,

612 1849 697 1886 Rex
736 1847 904 1886 Ricardo
943 1846 1128 1885 Mauduit
1168 1846 1353 1884 salutem.
1415 1844 1562 1883 Sciatis
1601 1844 1707 1894 quod
1747 1843 1833 1882 loco
1875 1846 1948 1883 etc.
1990 1846 2034 1881 ut
2076 1855 2208 1892 supra,

504 1912 559 1950 Et
596 1912 683 1949 ideo
722 1910 834 1948 vobis
872 1910 1116 1947 mandamus
1155 1913 1342 1958 rogantes
1381 1907 1572 1957 quatinus
1618 1907 1665 1944 ad
1720 1907 1944 1956 predictum
1996 1905 2207 1954 negocium

502 1978 685 2013 nostrum
725 1972 1017 2022 expediendum
1057 1971 1105 2009 ad
1145 1971 1403 2008 commodum
1443 1970 1598 2019 regium
1640 1970 1680 2006 in
1717 1969 1846 2007 forma
1879 1981 2001 2018 quam
2042 1967 2208 2017 prefatis

503 2037 620 2076 sociis
674 2035 818 2074 vestris
873 2034 1157 2072 mandavimus
1206 2046 1287 2071 una
1334 2046 1425 2071 cum
1474 2032 1572 2081 ipsis
1624 2032 1840 2081 diligenter
1888 2030 2104 2075 laboretis3
2152 2029 2209 2068 ita

502 2100 608 2150 quod
655 2111 702 2137 ex
753 2110 798 2135 eo
850 2096 994 2135 merito
1050 2095 1341 2134 commendairi
1391 2094 1553 2144 possitis
1602 2098 1642 2132 et
1693 2093 1940 2142 multiplices
1993 2096 2126 2142 grates
2182 2105 2205 2130 a

502 2162 617 2201 nobis
656 2164 856 2210 reportare
890 2158 1081 2197 debeatis.
1141 2158 1221 2196 Nec
1252 2171 1370 2204 grave
1410 2157 1522 2195 vobis
1560 2157 1743 2194 videatur
1783 2156 1989 2194 intendere
2030 2155 2207 2204 predicto

501 2224 678 2274 negocio,
714 2223 808 2272 quia
846 2221 1023 2259 laborem
1059 2228 1239 2258 vestrum
1289 2220 1346 2258 ita
1395 2219 1654 2268 respiciemus
1703 2219 1750 2257 de
1799 2218 1976 2256 denariis
2030 2217 2206 2267 predicte

501 2301 592 2326 xxx.
632 2286 737 2337 quod
776 2297 857 2323 non
894 2283 1087 2322 debebitis
1126 2283 1167 2320 in
1216 2283 1401 2332 expensis
1450 2286 1637 2332 reputare
1688 2295 1756 2320 vos
1804 2284 2004 2331 gravatos·
2091 2281 2207 2319 Teste

503 2354 546 2389 ut
578 2363 710 2399 supra.

612 2459 687 2495 Pro
724 2458 892 2505 episcopo
931 2453 1403 2504 Elyensi.—Consimiles
1440 2452 1605 2491 letteras
1644 2451 1787 2490 habuit
1826 2451 1997 2490 directas

717 2517 907 2567 Philippo
944 2517 992 2555 de
1029 2516 1169 2554 Insula
1318 2529 1330 2592 Ἰ

720 2580 898 2618 Henrico
936 2579 1123 2617 Muschet

718 2641 894 2680 Radulfo
931 2641 979 2679 de
1017 2640 1222 2679 Bereford'

716 2704 894 2743 Waltero
931 2703 979 2742 de
1017 2702 1097 2753 Ely

716 2799 888 2848 Egidius
908 2799 956 2836 de
986 2797 1256 2836 Wachesham

718 2861 946 2900 Willelmus
985 2860 1032 2899 de
1071 2859 1281 2897 Burnand'

718 2924 899 2973 Rogerus
936 2923 983 2960 de
1029 2922 1263 2972 Swathyng’

718 2986 914 3025 Ricardus
951 2985 998 3023 de
1035 2984 1255 3023 Ketleshal'

1400 2550 1450 2588 ad
1524 2549 1770 2588 tricesimam
1845 2549 1893 2587 de
1968 2548 2083 2587 terris
2167 2550 2206 2587 et

1318 2595 1338 2742 Ῡ
1400 2610 1652 2650 libertatibus
1717 2610 1800 2650 suis
1847 2611 1889 2648 in
1947 2609 2206 2649 comitatibus

1401 2673 1656 2723 Cantebrigie
1694 2676 1733 2711 et
1772 2672 1992 2711 Huntind'.

1398 2893 1653 2932 libertatibus
1710 2893 1794 2932 suis
1850 2893 1893 2931 in
1944 2890 2205 2932 comitatibus

1400 2832 1448 2870 ad
1495 2831 1742 2871 tricesimam
1789 2834 1864 2870 etc.
1914 2831 1962 2869 de
2004 2831 2120 2869 terris
2168 2833 2207 2869 et

1320 2832 1338 3032 1
1401 2956 1513 2995 Norf’
1553 2959 1592 2994 et
1632 2955 1747 2996 Suff’.

718 3144 926 3183 «Iohannes
964 3143 1011 3180 de
1049 3141 1231 3180 Litlebir'
1396 3140 1650 3180 libertatibus
1707 3140 1789 3178 suis
1847 3140 1889 3177 in
1945 3137 2205 3179 comitatibus

716 3081 945 3120 Willelmus
983 3080 1139 3130 Aycrop
1399 3080 1448 3118 ad
1497 3078 1743 3118 tricesimam
1793 3081 1868 3117 etc.
1919 3078 1967 3117 de
2005 3077 2121 3116 terris
2166 3080 2205 3116 et

715 3206 922 3245 Johannes
955 3204 992 3243 le
1023 3204 1170 3254 Moyne
1313 3094 1332 3241 1
1395 3203 1536 3242 Essex’
1576 3205 1614 3241 et
1653 3202 1801 3241 Hertf'.

608 3303 836 3353 Episcopus
905 3299 1094 3351 Elyensis
1158 3298 1302 3337 habuit
1357 3311 1428 3348 per
1494 3311 1534 3337 se
1600 3311 1793 3348 magnum
1851 3296 1967 3337 breve
2023 3297 2205 3348 superius

500 3370 686 3407 notatum
725 3364 923 3403 directum
961 3362 1146 3414 episcopo
1181 3360 1446 3411 Cycestrensi.
