2375 3587
277 305 417 351 1235.

274 373 330 411 [m.
350 370 420 411 με]

257 2443 315 2483 [m.
342 2443 409 2484 13.]

1151 174 1334 219 CLOSE
1379 174 1583 218 ROLLs.

624 374 700 409 Pro
733 375 870 411 deamo
910 383 942 412 et
980 376 1145 422 capitul«)
1180 376 1314 411 Sancti
1347 374 1468 411 Pauli
1498 372 1780 411 Lond'.—2—Rex
1811 370 2036 409 vicecomiti
2066 371 2207 410 Essex'

514 434 698 472 salutem.
769 434 879 473 Scias
923 435 1026 484 quod
1076 435 1344 474 concessimus
1393 435 1541 473 decano
1593 436 1631 471 et
1680 432 1857 482 capitulo
1906 432 2044 470 Sancti
2093 432 2208 470 Pauli

513 495 641 533 Lond'
682 500 720 534 et
755 497 1046 536 successoribus
1081 497 1163 535 suis
1194 498 1477 546 inperpetuum
1524 508 1593 544 per
1639 498 1792 533 cartam
1840 497 2034 539 nostram,
2085 507 2206 544 quam

512 557 568 595 cis
606 557 691 595 fieri
729 558 911 604 fecimus,
951 560 1056 608 quod
1095 559 1323 597 manerium
1362 571 1481 596 suum
1528 558 1575 595 de
1614 556 1793 605 Berling'
1834 558 1872 593 et
1915 555 2099 594 homines
2144 555 2206 594 sui

512 619 559 656 de
596 619 733 657 eodem
772 620 952 658 manerio
991 621 1286 670 imperpetuum
1325 619 1407 657 sint
1441 619 1565 668 quieti
1611 618 1657 656 de
1703 617 1822 656 sectis
1861 617 2128 655 comitatuum
2167 620 2206 655 et

512 680 810 719 hundredorum
860 685 899 720 et
955 682 1238 721 misericordiis
1294 694 1433 732 eorum
1499 683 1537 718 et
1599 678 1759 717 auxiliis
1825 677 2106 717 vicecomitum
2167 681 2206 717 et

511 742 789 781 ministrorum
811 756 973 781 suorum
995 748 1032 782 et
1053 743 1236 793 cariagiis
1265 747 1304 781 et
1333 740 1632 792 operationibus
1661 740 1917 779 castellorum
1944 742 1982 778 et
2003 739 2202 789 pontium,

511 807 549 841 et
587 804 633 842 de
672 804 863 853 peccunia
901 805 1030 843 danda
1068 818 1138 854 pro
1167 805 1372 843 forisfacto
1410 804 1456 841 de
1495 803 1670 848 murdro,
1710 801 1920 840 latrocinio
1964 805 2002 840 et
2033 802 2202 851 escapio‚

511 868 548 903 et
579 866 625 903 de
656 866 743 904 visu
775 866 903 904 franci
936 866 1075 915 plegii3
1116 866 1173 904 ita
1203 870 1339 904 tamen
1373 865 1478 915 quod
1508 864 1675 914 predicti
1709 864 1884 902 decanus
1913 866 1952 901 et
1980 863 2203 913 capitulum

510 929 547 964 et
587 940 830 965 successores
868 928 929 965 sui
970 928 1100 965 visum
1142 927 1271 966 franci
1310 927 1431 976 plegii
1471 926 1622 964 faciant
1662 925 1729 963 ubi
1768 925 1877 963 visus
1916 925 2042 963 franci
2080 925 2202 975 plegii

509 988 594 1026 fieri
629 990 834 1027 consuevit
873 990 914 1027 in
954 990 1091 1028 eodem
1132 990 1314 1028 manerio
1354 989 1401 1026 de
1440 987 1675 1026 hominibus
1715 987 1797 1026 suis
1826 987 2004 1037 ejusdem
2034 987 2204 1026 manerii

509 1062 642 1088 coram
682 1050 829 1090 ballivo
867 1052 1045 1102 ejusdem
1094 1051 1293 1089 hundredi
1332 1051 1381 1088 ad
1414 1051 1488 1089 hoc
1522 1052 1675 1095 vocato,
1710 1049 1742 1087 si
1776 1049 1909 1088 venire
1942 1049 2125 1095 voluerit,
2165 1052 2203 1087 et

509 1111 540 1149 si
571 1112 704 1150 venire
744 1113 930 1158 noluerit,
973 1116 1133 1162 propter
1171 1113 1244 1151 hoc
1277 1125 1357 1151 non
1393 1113 1621 1156 remaneat;
1661 1114 1713 1157 et,
1755 1111 1787 1149 si
1825 1123 1903 1160 qua
1932 1110 2204 1150 misericordia

507 1174 711 1212 emerserit
742 1175 788 1212 de
818 1174 906 1212 visu
936 1175 1063 1213 franci
1094 1175 1214 1224 plegii
1246 1174 1426 1224 predicti,
1449 1173 1723 1212 misericordia
1752 1173 1822 1211 illa
1852 1173 1903 1211 sit
1934 1172 2203 1222 predictorum

507 1235 645 1272 decani
689 1239 727 1273 et
767 1235 960 1285 capituli;
1011 1240 1049 1274 et
1087 1237 1191 1285 quod
1231 1236 1415 1274 homines
1468 1235 1739 1285 predictorum
1778 1235 1919 1273 decani
1958 1238 1998 1273 et
2036 1235 2203 1284 capituli

506 1297 552 1334 de
573 1297 748 1346 predicto
778 1298 957 1335 manerio
986 1298 1066 1336 sint
1096 1298 1378 1348 inperpetuum
1408 1298 1532 1348 quieti
1554 1298 1600 1335 de
1621 1297 1847 1347 wardpeny‚
1869 1297 2203 1347 hundredespeny

506 1362 544 1396 ct
585 1359 900 1409 thethiiigpeiiy;
943 1365 981 1397 et
1020 1360 1124 1409 quod
1172 1360 1337 1409 predicti
1381 1361 1554 1398 decanus
1602 1363 1640 1397 et
1683 1358 1905 1408 capitulum
1945 1358 2121 1397 habeant
2159 1359 2200 1397 in

505 1422 641 1459 eodem
663 1421 842 1459 manerio
874 1435 939 1460 soc
966 1427 1004 1459 et
1036 1436 1112 1467 sac,
1131 1423 1187 1460 tol
1215 1426 1253 1460 et
1286 1423 1409 1468 them,
1438 1422 1721 1472 infangenthef
1751 1425 1790 1459 et
1820 1421 2087 1471 utfangentef.
2146 1422 2201 1459 Et

506 1483 742 1521 mandatum
783 1487 842 1521 est
881 1484 1009 1521 eidem
1048 1485 1153 1533 quod
1193 1485 1414 1533 predictam
1454 1487 1607 1523 cartam
1646 1484 1687 1521 in
1728 1483 1923 1522 comitatu
1953 1497 2025 1522 suo
2054 1483 2130 1533 legi
2161 1486 2201 1522 et

505 1545 701 1594 predictas
747 1545 951 1584 libertates
990 1552 1028 1584 et
1067 1547 1309 1596 quietantias
1357 1547 1454 1597 ipsis
1502 1548 1652 1585 decano
1691 1550 1730 1584 et
1769 1546 1945 1595 capitulo
1984 1549 2022 1584 et
2061 1559 2199 1585 eorum

504 1607 734 1645 hominibus
781 1622 803 1645 a
851 1621 939 1654 rege
997 1609 1221 1647 concessis²⁵³³²
1273 1610 1494 1648 secundum
1544 1613 1724 1648 tenorem
1778 1608 1952 1658 predicte
2000 1612 2107 1647 carte
2144 1608 2200 1647 eis

504 1669 543 1706 in
580 1668 699 1707 bailia
737 1683 808 1706 sua
846 1670 967 1708 faciat
1006 1670 1220 1709 observari.
1281 1671 1397 1709 Teste
1442 1685 1530 1720 rege
1575 1671 1679 1720 apud
1718 1670 1972 1716 Windlesor',
2004 1670 2103 1721 xiiij.
2137 1671 2200 1709 die

502 1730 664 1779 Aprilis.

608 1802 760 1839 Eodem
788 1803 906 1840 modo
936 1802 1122 1841 scribitur
1156 1803 1311 1841 custodi
1344 1803 1507 1841 honoris
1538 1803 1584 1841 de
1613 1802 1723 1852 Reyl’
1755 1806 1792 1840 et
1819 1801 1965 1840 ballivo
2000 1802 2198 1840 hundredi

502 1863 548 1900 de
587 1864 824 1902 Rocheford’
864 1877 934 1913 pro
968 1864 1130 1902 eisdem.
1191 1865 1307 1903 Teste
1347 1869 1391 1903 ut
1431 1878 1563 1914 supra.

614 1962 688 1997 [ἢν
744 1963 924 1998 ll'illelmo
973 1964 1014 1998 «le
1065 1962 1519 2000 Nere'll'.-—Mandatum
1577 1964 1638 1999 est
1701 1961 1823 1999 Tome
1891 1961 1938 1998 de
2010 1961 2197 1999 Sanford'

500 2022 603 2070 quod
642 2036 710 2071 per
748 2023 879 2061 visum
926 2023 1227 2062 forestariorum
1275 2028 1313 2062 et
1358 2023 1639 2062 viridariorum
1689 2023 1898 2073 permittat
1948 2022 2196 2061 Willelmum

500 2084 546 2121 de
584 2085 726 2122 Nevill'
767 2098 905 2134 capere
945 2085 985 2123 in
1026 2085 1143 2125 bosco
1183 2100 1253 2124 suo
1292 2086 1452 2135 proprio
1489 2086 1537 2124 de
1573 2085 1842 2124 Chelewurth’
1888 2085 1929 2122 in
1972 2083 2093 2123 bailia
2127 2098 2199 2124 sua

500 2151 587 2184 octo
636 2147 824 2193 fure-hias,
875 2161 941 2185 sex
988 2149 1171 2197 pandnas
1218 2151 1257 2186 et
1319 2148 1529 2196 sexaginta
1587 2149 1827 2186 cheverones
1884 2147 1933 2185 ad
1994 2148 2197 2196 quandam

500 2209 708 2258 grangiam
749 2209 839 2247 inde
879 2210 1103 2248 faciendam
1152 2211 1257 2260 apud
1305 2210 1531 2248 manerium
1580 2223 1697 2248 suum
1745 2210 1792 2247 de
1840 2209 2097 2255 Blakeland’;
2160 2214 2199 2249 et

501 2270 753 2308 meiremium
801 2272 1026 2320 predictum
1076 2273 1162 2310 sine
1220 2273 1495 2322 inpedimento
1536 2272 1705 2311 chimini
1772 2273 1916 2312 abduci
1974 2274 2195 2323 permittat.

502 2332 618 2371 Teste
658 2346 747 2383 rege
786 2335 891 2383 apud
930 2335 1185 2381 Windlesor'‚
1227 2349 1289 2373 xv.
1329 2335 1391 2373 die
1428 2335 1589 2384 Aprilis.

605 2448 695 2484 lm.
758 2449 833 2484 l'ro
869 2449 1009 2497 Ilngsero
1055 2451 1313 2494 wwnabimmi,
1349 2450 1390 2485 de
1436 2450 1632 2486 elemosina
1681 2449 2194 2488 crmstitutcc.---Mandatun]

500 2512 558 2546 est
606 2507 821 2546 baronibus
869 2510 915 2547 de
979 2510 1186 2549 ›Scaccario
1237 2510 1342 2560 quod
1403 2510 1502 2548 duos
1563 2510 1760 2556 denarios,
1811 2524 1909 2561 quos
1970 2511 2197 2549 Willelmus

498 2570 738 2619 Cumpanun
778 2570 946 2620 singulis
993 2572 1111 2610 annis
1157 2572 1357 2622 percipere
1404 2572 1611 2610 consuevit
1659 2572 1701 2610 in
1747 2572 1810 2610 die
1852 2573 1901 2611 ad
1943 2573 2195 2613 Scaccarium

499 2635 683 2670 nostrum
741 2645 808 2682 per
845 2639 1075 2682 preceptum
1116 2638 1299 2672 nostrum
1346 2634 1392 2672 de
1438 2634 1659 2672 elemosina
1697 2638 1835 2673 nostra
1885 2635 2119 2682 constituta,
2157 2639 2196 2674 et

498 2694 564 2744 qui
595 2707 724 2743 nuper
754 2695 793 2732 in
828 2695 912 2733 fata
941 2696 1149 2741 concessit,
1182 2700 1226 2734 ut
1265 2695 1424 2742 dicitur,
1454 2695 1599 2734 habere
1630 2696 1781 2735 faciant
1817 2697 1972 2746 Rogero
2002 2696 2194 2736 Cornubi-

498 2757 595 2801 ensi,
636 2757 823 2795 servienti
864 2758 965 2806 regis
1003 2758 1049 2796 de
1086 2758 1294 2807 panetaria
1361 2758 1476 2807 regis.
1555 2758 1671 2796 Teste
1710 2771 1798 2808 rege
1846 2760 1951 2808 apud
2003 2759 2194 2805 Windes',

499 2832 560 2855 xv.
619 2818 681 2856 die
721 2819 882 2868 Aprilis.

604 2916 683 2951 Pro
733 2916 896 2955 U'altero
946 2916 1438 2954 [vm-taces.—Mandatum
1488 2919 1547 2954 est
1595 2916 1761 2966 Hugoni
1809 2918 1855 2955 de
1903 2918 2043 2967 Kilpec
2090 2917 2195 2967 quod

498 2975 641 3014 habere
680 2976 800 3015 faciat
838 2978 1014 3016 Waltero
1052 2979 1238 3017 Fortaces
1277 2978 1354 3016 tria
1392 2978 1501 3017 fusta
1534 2978 1575 3016 in
1615 2979 1707 3017 haia
1740 2979 1844 3028 regis
1876 2980 1923 3018 de
1956 2980 2107 3025 Heres,
2148 2979 2195 3017 de

498 3038 602 3076 dono
637 3038 752 3086 regis.
830 3039 946 3076 Teste
981 3052 1070 3088 rege
1104 3040 1208 3089 apud
1244 3039 1436 3086 Windes’,
1472 3040 1552 3090 xvj.
1586 3040 1648 3078 die
1683 3041 1847 3090 Aprilis.

610 3135 684 3169 Pro
739 3136 913 3182 magsixtm»
967 3136 1008 3171 lt.
1061 3139 1288 3172 ‹r'›·0.ss‹›test‹›
1335 3137 1443 3173 electa
1492 3137 1765 3182 Lineolniensi,
1796 3138 1838 3173 de
1895 3136 2194 3174 wislam—Rex

498 3194 682 3232 electioni
713 3194 815 3232 facte
855 3196 901 3232 de
942 3196 1137 3244 magistro
1178 3197 1225 3234 R.
1250 3198 1498 3236 Grosseteste
1527 3197 1568 3235 in
1599 3197 1830 3247 episcopum
1864 3197 2192 3236 Lincolniensem

497 3267 705 3293 assensum
754 3255 938 3294 adhibuit
985 3262 1023 3294 et
1071 3257 1261 3296 favorem.
1345 3258 1400 3296 Et
1448 3258 1686 3297 mandatum
1734 3262 1793 3297 est
1839 3258 1876 3296 J.
1926 3258 2193 3297 Bathoniensi

1237 3356 1250 3370 *
1262 3331 1326 3386 *sio
1343 3353 1377 3384 in
1392 3354 1465 3387 MS.
