2375 3587
202 159 282 199 106

255 289 397 334 1235.

265 354 324 394 [m.
352 354 400 393 9.]

1130 160 1315 204 CLOSE
1361 160 1564 204 ROLLS.

606 357 680 392 Pro
725 357 912 393 willelma
952 358 994 393 (le
1031 357 1440 394 Hantecumh'.—Rex
1479 356 1587 394 (ledit
1627 359 1665 394 et
1703 357 1899 395 concessit
1938 370 2008 406 per
2045 360 2197 396 cartam

494 428 607 453 suam
641 416 844 455 Willelmo
877 417 923 455 de
955 417 1251 456 Huntercumb’
1291 418 1463 466 placiam
1499 417 1612 455 illam
1650 430 1726 466 que
1764 421 1929 456 vocatur
1967 418 2197 467 Haselgrof‚

491 480 530 514 et
568 476 732 515 boscum
771 478 873 527 regis
911 479 979 528 qui
1017 482 1183 517 vocatur
1221 478 1494 527 Kingeswud’,
1535 491 1558 515 a
1597 482 1702 516 terra
1741 479 1867 528 ipsius
1906 479 2101 517 Willelmi
2153 481 2198 517 de

493 538 785 577 Huntercumb'
821 553 946 588 usque
978 539 1151 577 Aldebir’
1185 553 1253 588 per
1284 542 1411 577 metas
1445 539 1538 577 ville
1574 539 1621 576 de
1653 540 1821 577 Ewelm’
1854 543 1893 578 et
1930 541 1978 578 de
2012 540 2198 579 Aldebire

489 612 626 637 versus
679 604 862 638 austrum
919 601 1025 639 infra
1076 601 1248 650 Rading’
1301 614 1466 651 weyam,
1536 614 1611 650 que
1668 601 1880 639 continent
1938 604 2100 640 centum
2159 605 2198 640 et

485 662 785 710 quatuordecim
812 675 922 701 acras
953 676 1020 712 per
1045 663 1239 712 perticam
1265 663 1380 711 regis,
1403 666 1448 700 ut
1476 676 1543 700 rex
1568 663 1768 700 intellexit
1799 676 1867 712 per
1888 663 2193 713 inquisitionem

490 722 583 761 inde
630 723 778 762 factam
826 737 895 773 per
941 727 1173 773 preceptum
1222 724 1339 773 regis,
1386 723 1571 762 habenda
1618 726 1658 761 et
1706 725 1881 762 tenenda
1928 725 1974 763 de
2023 738 2112 775 rege
2159 729 2198 764 et

489 785 701 823 heredibus
739 786 821 823 suis
859 786 933 824 sibi
973 790 1012 824 et
1051 786 1263 824 heredibus
1304 786 1387 824 suis
1424 787 1721 835 inperpetuum,
1753 786 1953 825 reddendo
1984 787 2076 825 inde
2114 787 2197 837 regi

491 849 530 884 et
567 846 778 885 heredibus
817 848 899 885 suis
931 848 1013 896 ipse
1045 851 1083 885 et
1117 848 1280 886 heredes
1313 848 1373 885 sui
1406 861 1533 885 unum
1564 861 1636 897 par
1665 848 1881 886 calcarium
1912 849 2197 887 deauratorum

490 909 660 957 singulis
720 909 837 947 annis
902 910 950 947 ad
1016 910 1172 948 Pascha
1236 923 1307 959 pro
1386 909 1496 947 omni
1564 910 1736 956 servitio,
1804 911 2093 949 consuetudine
2158 914 2197 949 et

487 971 697 1008 demanda.
767 971 973 1009 Concessit
1023 972 1146 1009 etiam
1198 972 1233 1009 ei
1272 985 1339 1009 rex
1390 984 1461 1021 pro
1510 984 1550 1009 se
1597 975 1636 1009 et
1688 971 1900 1010 heredibus
1955 973 2035 1011 suis
2092 973 2197 1022 quod

490 1032 572 1081 ipse
611 1035 649 1070 et
687 1032 850 1070 heredes
889 1033 949 1070 sui
988 1033 1208 1081 predictam
1248 1033 1418 1082 placiam
1472 1037 1510 1071 et
1563 1033 1729 1071 boscum
1784 1033 2007 1082 predictum
2042 1034 2198 1083 possint

490 1094 670 1132 claudere
722 1095 872 1133 fossato
928 1098 967 1132 et
1019 1095 1111 1133 haia
1163 1099 1201 1133 et
1259 1098 1452 1133 essartare
1509 1098 1547 1133 et
1592 1096 1768 1133 excolere
1809 1099 1847 1133 et
1903 1096 2070 1134 omnino
2126 1109 2197 1146 pro

489 1156 695 1194 voluntate
733 1169 804 1193 sua
842 1156 934 1194 inde
974 1156 1196 1206 disponere,
1233 1161 1272 1195 et
1310 1158 1414 1206 quod
1454 1157 1529 1206 ipsi
1578 1157 1734 1195 nullam
1774 1161 1920 1196 sectam
1960 1158 2110 1196 faciant
2148 1159 2197 1196 ad

489 1218 640 1256 curiam
680 1218 849 1255 manerii
888 1218 990 1266 regis
1029 1219 1075 1256 de
1125 1218 1334 1256 Besinton'
1390 1219 1545 1257 ratione
1594 1219 1761 1268 predicti
1819 1220 2053 1265 tenementi‚
2093 1220 2197 1258 sicut

488 1278 645 1328 plenius
701 1279 930 1317 continetur
985 1279 1027 1317 in
1085 1283 1193 1318 carta
1250 1280 1354 1329 regis
1411 1293 1532 1329 quam
1608 1281 1643 1318 ei
1702 1280 1794 1318 inde
1834 1281 1919 1318 fieri
1973 1281 2081 1319 fecit.
2140 1282 2195 1320 Et

489 1341 728 1379 mandatum
767 1345 826 1379 est
865 1342 1094 1390 Engelardo
1132 1343 1179 1379 de
1220 1343 1359 1391 Gigon'
1401 1344 1505 1393 quod
1543 1343 1590 1381 de
1628 1343 1758 1392 placia
1796 1343 1973 1392 predicta
2010 1347 2049 1382 et
2080 1343 2196 1383 bosco

490 1403 665 1451 predicto
720 1403 847 1440 eidem
907 1403 1110 1441 Willelmo
1166 1404 1327 1453 plenam
1380 1404 1568 1442 seisinam
1618 1404 1764 1443 habere
1828 1405 1962 1451 faciat,
2016 1408 2054 1443 et
2092 1406 2196 1455 quod

486 1463 710 1513 predictum
750 1464 1000 1502 Willelmum
1040 1468 1078 1502 et
1117 1465 1281 1504 heredes
1329 1479 1421 1504 suos
1474 1466 1644 1515 placiam
1698 1466 1919 1515 predictam
1957 1469 1996 1505 et
2030 1466 2195 1506 boscum

486 1526 708 1575 predictum
761 1527 942 1565 claudere
1005 1527 1156 1566 fossato
1226 1532 1264 1566 et
1321 1529 1423 1578 haya
1471 1532 1510 1567 et
1574 1532 1769 1567 essartare
1828 1532 1867 1567 et
1924 1529 2101 1568 excolere
2157 1534 2196 1569 et

488 1588 653 1626 omnino
691 1601 762 1637 pro
800 1589 1006 1626 voluntate
1045 1602 1117 1627 sua
1155 1590 1248 1628 inde
1287 1590 1496 1639 disponere
1550 1591 1773 1640 permittat,
1829 1591 1932 1629 sicut
1971 1592 2195 1640 predictum

489 1654 561 1688 est.
621 1650 736 1687 Teste
777 1654 822 1687 ut
861 1663 994 1699 supra.

602 1738 674 1773 l’ro
723 1738 899 1774 ,salmane
956 1740 999 1773 «le
1058 1740 1261 1786 Henaelz'njles
1314 1747 1346 1775 et
1403 1741 1554 1776 Amlm’a
1613 1741 1655 1776 fle
1714 1740 2072 1787 ll⁷z7c¹1›12b’.—Qilia
2128 1754 2195 1779 rex

488 1799 717 1837 Johannem
752 1800 799 1837 de
838 1800 1073 1849 Bendenges
1112 1804 1150 1838 et
1190 1801 1394 1839 Andrean]
1434 1802 1480 1839 de
1517 1801 1739 1848 Wicumbe‚
1780 1802 1848 1852 qui
1887 1803 1993 1853 capti
2033 1803 2196 1841 fuerunt

488 1865 527 1899 et
574 1861 616 1898 in
664 1861 827 1910 prisona
874 1862 976 1911 regis
1024 1862 1177 1900 detenti
1225 1876 1296 1911 pro
1334 1863 1519 1901 incendio
1553 1866 1592 1901 et
1632 1877 1727 1913 pace
1765 1864 1868 1913 regis
1907 1864 2048 1910 fracta,
2091 1866 2196 1903 unde

488 1922 623 1961 rettati
669 1924 841 1968 fuerunt,
883 1923 985 1961 tradi
1028 1923 1122 1961 fecit
1157 1924 1198 1961 in
1239 1924 1407 1962 ballium
1442 1938 1565 1974 usque
1604 1926 1653 1963 ad
1683 1926 1859 1974 primam
1893 1927 2062 1965 assisam
2092 1930 2194 1972 etc.;

487 1985 727 2022 mandatum
757 1987 816 2022 est
845 1984 1145 2023 constabulario
1176 1986 1369 2024 Windles'
1391 1987 1497 2036 quod
1525 1987 1671 2025 catalla
1700 2000 1854 2034 eorum,
1886 2001 1961 2037 que
1990 1989 2196 2027 occasione

488 2046 684 2096 captionis
723 2060 791 2084 sue
830 2048 934 2096 cepit
969 2048 1011 2084 in
1050 2060 1219 2086 manum
1258 2048 1376 2098 regis,
1417 2049 1473 2087 eis
1513 2049 1598 2087 sine
1645 2049 1838 2088 dilatione
1880 2051 2019 2089 reddat
2064 2051 2190 2090 donec

489 2108 536 2146 de
586 2109 762 2157 predicto
815 2109 1000 2148 incendio
1048 2110 1175 2160 quieti
1224 2110 1377 2149 fuerint
1427 2111 1489 2149 vel
1533 2112 1720 2150 convicti.
1791 2112 1908 2151 Teste
1956 2126 2047 2163 rege
2091 2113 2196 2162 apud

492 2170 739 2217 Wudestok‘‚
780 2171 891 2221 xviij.
933 2172 995 2209 die
1035 2171 1162 2210 Junfi.

596 2258 675 2293 Pro
715 2258 876 2305 Hemone
912 2260 953 2294 de
987 2259 1274 2297 vivona—Rex
1305 2259 1523 2297 venerabili
1559 2260 1601 2297 in
1632 2260 1793 2299 Christo
1823 2260 1861 2298 J.
1893 2260 2030 2299 eadem
2061 2261 2196 2311 gratia

486 2318 749 2356 Bathoniensi
806 2319 991 2368 episcopo
1050 2320 1238 2358 salutem.
1328 2321 1475 2360 Sciatis
1538 2322 1657 2371 quod,
1720 2335 1812 2360 cum
1869 2322 1995 2361 assisa
2051 2323 2193 2361 ultime

486 2379 794 2428 presentationis
845 2381 1096 2419 summonita
1149 2384 1253 2419 esset
1305 2381 1346 2419 in
1397 2383 1508 2420 curia
1560 2386 1698 2421 nostra
1754 2396 1888 2421 coram
1944 2383 2102 2421 dilectis
2154 2387 2193 2422 et

485 2440 668 2479 fidelibus
703 2441 851 2480 nostris
890 2441 1070 2481 Jordano
1110 2443 1273 2489 Oliveri,
1315 2444 1489 2482 Roberto
1528 2445 1575 2482 de
1614 2444 1859 2490 Blakeford’,
1902 2445 2108 2483 Willelmo
2146 2446 2193 2483 de

486 2502 650 2541 Draicot
688 2506 726 2541 et
765 2503 969 2542 Willelmo
1007 2504 1091 2542 filio
1140 2505 1319 2550 Henrici,
1370 2518 1467 2555 quos
1519 2507 1567 2544 ad
1619 2507 1694 2545 hoc
1741 2506 1985 2557 justiciarios
2037 2510 2194 2545 nostros

484 2564 791 2614 assignavimus,
846 2565 950 2603 inter
1006 2566 1225 2616 Hugonem
1287 2568 1333 2605 de
1382 2568 1538 2613 Vivon',
1588 2572 1836 2617 querentem,
1886 2572 1924 2607 et
1971 2569 2193 2607 Radulfum

484 2627 615 2664 filium
663 2627 868 2672 Bernardi,
923 2627 1155 2666 Johannem
1205 2629 1253 2666 de
1305 2629 1463 2667 Baalun
1513 2633 1552 2668 et
1601 2630 1759 2667 Audam
1810 2643 1974 2668 uxorem
2022 2631 2107 2680 ejus
2155 2634 2194 2669 et

488 2688 670 2726 Hundr’‘·'³³
726 2689 772 2726 de
823 2689 990 2736 Tudeh’,
1042 2690 1308 2729 deforciantes
1357 2692 1404 2728 de
1462 2691 1630 2730 ecclesia
1687 2692 1735 2730 de
1792 2692 2059 2741 Limington’,
2118 2692 2193 2742 ipsi

488 2750 698 2795 Radulfus,
734 2750 941 2788 Johannes
986 2754 1024 2789 et
1063 2752 1177 2789 Anda
1216 2756 1255 2790 et
1294 2753 1479 2790 Gundr’ffl·
1513 2756 1709 2791 venerunt
1748 2753 1789 2791 in
1829 2754 1967 2791 eadem
2008 2753 2118 2791 curia
2156 2757 2193 2792 et

485 2812 622 2860 quieta
663 2811 938 2850 clamaverunt
980 2812 1108 2850 eidem
1158 2814 1325 2863 Hugoni
1376 2815 1716 2863 presentationem
1763 2828 1877 2853 suam
1928 2815 1977 2853 ad
2025 2816 2192 2853 eandem

485 2873 707 2911 ecclesiam.
766 2873 822 2910 Et
861 2873 948 2911 ideo
987 2873 1099 2912 vobis
1134 2876 1375 2914 mandamus
1414 2877 1532 2925 quod,
1570 2890 1652 2915 non
1686 2878 1870 2915 obstante
1910 2877 2194 2915 reclamatione

485 2935 663 2984 ipsorum
710 2934 884 2980 Radulfi‚
935 2935 1136 2974 -Johannis
1184 2941 1223 2975 et
1271 2938 1384 2976 Ande
1437 2942 1475 2976 et
1529 2938 1702 2984 Gundr',
1752 2939 1801 2976 ad
1852 2938 2192 2987 presentationem

485 2996 611 3045 ipsius
650 2996 837 3044 Hugonis
875 2996 923 3033 ad
962 2997 1182 3045 predictam
1222 2999 1432 3037 ecclesiam
1473 3000 1661 3038 idoneam
1702 3013 1913 3049 personam
1952 3000 2191 3038 admittatis.

489 3057 605 3095 Teste
638 3069 727 3105 rege
766 3057 871 3105 apud
912 3057 1106 3103 Wudest'‚
1147 3059 1227 3097 xix.
1263 3060 1326 3098 die
1365 3060 1494 3098 Junii.

595 3145 674 3181 Pro
713 3144 820 3180 electo
859 3145 900 3180 ‘Ie
939 3145 1134 3183 Mieleseln'.
1152 3146 1279 3184 —Rex
1328 3146 1514 3185 electioni
1562 3148 1665 3186 facte
1715 3148 1762 3186 de
1810 3147 1981 3186 Ricardo
2029 3147 2194 3186 sacrista

486 3205 643 3244 abbatie
681 3205 728 3242 de
766 3204 954 3243 Micheln‘
996 3205 1037 3242 in
1076 3205 1263 3245 abbatem
1303 3208 1482 3258 ejusdem
1521 3209 1599 3248 loci
1639 3209 1794 3258 regium
1834 3208 2020 3247 adhibuit
2057 3222 2190 3247 assen-

486 3280 575 3305 sum
613 3269 652 3305 et
692 3266 883 3304 favorem.
940 3267 994 3304 Et
1033 3266 1273 3305 mandatum
1311 3272 1370 3306 est
1409 3269 1579 3308 Ricardo
1621 3270 1668 3308 de
1707 3270 1746 3307 la
1784 3270 1880 3307 Lad'
1920 3273 1959 3308 et
1997 3270 2079 3307 Ade
2110 3270 2194 3309 filio

1224 3358 1238 3372 ⁸
1255 3356 1311 3388 Sic
1328 3357 1364 3387 in
1382 3356 1454 3388 MS,
