2375 3587
175 340 314 388 1237.

178 408 234 445 [m.
252 406 322 445 3d.]

1055 213 1108 252 21
1156 212 1362 254 HENRY
1404 214 1485 255 ΙΠ.
2030 219 2111 259 563

408 405 614 443 occasione
670 407 978 445 contentionum
1026 421 1100 457 que
1150 408 1255 446 inter
1305 409 1515 446 dominum
1565 423 1695 459 regem
1754 414 1792 449 et
1848 412 1980 460 ipsum
2028 416 2111 450 orte

409 466 573 505 fuerunt
611 468 745 517 aliqua
783 469 970 508 molestia
1008 470 1219 519 irrogetur.
1311 470 1428 508 Teste
1466 474 1511 508 ut
1551 484 1684 520 supra.
1775 472 1850 509 Pei·
1903 473 2109 511 Simonem

408 529 455 567 de
494 529 633 568 Monte
673 530 787 569 Forti
820 534 859 569 61
898 532 960 570 W.
999 532 1046 570 de
1094 532 1302 570 Ferrariis.

516 625 698 663 Matildis
727 639 827 664 uxor
848 626 1013 664 Walteri
1044 628 1090 665 (16
1121 627 1281 665 Milton’
1313 628 1534 665 attornavit
1564 628 1697 676 ipsum
1719 629 1942 667 'Walterum
1972 634 2112 668 contra

407 686 647 725 Nicholaum
686 688 722 726 le
761 688 941 727 Taillour
978 689 1024 727 de
1063 690 1089 740 j.
1130 690 1307 738 mesagio
1347 690 1388 727 in
1425 690 1594 727 Oxonia.

513 783 753 822 Mandatum
793 787 853 822 est
892 785 1117 823 vicecomiti
1157 786 1261 823 War’
1301 788 1339 822 et
1378 785 1486 823 Leic'
1526 785 1632 834 quod
1671 798 1739 834 per
1778 788 1903 823 totam
1943 787 2107 825 balliam

404 857 519 882 suam
571 845 736 883 clamari
786 845 908 884 faciat
960 850 999 884 et
1046 846 1216 884 firmiter
1254 859 1301 884 ex
1349 849 1460 895 parte
1508 847 1611 895 regis
1659 847 1862 895 prohiberi
1914 861 1963 885 ne
2019 850 2107 898 quis

404 907 645 945 sextercium
697 907 781 945 vini
833 906 945 945 rubei
998 908 1129 946 carius
1181 908 1328 946 vendat
1381 921 1504 957 quam
1558 921 1630 957 pro
1683 909 1752 958 xij.
1794 909 1983 955 denariis,
2036 924 2108 948 1166

393 962 644 1007 ¹sextercium
692 969 776 1007 vini
823 969 904 1008 albi
953 970 1099 1008 Gallici
1147 970 1278 1008 carius
1326 983 1447 1019 quam
1487 983 1558 1019 pro
1599 984 1635 1008 x.
1676 971 1877 1013 denariis;
1927 977 1965 1009 et
2004 973 2107 1010 hanc

403 1030 571 1068 assisam
610 1030 694 1069 vini
734 1032 868 1070 taliter
905 1032 1027 1070 faciat
1065 1031 1266 1070 observari
1305 1044 1373 1081 per
1416 1035 1545 1070 totam
1587 1032 1751 1070 balliam
1796 1046 1909 1070 suam
1950 1047 1998 1071 ne
2038 1047 2108 1082 pro

402 1092 561 1131 defectu
600 1093 662 1132 sui
700 1107 768 1132 rex
807 1095 855 1131 ad
894 1107 985 1133 cum
1035 1107 1074 1132 se
1115 1094 1289 1143 graviter
1326 1107 1464 1143 capere
1504 1094 1658 1133 debeat.
1717 1095 1834 1132 Teste
1873 1108 1962 1144 rege
2002 1097 2107 1144 apud

404 1155 560 1202 Norht’‚
601 1155 739 1207 xxviij.
779 1156 964 1206 Augusti.

512 1276 858 1314 Bei·l1r’.-Helena
905 1276 990 1314 filia
1028 1277 1100 1314 Ad'
1141 1276 1188 1314 de
1228 1276 1430 1314 Tedeham
1470 1276 1581 1314 venit
1629 1289 1764 1315 coram
1805 1277 1970 1315 domino
2018 1291 2108 1327 rege

401 1338 508 1387 apud
566 1338 854 1387 Walingeford’
911 1338 973 1376 die
1031 1339 1146 1376 Lune
1203 1339 1387 1387 proxima
1449 1343 1538 1388 post
1601 1339 1749 1376 festum
1808 1340 2108 1389 Assumptionis

400 1401 522 1438 Beate
561 1401 687 1439 Marie
735 1403 773 1438 et
821 1401 1039 1450 appellavit
1088 1400 1235 1438 ibidem
1278 1401 1529 1438 Willelmum
1570 1401 1605 1439 le
1645 1401 1757 1439 Clerc
1794 1401 1841 1438 de
1881 1402 2107 1452 Hanimeya

400 1461 447 1499 de
485 1474 580 1511 pace
618 1462 773 1500 domini
812 1463 915 1511 regis
958 1462 1100 1500 fracta.
1187 1462 1242 1500 Et
1291 1461 1412 1500 habet
1460 1462 1565 1500 diem
1616 1462 1708 1500 inde
1756 1475 1891 1500 coram
1941 1464 2106 1502 domino

401 1536 491 1573 rege
529 1525 635 1574 apud
674 1525 804 1563 Lond'
843 1525 885 1562 in
924 1524 1101 1563 crastino
1138 1523 1392 1562 Animarum.

507 1628 592 1666 Rex
630 1628 857 1667 vicecomiti
896 1628 1018 1674 Norf’,
1060 1628 1245 1665 salutem.
1308 1627 1572 1676 Significante
1616 1627 1731 1665 nobis
1769 1628 1934 1666 domino
1974 1629 2105 1678 legato

400 1691 448 1728 ad
488 1703 561 1729 nos
609 1690 791 1739 pervenit
829 1691 934 1740 quod
982 1702 1073 1728 cum
1125 1690 1301 1727 Thomas
1340 1689 1386 1726 (16
1424 1689 1627 1735 Gernem',
1677 1693 1913 1738 procurator
1952 1690 2105 1729 Thoine

399 1753 446 1791 de
486 1752 638 1802 Stipit'‚
670 1753 834 1791 rectoris
873 1752 1036 1791 ecclesie
1074 1752 1121 1790 (16
1154 1751 1389 1801 Kyneburl‘,
1425 1754 1530 1789 esset
1570 1751 1611 1788 in
1652 1752 1903 1800 possessione
1942 1753 2105 1791 ecclesie

399 1815 574 1864 predicte
627 1815 792 1853 nomine
848 1815 1029 1865 ejusdem
1083 1814 1251 1859 Thome,
1308 1813 1428 1862 Hugo
1481 1814 1527 1850 de
1582 1813 1775 1863 Bylneya,
1831 1814 2012 1860 clericus,
2067 1819 2105 1852 et

398 1877 562 1926 quidam
592 1877 662 1915 alii
690 1877 906 1926 complices
936 1877 1011 1921 sui,
1042 1888 1142 1925 quos
1172 1876 1277 1913 idem
1308 1875 1465 1924 legatus
1495 1875 1591 1913 dicit
1620 1888 1704 1913 esse
1735 1877 2105 1915 excommunicatos

397 1940 606 1978 occasione
644 1941 852 1989 cujusdam
886 1938 1159 1978 contentionis
1194 1941 1302 1976 mote
1341 1950 1459 1986 super
1497 1938 1604 1975 dicta
1643 1937 1821 1983 ecclesia,
1854 1938 1904 1975 ad
1938 1939 2103 1977 eandem

397 2003 605 2041 ecclesiam
639 2015 767 2052 nuper
800 2015 893 2040 cum
932 2001 1054 2039 armis
1093 2000 1300 2038 venientes
1335 1999 1376 2036 in
1411 2012 1499 2037 eam
1533 1999 1730 2037 violenter
1764 2013 1804 2037 se
1840 1999 2104 2046 intruserunt,

397 2068 436 2103 61
474 2065 646 2103 eundem
685 2064 875 2103 clericum
915 2063 1159 2113 expellentes
1207 2062 1248 2099 in
1296 2075 1341 2100 ea
1388 2062 1426 2099 vi
1467 2064 1505 2099 et
1545 2062 1669 2099 armis
1709 2075 1749 2099 se
1788 2064 1927 2100 tenent
1966 2068 2104 2101 contra

397 2140 535 2177 pacem
575 2130 756 2165 nostram
795 2130 833 2164 et
872 2126 1027 2164 fructus
1074 2127 1256 2163 extantes
1294 2126 1455 2162 vastant
1493 2126 1531 2162 et
1569 2128 1829 2162 consumunt.
1916 2125 1971 2162 Et
2019 2126 2105 2164 ideo

397 2188 471 2227 tibi
518 2188 761 2238 precipimus
809 2188 913 2237 quod
962 2187 1003 2224 in
1051 2185 1210 2235 propria
1257 2198 1428 2234 persona
1475 2188 1545 2223 tua
1597 2185 1759 2223 accedas
1806 2186 1854 2223 ad
1904 2186 2104 2235 prefatam

395 2252 605 2291 ecclesiam
643 2251 691 2289 de
729 2250 962 2301 Kyneburl',
1003 2252 1041 2287 et
1079 2262 1126 2287 ex
1164 2250 1277 2297 parte
1316 2251 1453 2285 nostra
1491 2248 1599 2285 dicas
1648 2247 1726 2285 illis
1774 2248 1841 2297 qui
1890 2248 1931 2285 in
1971 2262 2015 2286 ea
2063 2262 2103 2287 se

396 2317 536 2353 tenent
565 2314 603 2352 vi
642 2316 680 2351 et
718 2313 855 2357 armis,
894 2312 999 2361 quod
1046 2311 1137 2348 inde
1176 2312 1319 2348 exeant
1357 2313 1395 2347 et
1435 2309 1633 2355 recedant,
1675 2314 1971 2358 procuratorem
2007 2311 2103 2349 dicti

397 2377 550 2415 Thome
583 2376 655 2425 [in]
685 2388 774 2413 eam
794 2374 1055 2412 admittentes
1076 2373 1117 2409 in
1138 2384 1246 2421 pace.
1307 2372 1362 2409 Et
1383 2371 1414 2409 si
1435 2384 1535 2420 quos
1556 2371 1756 2409 inveneris
1778 2371 1850 2409 tibi
1874 2373 2103 2410 resistentes

395 2442 435 2477 61
473 2438 579 2476 exire
610 2437 943 2482 contradicentes,
974 2436 1064 2473 illos
1093 2434 1226 2483 capias
1257 2436 1295 2472 et
1329 2434 1370 2470 in
1407 2433 1567 2483 prisona
1602 2437 1741 2471 nostra
1772 2434 1881 2472 salvo
1912 2435 2103 2472 custodiri

396 2501 519 2539 facias
569 2500 694 2538 donec
750 2499 859 2537 aliud
917 2498 1009 2535 inde
1056 2496 1129 2535 tibi
1177 2496 1482 2545 preceperimus.
1560 2497 1675 2534 Teste
1732 2509 1796 2533 1116
1853 2496 1939 2545 ipso
1997 2498 2101 2546 apud

397 2562 645 2608 Wudestok',
686 2575 750 2599 xx.
791 2561 854 2599 die
893 2560 1079 2610 Augusti.

504 2656 731 2707 Dovergoyl
779 2668 878 2694 uxor
942 2653 1144 2693 Johannis
1208 2652 1256 2690 de
1322 2651 1470 2689 Baillol
1526 2651 1640 2701 ponit
1696 2652 1782 2690 loco
1839 2665 1909 2690 suo
1967 2653 2098 2702 ipsum

395 2721 625 2759 Johannem
673 2719 806 2757 virum
856 2730 974 2756 suum
1021 2720 1060 2754 et
1107 2715 1350 2753 Nicholaum
1398 2715 1445 2752 de
1492 2713 1736 2752 Frankevill'
1786 2715 1835 2751 ad
1882 2716 2100 2763 petendum

395 2782 622 2832 portionem
660 2794 776 2819 suam
815 2781 862 2818 de
897 2779 1014 2817 terris
1051 2790 1127 2827 que
1167 2777 1331 2814 fuerunt
1370 2778 1407 2814 J.
1447 2775 1607 2814 comitis
1647 2775 1799 2814 Cestrie
1839 2780 1877 2814 et
1917 2777 2062 2815 Hunt'.

502 2877 587 2915 Rex
623 2875 856 2926 justiciariis
894 2874 942 2912 de
980 2873 1130 2917 Banco,
1171 2871 1357 2909 salutem.
1436 2870 1581 2909 Sciatis
1628 2871 1732 2919 quod
1778 2871 1977 2920 loquelam
2025 2885 2100 2921 que

394 2941 453 2977 est
500 2938 605 2976 inter
643 2949 715 2975 nos
763 2950 810 2974 ex
853 2948 935 2973 una
982 2937 1094 2984 parte
1141 2937 1180 2970 et
1228 2932 1281 2969 H.
1332 2932 1550 2981 Elyensem
1597 2932 1840 2980 episcopum,
1881 2945 1927 2970 ex
1975 2933 2099 2971 altera

393 3013 512 3050 super
548 3001 766 3048 patronatu
803 2996 964 3035 abbacie
1002 2996 1049 3033 (16
1088 2995 1254 3040 Thorn⁷,
1293 3006 1412 3043 quem
1450 2993 1557 3031 idem
1604 2993 1814 3043 episcopus
1861 2994 2009 3032 clamat
2056 2999 2099 3033 ut

393 3063 457 3113 jus
496 3073 615 3100 suum
653 3060 700 3098 de
737 3060 843 3097 dono
880 3057 1035 3096 domini
1070 3055 1272 3095 Johannis
1303 3055 1417 3105 regis,
1454 3055 1578 3104 patris
1612 3055 1753 3101 nostri,
1794 3055 1908 3105 cujus
1946 3060 2097 3093 cartam

395 3124 486 3162 inde
516 3122 679 3172 profert,
710 3124 748 3159 et
780 3121 886 3158 unde
918 3119 1090 3157 dicimus
1120 3130 1192 3156 nos
1224 3130 1308 3156 esse
1346 3117 1387 3154 in
1419 3116 1681 3166 possessione,
1714 3117 1924 3165 posuimus
1963 3130 2096 3155 coram

393 3185 506 3225 Vobis
543 3198 566 3222 a
604 3184 667 3221 die
708 3182 847 3222 Sancti
900 3180 1110 3219 Michaelis
1162 3180 1203 3217 in
1256 3182 1335 3217 tres
1392 3178 1650 3227 septimanas.
1743 3178 1797 3215 Et
1848 3178 1934 3216 ideo
1986 3179 2098 3217 vobis

393 3247 636 3286 mandamus
674 3244 780 3295 quod
817 3244 867 3282 ad
899 3243 1007 3281 (116111
1045 3242 1163 3280 illum
1201 3241 1373 3280 audiatis
1411 3240 1586 3278 rationes
1626 3243 1664 3277 et
1703 3239 1964 3288 allegationes
1998 3254 2097 3290 quas

391 3309 594 3360 predictus
614 3307 823 3357 episcopus
843 3305 972 3343 dicere
992 3303 1163 3343 voluerit
1183 3315 1254 3353 pro
1274 3305 1388 3351 parte
1409 3314 1494 3347 suo,
1526 3305 1564 3339 et
1586 3301 1758 3338 rationes
1779 3304 1817 3338 et
1838 3301 2096 3351 allegationes

392 3384 490 3422 quas
532 3374 629 3408 tunc
677 3380 747 3417 pro
794 3370 906 3416 parte
955 3368 1091 3404 nostra
1138 3364 1307 3414 proponi
1360 3363 1581 3407 faciemus3
1639 3366 1677 3399 et
1728 3362 1929 3411 loquelam
1984 3364 2095 3402 illam
