2375 3587
266 178 348 220 376

328 301 453 346 1236

316 367 374 405 [m.
407 367 478 406 401]

1197 185 1382 227 CLOSE
1426 183 1631 227 ROLLS.

563 377 637 415 hoc
673 390 767 416 casu
796 378 836 416 in
876 380 1027 429 capite;
1068 383 1107 418 et
1138 380 1170 418 si
1199 380 1306 417 infra
1335 382 1483 418 etatem
1511 379 1676 425 fuerint,
1707 391 1780 417 nos
1808 378 2003 416 habemus
2032 376 2256 416 custodiam

563 451 700 478 earum
738 443 777 478 et
815 441 1087 491 maritagium.
1166 442 1208 480 Si
1247 444 1383 480 autem
1422 441 1470 479 de
1498 441 1577 479 alio
1614 453 1850 490 quocunque
1886 439 2090 479 tenuerint
2136 450 2256 487 quam

562 501 609 539 de
666 502 781 541 nobis
836 507 876 542 et
923 505 1006 553 ipse
1053 517 1204 542 sorores
1261 504 1367 541 infra
1422 506 1570 541 etatem
1628 503 1791 549 fuerint,
1849 503 2038 541 dominus
2093 501 2256 539 illarum

559 563 724 603 habebit
760 566 984 604 custodiam
1023 569 1061 604 et
1099 565 1360 615 maritagium
1400 565 1667 614 singularum,
1709 567 1748 603 et
1786 565 2057 615 primogenita
2095 565 2257 601 tantum

558 625 676 664 faciet
713 627 949 677 homagium
987 628 1151 666 domino
1190 640 1260 676 pro
1298 626 1486 665 omnibus
1524 626 1740 673 sororibus,
1780 630 1819 666 et
1858 627 1934 665 alie
1972 638 2124 665 sorores
2162 638 2254 664 cum

557 688 606 725 ad
670 691 818 727 etatem
883 689 1066 728 venerint
1130 689 1280 728 facient
1336 689 1498 727 servitia
1562 689 1738 727 dominis
1794 689 1899 727 feodi
1955 701 2024 738 per
2087 699 2255 725 manum

554 750 833 800 primogenite,
874 764 945 789 nec
992 751 1138 800 poterit
1185 751 1456 800 primogenita
1493 765 1538 789 ea
1577 751 1785 790 occasione
1823 753 1956 800 petere
1994 764 2017 788 a
2054 749 2255 799 postnatis

554 812 754 850 sororibus
802 813 1035 861 homagium
1075 813 1137 850 vel
1184 813 1408 851 custodiam
1456 813 1517 851 vel
1564 813 1742 862 aliquam
1779 813 1901 851 aliam
1963 812 2255 862 subjectionem

556 875 630 912 hac
679 875 845 921 ratione,
897 875 991 924 quia
1043 888 1134 913 cum
1186 887 1326 913 omnes
1379 887 1531 914 sorores
1587 875 1670 913 sint
1721 875 1835 924 quasi
1889 887 1994 913 unus
2046 874 2160 912 heres
2208 873 2255 910 de

554 936 673 974 unica
724 937 955 982 hereditate,
1010 937 1043 974 si
1091 936 1362 986 primogenita
1412 940 1545 987 posset
1596 937 1742 975 habere
1794 936 2031 986 homagium
2082 935 2254 974 aliarum

553 1011 733 1037 sororum
781 1002 820 1037 et
867 999 1105 1045 custodiam,
1146 1002 1243 1037 tunc
1281 1002 1384 1037 esset
1431 999 1569 1037 eadem
1618 999 1819 1038 hereditas
1865 998 2006 1044 divisa,
2047 998 2103 1036 ita
2149 997 2254 1047 quod

552 1060 820 1109 primogenita
858 1073 968 1099 soror
1006 1060 1118 1099 fieret
1156 1061 1278 1098 simul
1317 1064 1355 1099 et
1393 1061 1516 1099 semel
1555 1061 1602 1099 de
1635 1074 1717 1099 una
1754 1060 1977 1099 hereditate
2015 1060 2178 1099 domina
2215 1061 2254 1097 et

551 1122 677 1166 heres,
719 1122 832 1159 heres
884 1122 1035 1160 scilicet
1084 1135 1153 1160 sue
1200 1122 1326 1171 partis
1383 1126 1421 1160 et
1468 1123 1633 1160 domina
1682 1135 1862 1160 sororum
1910 1134 2099 1166 suarum;
2147 1120 2254 1170 quod

552 1184 713 1232 quidem
761 1184 801 1220 in
841 1184 916 1221 hoc
954 1196 1048 1221 casu
1087 1183 1172 1221 fieri
1220 1197 1301 1221 non
1349 1184 1507 1233 poterit,
1548 1196 1638 1222 cum
1679 1184 1766 1232 ipsa
1811 1183 2082 1233 primogenita
2128 1181 2254 1221 nichil

554 1248 685 1294 petere
734 1246 859 1294 possit
909 1246 1000 1295 plus
1051 1259 1173 1295 quam
1230 1246 1375 1292 minor,
1417 1246 1495 1284 nisi
1553 1246 1722 1295 capitale
1779 1246 2033 1295 mesuagium
2090 1245 2253 1283 nomine

554 1308 765 1346 aesnescie.
843 1308 899 1345 Et
938 1311 1116 1357 preterea
1154 1321 1245 1346 cum
1285 1309 1555 1358 primogenita
1594 1309 1646 1346 sit
1691 1308 1805 1346 heres
1852 1308 2036 1346 omnium
2080 1307 2252 1345 aliarum

553 1383 734 1408 sororum
766 1370 797 1407 si
827 1369 998 1408 obierint
1038 1371 1123 1408 sine
1154 1371 1297 1408 herede
1328 1371 1375 1408 de
1407 1383 1460 1417 se,
1498 1370 1530 1408 si
1562 1370 1650 1419 ipsa
1684 1369 1828 1408 habere
1858 1373 1994 1419 posset
2026 1369 2253 1408 custodiam

551 1444 731 1470 sororum
785 1445 949 1469 suarum
988 1433 1050 1470 vel
1095 1445 1308 1481 puerorum
1356 1445 1536 1478 suorum,
1576 1433 1651 1470 hoc
1696 1435 1800 1470 esset
1844 1431 1957 1481 quasi
1999 1431 2253 1470 committere

551 1506 701 1543 agnum
741 1494 835 1543 lupo
874 1494 1163 1532 devorandum.
1241 1495 1296 1532 Et
1336 1495 1424 1532 ideo
1463 1493 1576 1532 vobis
1614 1494 1858 1531 mandamus
1904 1494 2009 1542 quod
2055 1493 2254 1543 predictas

550 1556 862 1594 consuetudines
910 1556 951 1593 in
998 1557 1073 1594 hoc
1121 1569 1214 1594 casu
1275 1569 1373 1605 quas
1422 1555 1617 1594 habemus
1665 1555 1707 1593 in
1755 1568 1876 1604 regno
1923 1557 2061 1593 nostro
2108 1554 2253 1604 Anglie

553 1618 773 1655 secundum
812 1618 917 1667 quod
955 1618 1179 1666 predictum
1219 1621 1291 1664 est,
1332 1619 1374 1655 in
1414 1630 1537 1667 regno
1576 1620 1715 1655 nostro
1765 1616 1959 1655 Hibernie
2004 1616 2170 1655 clamari
2214 1618 2253 1654 et

552 1678 722 1717 firmiter
760 1680 886 1717 teneri
926 1680 1097 1718 faciatis.
1157 1680 1274 1718 Teste
1313 1693 1403 1729 rege
1442 1680 1548 1728 apud
1588 1679 1768 1729 Noting’,
1810 1692 1902 1716 xxx.
1937 1678 2001 1716 die
2040 1678 2225 1728 Augusti.

660 1775 873 1822 Hylwrnia.
937 1776 993 1812 De
1030 1775 1287 1823 applicatione
1332 1777 1488 1812 narium
1537 1776 1580 1812 in
1628 1781 1729 1811 terra
1771 1777 1819 1812 (γ’.
1859 1775 2003 1811 comitis
2043 1773 2252 1816 136ηόνῖ-

552 1835 635 1874 Rex
673 1836 817 1874 dilecto
856 1839 894 1875 et
928 1836 1036 1874 fideli
1073 1849 1147 1874 suo
1185 1836 1240 1874 M.
1281 1839 1354 1874 etc.
1394 1835 1618 1886 justiciario
1647 1835 1852 1882 Hibernie‚
1885 1835 2072 1874 salutem.
2148 1834 2251 1873 Cum

550 1898 646 1936 villa
684 1901 821 1936 nostra
861 1898 1113 1943 Waterffird’,
1155 1898 1259 1936 sicut
1297 1898 1544 1943 audivimus,
1577 1897 1802 1947 plurimum
1832 1897 2071 1935 deteriorata
2101 1896 2153 1934 sit
2182 1909 2252 1946 per

549 1960 861 2009 applicationem
904 1961 1070 1998 navium
1101 1973 1176 2010 que
1210 1960 1359 1998 omisso
1390 1964 1508 2009 portu
1537 1960 1716 2010 ejusdem
1747 1959 1842 1998 ville
1875 1959 2110 2008 [applicant]
2143 1959 2250 2008 apud

552 2022 632 2060 Ros
670 2026 708 2060 et
746 2022 930 2060 Insulam
970 2023 1011 2059 in
1051 2026 1157 2060 terra
1191 2023 1239 2061 G.
1280 2022 1520 2067 Marescalli,
1558 2022 1720 2060 comitis
1748 2020 1919 2066 Penbr'3
1966 2021 2250 2059 mandavimus

550 2084 677 2122 eidem
713 2084 851 2123 comiti
889 2085 1007 2134 quod,
1055 2097 1146 2122 cum
1185 2085 1294 2122 nulle
1331 2097 1453 2122 naves
1492 2084 1533 2121 in
1583 2087 1688 2121 terra
1724 2096 1797 2121 sua
1835 2083 2014 2131 predicta
2050 2083 2250 2132 applicare

549 2145 720 2184 debeant
759 2146 837 2184 nisi
875 2146 942 2184 ille
987 2146 1241 2184 solummodo
1285 2159 1361 2195 que
1406 2146 1487 2184 sint
1525 2146 1573 2183 de
1612 2148 1718 2183 terra
1766 2157 1839 2183 sua
1888 2144 2048 2194 propria
2096 2147 2135 2182 et
2174 2145 2249 2183 hoc

546 2208 593 2245 de
632 2208 894 2257 permissione
933 2213 1084 2254 nostra,
1119 2207 1321 2258 prohiberi
1370 2207 1491 2246 faciat
1537 2207 1643 2256 quod
1682 2219 1803 2244 naves
1841 2206 1973 2255 alique
2010 2206 2089 2244 nisi
2129 2219 2250 2245 naves

549 2269 762 2307 hominum
800 2282 965 2308 suorum
1003 2270 1050 2308 de
1098 2273 1204 2309 terra
1243 2283 1314 2308 sua
1351 2270 1513 2319 propria
1560 2269 1741 2307 decetero
1779 2281 1860 2307 non
1900 2267 2105 2317 applicent
2143 2269 2249 2317 apud

549 2331 630 2369 Ros
681 2331 743 2370 vel
789 2332 895 2381 apud
941 2331 1125 2370 Insulam
1178 2345 1246 2381 per
1306 2332 1412 2381 quod
1460 2330 1638 2380 predicta
1688 2329 1785 2367 villa
1839 2332 1978 2368 nostra
2022 2329 2247 2378 dampnum

548 2393 752 2435 incurrat:
796 2394 902 2443 quod
938 2394 1017 2431 nisi
1057 2394 1183 2432 facere
1217 2394 1400 2439 voluerit,
1450 2393 1489 2431 id
1535 2405 1602 2442 per
1640 2404 1709 2430 vos
1756 2391 1842 2429 fieri
1881 2391 2116 2430 faceremus.
2192 2392 2248 2430 Et

549 2455 636 2493 ideo
685 2455 798 2493 vobis
845 2456 1088 2494 mandamus
1133 2456 1238 2505 quod
1292 2456 1324 2494 51
1371 2455 1478 2493 idem
1515 2467 1647 2493 comes
1695 2454 1744 2491 ad
1781 2454 2022 2491 mandatum
2061 2456 2246 2492 nostrum

547 2517 860 2566 applicationem
910 2518 1076 2555 navium
1124 2518 1394 2567 predictarum
1433 2516 1662 2566 impedierit
1707 2518 1746 2554 et
1783 2515 2034 2565 prohibuerit
2072 2515 2113 2552 in
2151 2515 2248 2555 locis

548 2578 692 2629 quibus
739 2579 918 2617 videritis
969 2579 1167 2629 expedire,
1221 2580 1387 2618 clamari
1437 2579 1596 2618 faciatis
1649 2580 1688 2616 et
1736 2577 1906 2615 firmiter
1956 2576 2159 2626 prohiberi
2196 2590 2246 2616 ne

548 2641 681 2690 aliqua
730 2641 858 2686 navis,
911 2653 987 2690 que
1031 2654 1113 2680 non
1163 2641 1215 2679 sit
1264 2642 1311 2679 de
1360 2640 1520 2690 propria
1559 2643 1664 2679 terra
1711 2639 1894 2689 ejusdam
1932 2638 2104 2684 comitis,
2140 2640 2246 2688 apud

547 2703 630 2741 Ros
678 2702 741 2740 vel
792 2702 976 2740 Insulam
1023 2702 1222 2751 applicare
1275 2702 1455 2741 decetero
1515 2703 1720 2751 presumat
1774 2713 1893 2749 super
1945 2699 2245 2738 forisfacturam

546 2768 740 2810 nostram,
782 2766 841 2801 set
877 2763 1061 2812 magistri
1097 2764 1263 2802 navium
1298 2764 1468 2801 tendant
1506 2766 1544 2801 et
1587 2762 1777 2802 accedant
1822 2774 1915 2800 cum
1954 2760 2124 2799 navibus
2162 2761 2244 2800 suis

547 2829 585 2864 et
636 2825 892 2863 mercandisis
943 2838 1066 2874 usque
1107 2825 1341 2863 Waterford⁷
1381 2826 1413 2863 si
1451 2824 1652 2863 voluerint
1699 2823 1848 2861 ibidem
1887 2821 2101 2872 negociari‚
2141 2822 2243 2861 sicut

549 2901 588 2925 se
638 2887 745 2936 ipsos
802 2887 1003 2925 voluerint
1052 2887 1291 2936 indempnes
1345 2900 1513 2925 servare.
1609 2887 1726 2924 Teste
1775 2898 1865 2934 rege
1922 2884 2028 2933 apud
2082 2884 2243 2923 Peverel

549 2949 707 2998 Thorp‘,
746 2948 789 2998 ij
830 2949 893 2986 die
933 2948 1194 2997 Septembris.

654 3045 710 3081 Dc
761 3045 888 3080 assisis
938 3057 1027 3080 nore
1078 3045 1270 3081 ‹l'issez’sz'oee
1319 3046 1357 3080 in
1408 3045 1644 3080 comitatibus
1690 3043 1859 3079 Eboraci
1896 3048 1929 3078 et
1976 3042 2242 3078 Norlzumbrie.

544 3105 1068 3144 Ean-<1021»1.—Ma‚ndatum
1126 3108 1185 3143 est
1236 3105 1462 3143 vicecomiti
1518 3103 1690 3142 Eboraci
1745 3103 1851 3152 quod
1903 3114 2043 3140 omnes
2095 3102 2242 3140 assisas

543 3181 643 3207 nove
681 3167 890 3206 disseisine
928 3167 976 3204 de
1011 3167 1206 3205 comitatu
1235 3181 1312 3217 que
1345 3167 1577 3205 aramiande
1620 3168 1715 3204 sunt
1748 3177 1883 3203 coram
1920 3164 2154 3214 justiciariis
2191 3165 2240 3202 ad

545 3230 719 3280 primam
772 3229 940 3267 assisam
989 3231 1062 3267 etc.
1112 3230 1249 3267 venire
1296 3229 1417 3267 faciat
1464 3241 1598 3267 coram
1637 3240 1727 3276 rege
1767 3226 1872 3275 apud
1910 3225 2140 3264 Eboracum
2178 3226 2241 3264 die

546 3291 712 3331 Sabbati
760 3290 943 3340 proxima
991 3293 1080 3339 post
1132 3290 1282 3329 festum
1330 3290 1604 3329 Exaltationis
1654 3289 1800 3328 Sancte
1848 3286 1985 3326 Crucis
2023 3300 2130 3326 anno
2163 3289 2238 3327 etc.

541 3367 605 3391 xx.
683 3353 798 3391 Teste
837 3364 926 3401 rege
964 3352 1069 3401 apud
1108 3352 1470 3398 Pontemfractum,
1516 3351 1574 3400 iij.
1615 3350 1677 3388 die
1718 3347 1979 3398 Septembris.
2163 3358 2166 3359 ’
