2375 3587
213 210 295 251 576

276 339 419 386 1237.

273 405 422 445 Danu

1147 209 1332 251 CLOSE
1377 209 1582 251 ROLLS.

620 403 814 452 Magister
843 404 1055 453 hospitalis
1097 404 1235 443 Sancti
1275 403 1419 441 Lazari
1458 403 1498 440 in
1529 403 1675 451 Anglia
1710 402 1930 440 attornavit
1960 401 2209 440 Clementem

510 465 763 514 capellanum
802 469 943 504 contra
980 466 1211 503 Johannem
1250 465 1297 503 de
1335 465 1569 514 Plumpton'
1600 468 1638 502 et
1677 464 1873 503 Editham
1905 476 2070 501 uxorem
2108 463 2208 513 ejus,

509 529 704 574 petentes,
744 527 792 564 de
829 527 857 577 j.
899 527 1054 576 virgata
1094 530 1196 565 terre
1235 526 1277 564 in
1318 527 1534 575 Burgtun’.

616 621 811 659 Ricardus
856 622 903 659 de
943 622 1049 671 Bray
1096 621 1316 659 attornavit
1363 621 1585 659 Radulfum
1633 621 1668 660 le
1707 620 1856 658 Waleis
1903 622 2043 658 contra
2080 618 2208 656 Adam

509 682 639 720 filium
679 683 851 734 Reg(‘?)‚
892 686 1109 732 petentem,
1151 683 1197 720 de
1236 682 1418 720 manerio
1455 683 1502 720 de
1542 682 1798 720 Roudeclive.

619 778 759 815 Frater
789 776 924 826 Hugo,
955 776 1076 814 abbas
1105 776 1397 822 Cluniacensiffi
1429 777 1651 814 attornavit
1689 776 1940 814 Willelmum
1979 774 2026 812 de
2056 773 2209 811 Otford‘

510 842 549 877 et
588 838 806 876 Radulfum
846 838 975 875 filium
1015 840 1100 887 ejus
1140 839 1180 876 in
1220 838 1300 876 hiis
1328 851 1404 888 que
1434 838 1483 876 ad
1518 851 1652 886 regem
1691 837 1896 886 pertinent,
1935 836 1976 873 in
2015 835 2210 873 comitatu

511 900 784 938 Huntindon’.
869 899 924 938 Et
963 900 1203 938 mandatum
1241 903 1301 938 est
1339 900 1564 938 vicecomiti
1616 899 1721 948 quod
1769 899 1875 948 ipsos
1931 897 1994 935 vel
2040 896 2209 934 alterum

511 963 671 1000 illorum
729 962 778 999 ad
835 962 910 1000 hoc
967 962 1054 1000 loco
1109 962 1235 1011 ipsius
1292 961 1449 1000 abbatis
1507 961 1687 1010 recipiat.
1775 960 1893 998 Teste
1960 971 2050 1007 rege
2107 958 2212 1007 apud

513 1023 776 1073 wigorniam,
818 1024 897 1074 xvj.
937 1023 1000 1061 die
1039 1023 1237 1062 Octobris.

622 1116 969 1156 ]›e1·0n⁷.—Abbas
1016 1117 1063 1155 de
1108 1116 1312 1155 Tavistok'
1363 1121 1401 1155 et
1450 1117 1691 1155 Amauricus
1737 1116 1784 1154 de
1834 1115 1983 1154 Sancto
2030 1114 2215 1152 Amando

512 1182 732 1228 posuerunt
779 1191 820 1216 se
867 1178 908 1216 in
966 1178 1316 1227 perambulacione
1373 1178 1557 1217 facienda
1615 1178 1719 1216 inter
1766 1181 1913 1215 terram
1962 1176 2117 1215 abbatis
2173 1176 2214 1213 in

515 1238 749 1277 Devenebir'
789 1243 828 1277 et
867 1242 1013 1278 terram
1050 1240 1176 1289 ipsius
1216 1240 1421 1278 Amaurici
1461 1240 1502 1277 in
1542 1240 1765 1289 Iplepenn’.

624 1343 946 1381 (r'lom‘'.——Prior
997 1344 1044 1381 de
1097 1344 1311 1395 Lantonay
1363 1344 1583 1383 attornavit
1631 1343 1882 1382 Willelmum
1932 1342 2214 1381 Mar-escallum

514 1410 552 1444 et
592 1406 814 1444 Walterum
867 1405 915 1443 de
977 1406 1119 1444 Glouc’
1168 1410 1310 1445 contra
1350 1407 1546 1455 Egidium
1586 1406 1634 1444 de
1682 1405 1853 1451 Berkel’,
1902 1408 2119 1454 petentem,
2169 1404 2216 1442 de

515 1468 695 1505 manerio
733 1467 780 1504 de
819 1467 1068 1516 Quedesleg'‚
1109 1472 1274 1517 excepta
1312 1468 1574 1507 advocatione
1613 1467 1789 1506 ecclesie.

624 1553 818 1592 Samuell’
853 1554 899 1591 de
933 1554 1112 1592 Winton’
1149 1555 1370 1592 attornavit
1408 1555 1495 1593 loco
1534 1567 1606 1592 suo
1642 1581 2213 1593 ............

517 1644 776 1655 ......
819 1615 923 1653 inter
962 1615 1171 1654 Matheum
1221 1617 1268 1654 de
1315 1617 1434 1666 Islep,
1475 1619 1694 1666 petentem,
1735 1618 1774 1653 et
1821 1616 1953 1664 ipsum
2004 1614 2213 1659 Samuell’,

513 1681 736 1722 tenentem,
775 1677 821 1714 de
859 1677 883 1715 d
925 1706 1543 1718 .............
