2375 3587
276 197 357 237 180

333 318 478 366 1235.

317 386 376 425 [m.
395 385 490 426 11‹z.]

1203 201 1389 244 GLOSE
1434 200 1637 243 ROLLS.

571 395 733 434 Geroldi
769 397 979 447 justiciarii
1018 397 1224 443 Hibernie,
1258 397 1440 446 nequiter
1473 400 1511 435 et
1546 397 1763 434 enormiter
1800 399 1894 435 ante
1931 399 2065 446 portas
2104 396 2262 436 nostras

572 458 919 496 Westmonasterii
956 460 997 497 111
1034 459 1212 508 hospicio
1251 472 1322 496 suo
1360 458 1513 496 occisus
1551 461 1622 504 est,
1657 458 1698 495 in
1737 471 1818 496 non
1856 459 2061 497 modicum
2093 459 2261 498 dedecus

569 523 752 558 nostrum
802 524 840 559 et
890 522 999 571 regni
1056 522 1182 559 nostri
1234 520 1470 558 scandalum
1527 523 1566 558 et
1623 520 1894 569 obproprium.
1954 521 2117 568 Verum,
2167 534 2260 559 cum

571 581 797 619 Willelmus
835 583 881 620 de
921 583 1092 620 Marisco
1129 585 1167 620 et
1206 581 1361 619 familia
1406 594 1489 625 sua,
1530 584 1568 619 et
1608 581 1837 620 Willelmus
1876 582 1922 620 de
1960 582 2087 636 Ponte
2124 583 2259 629 Arch',

568 643 781 692 Philippus
814 645 861 682 de
896 645 1063 689 Dinant,
1097 644 1272 681 Thomas
1303 644 1350 680 de
1382 643 1597 680 Erdinton’
1638 651 1676 681 et
1715 643 1922 682 Johannes
1957 644 2088 683 Gabii-s
2126 636 2262 683 rettati

569 705 649 742 sint
678 706 724 743 de
755 711 881 743 morte
907 706 1096 754 predicta,
1122 705 1190 754 qui
1219 718 1288 753 per
1313 708 1444 753 partes
1474 704 1673 742 Cornubie
1702 718 1826 754 usque
1854 706 1904 743 ad
1933 719 2043 743 mare
2072 706 2258 753 tendunt,

569 770 611 803 ut
645 767 883 816 accepimus,
914 766 1212 805 transfretaturi
1247 767 1295 803 ad
1328 766 1505 804 insulam
1537 767 1583 804 de
1618 767 1844 816 Lumdeye;
1878 767 1990 805 vobis
2020 768 2261 806 mandamus

568 832 754 875 rogantes
784 830 975 878 quatinus
1009 830 1049 865 in
1085 828 1161 866 fide
1195 841 1273 877 qua
1308 828 1423 866 nobis
1458 828 1653 866 tenemini
1687 831 1725 866 et
1757 828 1859 867 sicut
1890 841 1962 867 nos
1996 832 2034 867 et
2067 830 2261 868 honorem

568 896 750 928 nostrum
789 891 969 939 diligitis,
1010 903 1172 928 omnem
1211 903 1332 939 quam
1371 890 1552 939 poteritis
1590 890 1842 939 diligentiam
1881 904 2079 940 apponere
2117 892 2263 931 curetis

568 965 657 989 cum
693 953 834 989 effectu
869 953 917 990 ad
952 952 1149 1001 predictos
1181 952 1430 989 Willelmum
1465 955 1503 990 et
1538 952 1737 990 familiam
1772 965 1901 998 suam,
1935 952 2184 991 Willelmum
2216 955 2263 992 de

567 1014 694 1051 Ponte
731 1015 863 1059 Arch’,
900 1014 1147 1062 Philippum,
1188 1014 1385 1052 Thomam
1425 1017 1463 1051 et
1503 1014 1735 1051 Johannem
1774 1014 1999 1063 capiendos.
2063 1016 2129 1062 Et,
2169 1028 2261 1054 cum

566 1076 670 1125 ipsos
709 1076 904 1125 ceperitis,
945 1076 1053 1114 salvo
1091 1076 1281 1114 custodiri
1319 1076 1477 1114 faciatis
1515 1076 1639 1114 donec
1679 1076 1786 1114 aliud
1821 1089 1843 1113 a
1882 1076 1996 1115 nobis
2036 1090 2154 1126 super
2186 1079 2262 1117 hoc

564 1137 784 1176 habueritis
813 1138 1064 1176 mandatum.
1124 1138 1179 1176 Et
1208 1138 1247 1175 id
1278 1138 1391 1176 nobis
1418 1151 1510 1176 011111
1540 1133 1650 1176 0111111
1682 1152 1760 1188 qua
1790 1139 1973 1187 poteritis
2003 1139 2262 1178 festinatione

565 1200 663 1237 scire
711 1200 881 1241 faciatis,
930 1200 1064 1237 taliter
1110 1213 1178 1238 vos
1226 1200 1420 1238 habentes
1473 1200 1514 1237 in
1564 1201 1639 1238 hac
1688 1204 1799 1249 parte
1850 1201 1956 1250 quod
2007 1201 2261 1251 diligentiam

564 1266 736 1300 vestram
771 1262 819 1298 ad
859 1262 932 1299 hoc
967 1262 1191 1311 appositam
1227 1263 1371 1300 merito
1409 1262 1623 1300 debeamus
1662 1263 1957 1301 commendare.
2018 1264 2133 1302 Teste
2170 1277 2259 1314 rege

564 1324 669 1373 apud
708 1324 1126 1369 Westmonasterium‚
1168 1325 1247 1374 xvj.
1288 1324 1350 1362 die
1389 1324 1501 1362 Maii.

668 1402 822 1440 Eodem
862 1403 980 1439 modo
1018 1402 1259 1440 mandatum
1302 1406 1362 1440 est
1410 1402 1635 1441 vicecomiti
1675 1402 1831 1449 Glouc’,
1871 1415 1916 1440 eo
1953 1406 2118 1452 excepto
2156 1405 2262 1454 quod

565 1465 609 1502 fit
662 1465 814 1502 mentio
865 1464 903 1501 111
953 1464 1098 1502 litteris
1150 1464 1396 1502 vicecomitis
1445 1465 1549 1513 quod
1597 1465 1770 1502 tendunt
1819 1478 1955 1503 versus
2002 1468 2163 1514 portum
2215 1468 2263 1505 de

564 1527 804 1573 Austeclive,
841 1527 895 1564 sic
930 1527 1227 1564 transfretaturi
1261 1527 1309 1564 ad
1345 1528 1519 1565 insulam
1554 1528 1788 1576 predictam,
1817 1531 1855 1565 et
1894 1528 1999 1578 quod
2037 1529 2261 1577 predictum

563 1593 722 1638 portum
761 1594 799 1627 et
838 1589 1068 1637 passagium
1108 1588 1226 1626 ballie
1265 1602 1333 1627 sue
1372 1589 1572 1628 custodiat
1610 1593 1684 1627 010.
1757 1589 1874 1628 Teste
1912 1592 1956 1627 ut
1995 1603 2127 1639 supra.

671 1671 768 1706 Fere
816 1668 855 1705 in
905 1669 1035 1705 forma
1082 1667 1130 1705 R.
1180 1669 1317 1706 comiti
1366 1668 1565 1706 Cornubie
1605 1668 1754 1706 directa
1794 1668 1982 1706 scribitur
2020 1669 2083 1707 W.
2123 1670 2261 1709 comiti

564 1730 778 1768 Warennie
825 1730 872 1767 de
920 1729 1096 1767 Waltero
1146 1729 1413 1776 Sandcmedl',
1464 1730 1686 1768 Eustachio
1734 1730 1882 1768 Cumin
1922 1734 1961 1769 et
2003 1731 2177 1770 Henrico
2215 1733 2262 1771 de

564 1792 830 1830 Columba-riis
913 1792 1017 1841 quod
1092 1792 1198 1829 idem
1273 1804 1405 1830 comes
1480 1791 1733 1840 diligentiam
1800 1795 1976 1842 apponat
2041 1793 2090 1830 ad
2155 1793 2262 1844 ipsos

563 1855 874 1904 intercipiendos
913 1857 987 1892 etc.

671 1933 725 1970 Et
764 1931 836 1970 sub
875 1932 950 1969 hac
988 1931 1118 1969 forma
1156 1931 1381 1970 vicecomiti
1421 1932 1533 1970 Norf'
1574 1934 1611 1970 et
1662 1932 1775 1971 Suff‘.
1870 1932 1986 1971 Teste
2034 1935 2078 1972 ut
2127 1947 2260 1984 supra.

565 1997 631 2033 Set
668 2008 748 2033 non
788 1994 834 2032 fit
881 1993 1034 2031 mentio
1071 1994 1117 2031 de
1157 1994 1500 2032 transfretatione.

672 2074 726 2111 Et
776 2076 913 2122 postea
960 2073 1001 2109 in
1054 2072 1184 2110 forma
1234 2073 1453 2122 prescripta
1503 2072 1690 2111 scribitur
1742 2073 1914 2123 singulis
1960 2074 2261 2114 vicecomitibus

564 2136 705 2185 Aug-lie
735 2135 840 2184 quod
869 2134 1121 2183 diligentiam
1153 2137 1358 2183 apponant
1388 2135 1436 2172 ad
1466 2135 1706 2184 capiendum
1735 2135 1983 2173 Willelmum
2013 2137 2060 2174 de
2089 2137 2261 2177 Marisco

562 2204 600 2236 et
630 2198 829 2235 familiam
860 2210 973 2234 suam
1004 2199 1042 2233 et
1064 2196 1315 2234 Willelmum
1346 2198 1393 2235 de
1422 2197 1548 2235 Ponte
1578 2197 1710 2243 Arch',
1742 2197 1976 2247 Philippum
2006 2198 2053 2237 de
2079 2199 2258 2250 Dynant,

563 2261 761 2298 Thomam
827 2259 873 2297 110
931 2258 1161 2304 Ε1(11111011’,
1221 2259 1451 2297 -Johannem
1507 2258 1651 2305 (labus,
1720 2260 1944 2298 Walterum
2013 2260 2258 2310 Sancmedl',

563 2322 831 2360 Eustachium
871 2320 1017 2359 Cumin
1057 2323 1095 2358 et
1135 2320 1358 2359 Henricum
1397 2322 1443 2360 de
1483 2320 1762 2368 Columbariis,
1798 2322 1866 2371 qui
1904 2323 2040 2360 rettati
2079 2327 2174 2363 sunt
2213 2325 2260 2363 de

563 2388 690 2422 morte
729 2385 919 2433 predicta.

671 2464 909 2501 Mandatum
949 2466 1008 2500 est
1046 2461 1205 2499 ballivis
1243 2465 1381 2511 portus
1420 2463 1540 2501 Dovr'
1580 2458 1685 2512 quod
1723 2464 1962 2512 permittant
2000 2465 2259 2504 transfretare

563 2525 786 2563 Grerardum
860 2525 1062 2571 clericum,
1142 2538 1352 2575 personam
1427 2525 1590 2563 ecclesie
1664 2526 1711 2563 de
1787 2525 2107 2576 Wassingbrug‘‚
2166 2540 2258 2566 cum

562 2587 809 2633 hominibus,
847 2588 958 2636 equis
991 2592 1030 2626 et
1060 2587 1244 2626 hernesio
1275 2600 1359 2625 suo.
1431 2587 1546 2625 Teste
1576 2600 1666 2637 rege
1699 2587 1805 2636 apud
1837 2587 2256 2636 Westmonasterium,

560 2650 656 2700 xvij.
698 2650 761 2688 die
799 2649 910 2687 Maii.

669 2729 754 2767 Rex
791 2729 1017 2767 vicecomiti
1057 2729 1208 2767 Kancie
1247 2728 1431 2766 salutem.
1493 2727 1603 2766 Scias
1641 2728 1759 2776 quod,
1800 2740 1891 2766 cum
1930 2728 1993 2766 die
2041 2728 2257 2770 Dominica

560 2791 742 2840 proxima
794 2794 887 2828 ante
938 2791 1225 2829 Ascensionem
1283 2789 1449 2828 Domini
1505 2790 1753 2827 venissemus
1810 2803 1933 2839 usque
1982 2791 2255 2831 Westmonas-

561 2854 721 2898 terium,
763 2856 879 2891 nocte
918 2852 1176 2902 subsequenti
1215 2851 1417 2890 Henricus
1457 2851 1655 2898 Clemens,
1691 2851 1856 2890 clericus
1887 2853 2099 2902 justiciarii
2130 2855 2257 2892 nostri

561 2914 768 2961 Hibernie,
812 2918 905 2952 ante
944 2919 1079 2964 portas
1118 2918 1276 2952 nostras
1316 2913 1662 2952 westmonasterii
1704 2914 1886 2963 nequiter
1932 2917 1971 2952 et
2018 2914 2060 2952 in
2107 2916 2257 2954 felonia

560 2990 582 3014 a
620 2977 860 3025 quibusdam
899 2976 1224 3014 malefactoribus
1266 2976 1307 3013 in
1352 2975 1528 3024 hospitio
1575 2988 1646 3013 suo
1687 2975 1922 3014 interfectus
1969 2979 2041 3022 est,
2087 2977 2129 3014 in
2172 2990 2254 3015 non

561 3039 763 3076 modicum
803 3038 969 3076 dedecus
1008 3041 1046 3076 et
1083 3040 1363 3087 contemptum
1402 3041 1585 3075 nostrum
1627 3040 1666 3075 et
1704 3038 1817 3086 regni
1854 3038 1981 3075 nostri
2019 3039 2254 3077 scandalum

559 3104 597 3138 et
637 3099 910 3149 opprobrium.
970 3100 1072 3146 Quia
1110 3113 1214 3146 vero,
1254 3102 1299 3137 ut
1341 3099 1579 3148 accepimus,
1629 3099 1857 3137 Willelmus
1904 3099 1951 3137 de
1999 3100 2170 3138 Marisco
2216 3103 2254 3138 et

560 3162 715 3200 familia
755 3174 826 3199 sua
864 3164 903 3199 et
944 3162 1171 3200 Willelmus
1223 3162 1269 3199 de
1321 3162 1448 3199 Ponte
1497 3161 1640 3207 Arche,
1694 3160 1908 3210 Philippus
1964 3161 2011 3199 de
2069 3161 2251 3212 Dynant,

559 3225 736 3262 Thomas
802 3224 848 3261 (10
922 3224 1153 3270 Erdinton’,
1220 3224 1427 3262 <lohannes
1502 3223 1646 3267 Cabus,
1722 3223 1923 3262 Walterus
2000 3223 2250 3272 Sancmedle,

558 3286 806 3324 Eustachius
845 3285 991 3324 Cumin
1030 3288 1069 3323 et
1108 3285 1307 3324 Henricus
1345 3286 1392 3323 de
1431 3284 1698 3323 Columbariis
1736 3285 1871 3322 rettati
1909 3288 2004 3322 sunt
2041 3285 2088 3323 de
2125 3289 2253 3324 morte

556 3347 759 3397 predicta3
799 3346 871 3385 tibi
909 3347 1151 3396 precipimus
1188 3346 1358 3385 firmiter
1395 3347 1654 3397 injungentes
1693 3346 1811 3395 quod,
1846 3346 1887 3383 in
1921 3345 1999 3384 fide
2029 3359 2108 3397 qua
2136 3347 2251 3387 nobis
