2375 3587
240 182 323 226 290

301 318 444 365 1236.

309 386 368 425 [111.
388 386 437 425 8.]

1175 190 1361 234 CLOSE
1406 189 1609 233 ROLLS.

540 394 651 433 vobis
681 396 924 435 mandamus
957 397 1062 446 quod
1092 397 1298 435 occasione
1332 396 1503 446 alicujus
1533 396 1714 434 mandati
1748 396 1875 434 nostri
1905 395 2096 434 contrarii
2126 395 2238 436 vobis

539 457 631 495 inde
687 458 796 506 prius
852 459 947 497 facti
1005 458 1153 496 talibus
1209 458 1388 496 decetero
1448 461 1573 495 terras
1626 458 1687 495 vel
1743 460 1975 496 tenementa
2032 471 2104 496 sua
2155 471 2236 497 non

538 519 713 557 reddatis
742 523 801 558 set
834 521 967 570 potius
1005 520 1250 569 permittatis
1279 532 1345 557 eos
1383 523 1509 557 terras
1537 523 1575 557 et
1604 522 1834 558 tenementa
1863 519 2040 568 predicta
2073 520 2238 569 pacifice

538 581 751 629 possidere,
791 582 935 632 quibus
980 595 1049 632 per
1097 582 1265 620 ballivos
1311 584 1471 620 nostros
1521 581 1748 619 insularum
1805 581 2020 620 commissa
2058 582 2235 621 fuerunt.

540 641 655 681 Teste
694 657 783 693 rege
822 645 926 694 apud
966 643 1214 693 Wigorniam
1256 644 1336 682 xxi.
1379 643 1442 681 (116
1481 643 1594 681 Julii.

644 722 884 760 Mandatum
915 726 975 760 est
1009 721 1306 761 constabulario
1339 721 1386 759 de
1425 721 1574 760 Sancto
1611 720 1812 759 Briavello
1840 722 1945 771 quod
1975 722 2022 760 de
2049 723 2238 772 quarellis

534 782 616 820 suis
665 796 762 833 quos
814 783 999 822 fabricari
1051 783 1147 822 facit
1195 783 1383 821 dominus
1432 796 1499 821 rex
1553 781 1701 820 ibidem
1755 782 1892 821 mittat
1939 783 2103 822 domino
2154 786 2237 834 regi

536 844 614 882 (1110
651 845 780 884 millia
817 845 1101 896 quarellorum.
1178 845 1295 883 Teste
1334 847 1379 883 ut
1419 858 1551 894 supra.

643 949 698 984 De
749 950 867 985 bladis
923 950 1192 986 doinz'm‘corum
1255 950 1348 996 reglis
1401 950 1443 985 (Ie
1500 949 1707 996 Bamburgl’
1763 947 2127 986 eta—Mandatum
2179 951 2238 987 est

536 1008 715 1047 -Johanni
744 1010 791 1047 de
821 1010 934 1048 Mora
964 1011 1069 1059 quod
1108 1010 1194 1048 sine
1225 1009 1515 1059 impedimento
1545 1009 1753 1058 permittat
1784 1009 1949 1058 Hugoni
1978 1010 2025 1047 de
2054 1009 2237 1057 Bolebec,

535 1070 831 1109 constabulario
869 1072 916 1110 de
955 1071 1202 1121 Baunburg'‚
1235 1072 1421 1121 colligere
1457 1071 1573 1109 blada
1607 1075 1645 1109 et
1683 1071 1775 1109 fena
1802 1071 2098 1110 dominicorum
2135 1073 2238 1122 regis

533 1132 580 1169 de
619 1132 854 1182 Bamburg’,
905 1138 944 1173 et
992 1135 1038 1171 de
1081 1134 1270 1173 1911031011Υ
1312 1138 1351 1171 et
1400 1134 1445 1170 de
1503 1133 1770 1172 Sunderland’
1811 1146 1880 1182 per
1919 1133 2089 1171 villanos
2135 1135 2238 1183 regis

534 1194 580 1231 de
619 1195 767 1233 eisdem
807 1196 1020 1234 dominicis
1058 1200 1096 1234 et
1145 1209 1190 1234 ea
1243 1196 1392 1234 cariare
1443 1196 1483 1232 in
1531 1199 1708 1233 castrum
1753 1195 1800 1232 de
1839 1195 2073 1245 Bamburg',
2112 1199 2151 1234 et
2189 1197 2238 1234 ad

533 1260 711 1294 castrum
774 1258 872 1295 illud
940 1259 1205 1296 muniendum
1289 1258 1497 1307 permittat
1566 1257 1689 1295 etiam
1756 1257 1884 1295 eidem
1941 1257 2239 1297 constabulario

534 1318 678 1357 habere
707 1321 963 1368 truncagium
998 1321 1078 1369 regi
1113 1320 1293 1358 debitum
1333 1320 1379 1357 de
1417 1320 1567 1357 eisdem
1601 1319 1814 1357 dominicis
1848 1322 1887 1356 et
1925 1320 1971 1357 de
2009 1320 2239 1370 drangagiis

534 1381 636 1429 regis
666 1381 813 1420 ibidem
843 1383 892 1420 ad
930 1382 1265 1421 sustentationem
1305 1382 1485 1433 ejusdem
1525 1381 1657 1420 castri.
1735 1381 1851 1419 Teste
1885 1384 1928 1419 ut
1967 1394 2099 1431 supra.

644 1505 719 1540 Pru
759 1504 914 1541 Robora
953 1506 993 1540 de
1033 1504 1248 1552 (Jrvppingf',
1298 1505 1392 1552 qum!
1437 1504 1570 1539 habeat
1619 1504 1822 1550 ilzglressnm
1877 1505 1919 1540 in
1975 1512 2138 1541 castrum
2196 1506 2238 1540 de

540 1566 1046 1614 l‘ilwrz'ny'.—Mandatum
1106 1570 1165 1604 est
1223 1565 1448 1604 vicecomiti
1516 1564 1637 1603 Ebor'
1696 1565 1800 1614 quod
1867 1565 1988 1604 libere
2049 1569 2087 1604 et
2152 1567 2236 1606 sine

534 1626 822 1676 impedimento
869 1628 1077 1677 permittat
1135 1627 1354 1666 Robcrtum
1412 1629 1459 1665 (16
1518 1627 1760 1677 Creppyng',
1819 1627 2060 1666 servientem
2118 1629 2235 1677 regis,

533 1687 678 1726 habere
712 1689 936 1738 ingressum
977 1690 1017 1727 in
1056 1694 1232 1727 castrum
1271 1690 1318 1727 de
1358 1688 1560 1737 Pikering'
1601 1701 1693 1726 cum
1733 1688 1871 1734 bobus,
1904 1689 2034 1727 vaccis
2069 1692 2107 1727 et
2146 1689 2236 1727 aliis

534 1750 677 1788 averiis
715 1751 762 1788 de
801 1751 1014 1790 dominicis
1056 1751 1159 1800 regis
1200 1751 1248 1788 ad
1284 1764 1329 1788 ea
1364 1750 1512 1788 ibidem
1542 1750 1796 1799 receptanda.
1855 1750 2073 1789 Permittat
2111 1751 2234 1790 etiam

533 1813 705 1850 eundem
744 1813 964 1852 Robertum
1003 1813 1120 1851 blada
1157 1813 1204 1851 de
1250 1813 1451 1852 dominico
1500 1812 1602 1861 regis
1650 1812 1696 1850 de
1742 1811 1946 1862 Pikering'
1996 1813 2145 1852 cariare
2193 1814 2234 1851 in

534 1874 638 1913 idem
676 1880 851 1914 castrum
891 1880 929 1914 et
966 1889 1010 1913 ea
1049 1875 1102 1914 ibi
1143 1876 1339 1914 intassare
1374 1888 1497 1925 usque
1532 1875 1579 1912 ad
1614 1875 1833 1913 adventum
1874 1875 1978 1925 regis
2016 1876 2065 1914 ad
2104 1882 2235 1925 partes

533 1938 636 1977 illas.
718 1939 833 1977 Teste
873 1942 918 1977 ut
957 1952 1088 1988 supra.

644 2061 699 2096 De
737 2062 856 2096 damis
895 2059 1305 2097 ‹Imm—Mandatum
1346 2062 1404 2096 est
1443 2056 1741 2097 constabulario
1779 2058 1828 2096 de
1866 2058 2086 2097 Porecestr’
2128 2059 2234 2109 quod

534 2121 656 2159 faciat
712 2120 856 2159 habere
913 2120 1108 2159 Herberto
1165 2120 1249 2158 filio
1308 2120 1461 2158 Mathei
1532 2120 1632 2158 duos
1689 2118 1829 2158 clamos
1884 2120 1926 2157 in
1984 2120 2131 2159 foresta
2186 2121 2232 2159 de

535 2182 752 2221 Porecestr'
793 2183 840 2221 de
879 2183 983 2221 (10110
1022 2182 1138 2232 regis.
1199 2182 1315 2220 Teste
1354 2186 1398 2220 ut
1438 2195 1574 2231 supra.

644 2304 720 2339 Pro
771 2304 826 2340 H.
881 2304 1038 2350 Elyma-2·
1088 2305 1268 2350 episeopo,
1317 2304 1358 2338 ile
1414 2302 1738 2340 libertate—Rex
1787 2301 2005 2340 baronibus
2055 2302 2139 2341 suis
2187 2303 2234 2340 de

535 2364 740 2402 Scaccario
779 2365 963 2402 salutem.
1024 2364 1266 2402 Mandamus
1304 2363 1416 2401 vobis
1463 2364 1567 2413 quod
1611 2364 1766 2401 nullam
1805 2363 2098 2401 districtionem
2147 2364 2233 2402 fieri

534 2425 690 2463 faciatis
737 2439 855 2474 super
892 2426 1103 2463 Matheuin
1143 2426 1190 2463 (16
1230 2427 1395 2476 Luveyn
1432 2438 1503 2474 pro
1541 2424 1621 2463 fine
1659 2425 1803 2474 viginti
1844 2438 2069 2463 marcarum
2114 2438 2231 2474 quem

536 2487 742 2525 nobiscum
788 2487 881 2525 iecit
931 2501 1000 2536 pro
1048 2487 1319 2526 misericordia
1367 2487 1408 2524 in
1457 2499 1577 2537 quam
1627 2487 1768 2525 incidit
1816 2500 1949 2525 coram
1999 2487 2232 2537 justiciariis

534 2549 682 2587 nostris
757 2549 900 2587 ultimo
974 2548 1260 2587 itinerantibus
1335 2549 1376 2585 in
1445 2548 1639 2586 comitatu
1713 2548 1812 2587 Suff’
1881 2561 1952 2597 pro
2021 2549 2233 2587 disseisina

534 2611 640 2649 facta
686 2611 727 2648 in
777 2610 891 2648 feodo
931 2611 1119 2661 Elyensis
1158 2610 1335 2659 episcopi
1375 2615 1469 2648 ante
1504 2610 1654 2648 festum
1696 2610 1836 2649 Sancti
1876 2610 2088 2649 Michaelis
2126 2623 2233 2649 anno

534 2672 645 2721 regni
698 2672 825 2710 nostri
877 2673 1079 2717 vicesimo,
1131 2673 1172 2710 in
1225 2685 1303 2721 quo
1353 2671 1432 2709 fine
1484 2670 1725 2709 venerabilis
1776 2676 1890 2721 pater
1947 2672 2000 2710 H.
2043 2672 2231 2723 Elyensis

533 2734 754 2783 episcopus,
813 2733 908 2771 dicit
965 2746 1005 2771 se
1061 2735 1125 2784 jus
1181 2734 1326 2772 habere
1384 2737 1423 2771 et
1479 2733 1584 2782 quod
1637 2733 1687 2771 ad
1744 2733 1878 2782 ipsum
1932 2734 2106 2783 pertinet
2162 2747 2232 2784 per

533 2795 737 2833 libertates
775 2808 873 2844 quas
911 2794 1029 2833 habet
1068 2808 1137 2845 per
1170 2799 1323 2833 cartam
1359 2798 1556 2840 nostram,
1593 2807 1637 2832 eo
1668 2795 1773 2844 quod
1804 2795 2005 2844 predictus
2043 2795 2230 2834 Δ1161116113

532 2859 641 2894 tenet
692 2857 739 2894 de
784 2856 898 2894 feodo
948 2857 1116 2905 predicti
1169 2857 1357 2906 episcopi.
1444 2856 1729 2894 Mandavimus
1783 2857 1892 2894 enim
1943 2857 2072 2895 eidem
2125 2858 2229 2906 quod

533 2919 694 2956 interim
752 2919 1004 2967 supersedeat
1061 2919 1303 2957 districtioni
1360 2919 1538 2957 faciende
1596 2931 1665 2968 pro
1722 2918 1802 2957 fine
1858 2919 2035 2968 predicto
2086 2922 2130 2957 ut
2181 2920 2230 2957 ad

532 2981 757 3029 predictum
811 2981 1030 3018 terminum
1083 2981 1130 3019 de
1179 2981 1258 3019 fine
1309 2981 1485 3030 predicto
1524 2981 1720 3020 faciamus
1754 2981 1859 3030 quod
1897 2981 1945 3019 de
1982 2981 2071 3031 jure
2109 2981 2229 3020 fuerit

533 3043 776 3081 faciendum.
856 3043 972 3080 Teste
1012 3056 1103 3092 rege
1142 3046 1185 3081 ut
1226 3056 1358 3092 supra.

642 3160 718 3194 Pro
761 3159 945 3195 &wiberto
984 3161 1026 3195 ‹Ie
1082 3159 1454 3197 {eta—Mandatum
1504 3161 1563 3204 est
1602 3158 1775 3197 Ricardo
1812 3159 1859 3196 (16
1898 3158 1936 3196 la
1974 3159 2083 3196 Lade
2120 3160 2226 3209 quod

532 3221 578 3257 (16
630 3219 812 3268 proximo
864 3219 1068 3257 frumento
1106 3233 1208 3258 novo
1247 3220 1439 3258 instantis
1485 3220 1703 3268 autumpni
1750 3232 1858 3258 anno
1901 3223 1976 3257 etc.
2017 3232 2081 3257 xx.
2122 3221 2228 3269 quod

531 3281 715 3319 habuerit
753 3281 794 3318 in
834 3281 999 3330 grangia
1039 3281 1188 3320 Theok'
1224 3282 1345 3320 faciat
1383 3282 1528 3320 habere
1567 3281 1770 3319 Gwiberto
1803 3281 1850 3318 de
1889 3281 1974 3319 Rue
2008 3284 2046 3319 et
2081 3282 2227 3321 Emme

531 3344 643 3382 uxori
682 3344 768 3393 ejus
806 3343 942 3381 decem
979 3344 1179 3393 quarteria
1218 3344 1412 3382 frumenti
1451 3345 1498 3382 (16
1535 3344 1640 3382 dono
1678 3343 1795 3392 regis.
1854 3343 1970 3381 Teste
2009 3347 2053 3382 ut
2092 3357 2224 3393 supra.
