2375 3587
217 193 269 233 34

275 316 419 362 1234.

278 382 418 422 [mer]

1146 182 1328 227 CLOSE
1376 173 1578 222 ROLLS.

627 391 706 428 Pro
750 388 933 425 Willelmo
960 386 1001 422 de
1040 383 1148 420 Bello
1184 376 1478 428 campo.—-Rex
1517 372 1713 413 concessit
1753 370 1958 410 Willehno
2004 368 2051 407 de
2091 365 2205 407 Bello

517 453 668 501 Campo
716 450 833 500 quod,
883 445 1074 497 quamdiu
1124 442 1242 480 fuerit
1291 440 1331 477 in
1382 436 1546 476 servicio
1585 435 1689 484 regis
1746 434 1794 472 ad
1846 431 2098 473 Scaccarium
2137 442 2206 479 per

514 516 746 564 preceptum
785 511 899 559 regis,
939 509 1021 557 ipse
1055 509 1092 544 et
1132 503 1315 542 homines
1354 500 1415 539 sui
1453 499 1499 536 de
1538 496 1719 535 manerio
1753 496 1800 534 de
1838 495 2017 543 Neuport
2055 491 2206 542 Paynel

515 576 597 613 sint
647 573 769 623 quieti
820 572 865 609 de
915 569 1030 607 sectis
1077 566 1343 605 comitatuum
1382 564 1420 599 et
1468 558 1782 597 hundredorum.
1856 556 1912 594 Et
1964 554 2205 592 mandatum

515 640 573 675 est
607 633 829 674 vicecomiti
866 631 1001 669 Bedef’
1041 632 1078 666 et
1116 626 1216 664 Buk'
1253 624 1357 674 quod
1396 623 1528 672 ipsum
1568 623 1606 658 et
1646 619 1827 657 homines
1874 630 1966 656 suos
2005 616 2205 666 predictos

512 699 604 736 inde
642 697 794 747 quietos
832 706 915 732 esse
949 691 1166 741 permittat,
1206 687 1307 725 sicut
1337 684 1559 734 predictum
1599 684 1670 719 est.
1729 681 1844 718 Teste
1882 682 1926 717 ut
1964 691 2096 728 supra.

630 838 701 873 Pr«,
752 836 915 872 Ilz'eardo
967 834 1009 868 de
1051 831 1157 867 Bello
1205 824 1500 874 ‹.*a»1p‹›.-Rex
1535 821 1729 861 concessit
1779 833 1848 870 per
1898 822 2049 859 cartam
2089 833 2203 858 suam

514 898 683 936 Ricardo
721 897 768 933 de
806 895 918 932 Bello
957 893 1107 940 Campo
1140 902 1210 939 pro
1249 901 1288 926 se
1327 889 1365 925 et
1403 884 1615 923 heredibus
1644 882 1750 932 quod
1779 882 1863 932 ipse
1901 884 1985 920 tota
2022 881 2106 920 vita
2134 895 2206 920 sua

516 960 671 1010 quietus
719 958 769 995 sit
815 957 861 994 de
902 955 990 993 visu
1033 952 1158 990 franci
1206 949 1339 1000 plegii,
1381 950 1578 997 quantum
1618 945 1666 983 ad
1709 943 1910 982 dominica
1947 956 2032 990 sua,
2072 946 2111 982 et
2158 944 2205 982 de

518 1021 634 1059 sectis
690 1019 954 1058 comitatuum
1012 1018 1049 1053 et
1105 1013 1405 1051 hundredorum
1459 1011 1498 1046 et
1554 1009 1601 1045 de
1658 1006 1817 1045 auxiliis
1865 1005 2111 1044 vicecomitis
2167 1009 2206 1045 et

515 1085 560 1121 de
618 1079 1001 1121 sunnnonitionibus
1058 1075 1263 1120 faciendis,
1322 1076 1360 1111 et
1417 1071 1521 1121 quod
1580 1083 1661 1108 non
1720 1071 1894 1118 ponatur
1953 1068 1995 1106 in
2056 1068 2205 1115 assisis,

514 1142 854 1194 recognitionibus
903 1141 963 1179 vel
1012 1138 1168 1190 juratis,
1211 1137 1313 1175 sicut
1366 1133 1524 1183 plenius
1574 1131 1805 1170 continetur
1852 1130 1895 1168 in
1945 1133 2055 1169 carta
2104 1131 2207 1180 regis

514 1220 633 1256 quam
672 1206 798 1243 eidem
838 1203 1006 1241 Ricardo
1046 1201 1137 1238 inde
1176 1198 1261 1236 fieri
1310 1197 1417 1234 fecit.
1502 1195 1558 1232 Et
1596 1193 1837 1231 mandatum
1885 1195 1944 1231 est
1982 1192 2207 1231 vicecomiti

514 1268 617 1305 Buk’
666 1270 703 1305 et
751 1266 885 1303 Bedef'
935 1263 1039 1313 quod
1086 1264 1237 1300 cartam
1285 1259 1413 1308 ipsam
1449 1257 1490 1294 in
1533 1256 1651 1305 pleno
1691 1255 1887 1293 comitatu
1927 1267 1998 1293 suo
2037 1255 2128 1303 legi,
2169 1257 2207 1293 et

514 1330 715 1367 libertates
749 1330 786 1365 et
821 1325 1067 1376 quietancias
1104 1323 1146 1360 in
1187 1335 1231 1359 ea
1279 1322 1487 1358 contentas
1534 1318 1662 1355 eidem
1711 1317 1880 1355 Ricardo
1922 1316 2048 1355 teneri
2084 1316 2205 1355 faciat

515 1393 616 1430 sicut
646 1390 866 1440 predictum
906 1391 978 1425 est.
1038 1387 1152 1424 Teste
1192 1396 1280 1433 rege
1319 1382 1421 1431 apud
1464 1380 1712 1425 Guldeford’,
1745 1393 1837 1417 xxx.
1868 1379 1930 1417 die
1960 1378 2205 1418 Decembris.

623 1533 698 1567 I‘rn
737 1531 913 1566 Jalmnne
951 1529 991 1563 (Ie
1035 1526 1185 1569 Nee-ils,
1228 1525 1307 1566 silio
1351 1523 1528 1569 &alfridi
1577 1522 1619 1557 de
1666 1519 1963 1557 Nec-ill'.*Rex
2010 1520 2206 1559 concessit

515 1592 692 1630 Johanni
723 1592 769 1629 de
801 1590 958 1633 Nevssl',
994 1588 1076 1625 filio
1109 1585 1280 1625 Gali‘ridi
1315 1585 1361 1621 de
1396 1583 1555 1628 Nevill’,
1589 1581 1693 1631 quod
1727 1581 1872 1620 habeat
1900 1594 2025 1619 unam
2064 1582 2205 1620 feriam

515 1655 684 1703 singulis
722 1653 839 1690 annis
877 1651 981 1700 apud
1020 1649 1243 1687 manerium
1283 1659 1399 1684 suum
1439 1646 1485 1683 de
1526 1643 1701 1694 Lesseby
1743 1644 1978 1681 duraturam
2017 1657 2085 1693 per
2128 1647 2206 1682 tres

514 1717 609 1762 dies,
650 1716 843 1760 videlicet,
884 1714 925 1750 in
963 1712 1099 1761 vigilia
1138 1714 1176 1748 et
1224 1710 1263 1746 in
1302 1709 1363 1746 die
1402 1711 1439 1745 ct
1487 1707 1528 1744 in
1568 1706 1743 1744 crastino
1785 1705 1932 1745 Sancte
1968 1706 2205 1756 Margmete,

515 1778 593 1816 nisi
640 1778 737 1816 feria
784 1777 853 1814 illa
901 1775 951 1813 sit
999 1775 1047 1812 ad
1081 1774 1370 1811 nocumentum
1418 1769 1642 1807 vicinarum
1691 1768 1896 1806 feriarum.
1955 1768 2040 1806 Rex
2082 1768 2205 1807 etiam

515 1841 708 1878 concessit
745 1839 871 1877 eidem
911 1836 1087 1875 Johanni
1126 1834 1230 1884 quod
1268 1832 1412 1870 habeat
1451 1831 1618 1869 liberam
1652 1843 1884 1869 warennam
1919 1830 1959 1867 in
1995 1830 2208 1869 dominicis

516 1902 631 1940 terris
669 1902 749 1939 suis
788 1901 834 1938 de
872 1898 1044 1948 Lesseby
1093 1901 1130 1935 et
1179 1895 1350 1940 Bradel’,
1400 1894 1457 1932 ita
1504 1893 1609 1942 quod
1657 1893 1760 1930 nulli
1808 1892 1926 1931 liceat
1973 1905 2203 1931 warennam

515 1964 626 2001 illam
665 1964 812 2001 intrare
851 1962 899 2000 ad
938 1960 1159 2010 fugandum
1207 1958 1247 1995 in
1296 1970 1340 1995 ea
1388 1956 1473 1994 sine
1523 1955 1686 1993 licentia
1736 1958 1774 1992 et
1820 1955 2028 1993 voluntate
2080 1954 2206 2004 ipsius

516 2026 712 2063 doh-annis
764 2028 801 2062 et
853 2024 1043 2061 heredum
1092 2033 1253 2059 suorum
1305 2032 1422 2067 super
1476 2017 1775 2055 forisfacturam
1833 2020 2013 2055 nostram
2069 2017 2205 2055 decem

514 2087 718 2131 librarum,
759 2087 859 2124 sicut
897 2084 1052 2133 plenius
1090 2082 1319 2121 continetur
1357 2081 1397 2116 in
1436 2082 1546 2117 carta
1585 2079 1687 2127 regis
1725 2091 1847 2127 quam
1895 2078 1931 2117 ei
1978 2079 2070 2117 inde
2118 2079 2204 2117 fieri

515 2149 620 2186 fecit.
680 2149 734 2186 Et
772 2147 1007 2184 mandatum
1046 2153 1104 2182 est
1143 2142 1365 2182 vicecomiti
1406 2141 1516 2179 Linc'
1557 2141 1661 2190 quod
1702 2140 1921 2189 predictam
1958 2140 2098 2178 feriam
2138 2154 2206 2190 per

514 2211 675 2248 balliam
710 2223 823 2247 suam
862 2208 1025 2247 clamari
1064 2210 1101 2245 et
1140 2206 1278 2251 teneri,
1313 2208 1350 2242 et
1382 2216 1612 2241 warennam
1648 2203 1761 2240 illam
1794 2203 1980 2241 similiter
2011 2203 2045 2241 ei
2081 2204 2206 2242 teneri

515 2272 646 2310 faciat.
706 2272 821 2309 Teste
858 2283 947 2319 rege
986 2273 1029 2307 ut
1068 2280 1199 2317 supra.

627 2395 700 2429 ΓΗ)
742 2394 883 2440 Royero
926 2391 1138 2435 Tl'astelms’,
1186 2390 1227 2425 de
1275 2396 1372 2425 terra
1413 2395 1515 2424 (astra
1558 2386 1962 2434 &ardebam-51⁹.—Rex
2002 2386 2208 2425 commisit

518 2454 670 2502 Rogero
710 2453 946 2498 Wastehos’,
987 2451 1173 2489 servienti
1213 2463 1297 2495 suo,
1339 2450 1387 2487 ad
1436 2462 1475 2487 se
1524 2448 1834 2486 sustentandum
1875 2450 1960 2486 tota
1997 2448 2080 2487 vita
2119 2462 2204 2495 sua,

518 2528 640 2552 unam
687 2518 911 2553 carucatam
962 2516 1062 2551 terre
1109 2516 1147 2550 et
1193 2511 1402 2549 dimidiam
1451 2514 1563 2548 extra
1613 2509 1888 2558 Scardeburg'‚
1930 2523 2004 2560 que
2042 2510 2206 2549 fuerunt

518 2578 760 2625 pertinentes
798 2577 846 2614 ad
893 2577 1057 2613 domum
1105 2574 1241 2613 Sancti
1290 2574 1442 2610 Tliome
1491 2572 1651 2617 ibidem,
1704 2572 1824 2609 salvis
1873 2571 1987 2610 nobis
2035 2575 2206 2621 quatuor

518 2638 653 2675 solidis
691 2641 729 2676 et
763 2651 828 2675 sex
863 2637 1034 2675 denariis
1067 2649 1136 2685 per
1169 2648 1320 2673 annum
1353 2636 1419 2684 qui
1453 2635 1500 2672 de
1534 2637 1639 2672 terra
1667 2633 1736 2671 illa
1763 2632 1879 2672 nobis
1913 2634 2024 2672 reddi
2058 2634 2205 2672 debent

517 2699 558 2735 in
606 2700 721 2737 firma
767 2699 860 2736 ville
907 2699 953 2736 de
1002 2697 1278 2745 Scardeburg'.
1364 2697 1419 2733 Et
1467 2696 1554 2733 ideo
1602 2695 1674 2732 tibi
1722 2694 1965 2744 precipimus
2011 2696 2117 2745 quod
2159 2695 2239 2742 de,

518 2761 692 2809 predicta
730 2764 832 2798 terra
869 2773 959 2798 cum
999 2759 1251 2808 pertinentiis
1299 2758 1427 2795 eidem
1467 2758 1622 2806 Rogero
1671 2757 1756 2795 sine
1804 2757 1998 2795 dilatione
2045 2757 2207 2806 plenam

518 2822 705 2859 seisinam
734 2821 876 2859 habere
906 2821 1038 2866 facias,
1067 2821 1168 2859 sicut
1196 2821 1417 2869 predictum
1445 2822 1516 2859 est.
1576 2819 1692 2857 Teste
1720 2831 1809 2867 rege
1837 2818 1943 2868 apud
1972 2818 2206 2866 Gildeford’,

518 2884 625 2933 xxxj.
665 2884 727 2920 die
765 2883 1007 2920 Decembris.

628 3004 715 3039 Ilm:
784 3003 856 3038 l'rn
890 3004 1044 3049 quodam
1084 3004 1261 3038 canonista
1300 3003 1402 3037 eunti
1434 3003 1473 3037 in
1502 3002 1676 3037 mmmm
1711 2999 2118 3047 ressis.-iv1a11datun1
2148 3003 2207 3038 est

537 3064 727 3100 Beria-amo
760 3063 806 3099 de
841 3062 999 3111 Uryoll',
1032 3062 1326 3100 constabulario
1362 3062 1522 3107 Dovor',
1555 3061 1660 3110 quod
1691 3060 1835 3098 habere
1866 3060 1987 3098 faciat
2016 3061 2209 3099 canonico

518 3125 622 3161 ituro
661 3124 709 3161 ad
747 3127 877 3172 partes
916 3123 1081 3161 Francie
1121 3124 1169 3161 ad
1206 3124 1446 3172 magistrum
1487 3123 1528 3161 S.
1569 3123 1616 3160 de
1655 3122 1888 3171 Langedon'
1931 3125 2009 3160 tres
2054 3135 2208 3161 marcas

518 3185 578 3223 vel
612 3185 701 3233 plus
739 3185 786 3221 ad
818 3197 1010 3232 expensas
1044 3197 1148 3229 suas,
1182 3185 1215 3222 si
1249 3197 1408 3222 necesse
1443 3184 1587 3228 fuerit;
1629 3187 1667 3222 et
1699 3183 1887 3221 dominus
1920 3196 1988 3220 rex
2021 3183 2206 3222 denarios

516 3246 648 3295 illo[s]
706 3245 739 3283 ei
787 3246 895 3282 reddi
943 3246 1059 3284 faciet
1115 3246 1164 3283 ad
1222 3245 1476 3285 Scaccarium
1533 3245 1575 3285 in
1633 3244 1785 3285 octabis
1844 3244 1985 3284 Sancti
2043 3244 2207 3283 Hillarii

520 3308 701 3360 proximo
739 3306 943 3345 instantis.
