2375 3587
130 331 276 379 1236.

122 398 181 439 [m.
197 396 270 437 22]

1010 210 1061 249 21
1105 207 1187 248 HE
1196 206 1310 247 NRY
1351 205 1434 247 ΠΙ.
1987 200 2069 240 383

366 409 413 447 de
446 407 591 446 debitis
621 420 696 457 que
726 406 832 444 idem
863 417 995 443 comes
1025 405 1071 442 R.
1104 401 1219 441 nobis
1249 400 1398 445 debuit,
1430 398 1589 449 ponatis
1619 398 1660 436 in
1690 398 1915 446 respectum
1946 405 2070 443 usque

367 472 408 508 in
448 484 511 509 xv.
552 470 634 508 dies
673 483 695 508 a
732 469 795 506 die
837 467 973 507 Sancti
1013 465 1200 516 Hyllarii,
1251 477 1357 502 anno
1405 461 1517 511 regni
1565 460 1691 499 nostri
1739 458 1834 503 xxi„
1879 457 1935 495 ita
1963 455 2069 505 quod

369 533 447 572 nisi
503 536 599 571 tunc
654 531 746 569 inde
802 529 918 569 nobis
973 528 1093 567 fuerit
1149 526 1416 571 satisfactum,
1475 523 1614 562 statim
1671 521 1965 568 distringantur
2021 517 2070 555 ad

368 595 610 635 solutionem
650 593 920 643 predictorum
959 590 1200 629 debitorum.
1279 588 1396 626 Teste
1435 598 1525 635 rege
1565 588 1609 622 ut
1649 596 1781 632 supra.

475 700 532 736 De
585 699 848 735 mercatoribus
906 696 1095 733 mittendis
1150 706 1258 741 usqne
1310 684 1950 727 IVestmmmsterium.—Doniinus
2006 696 2072 720 rex

366 760 570 812 quandam
613 759 758 797 falsam
814 760 1020 795 monetam
1077 755 1285 793 inventam
1344 764 1436 790 cum
1495 748 1734 800 quibusdam
1782 744 2072 784 mercatoribus

368 823 415 862 de
452 821 634 872 partibus
672 819 955 859 transmarinis
1012 818 1054 855 in
1110 814 1306 854 nundinis
1359 814 1406 851 de
1465 811 1755 854 Gernenmtha,
1800 820 1920 857 quam
1960 806 2073 855 probi

368 884 554 923 homines
602 883 649 921 de
699 880 978 920 Gernemutha
1033 878 1199 917 domino
1255 876 1338 925 regi
1395 875 1608 919 miserunt,
1656 872 1768 909 illam
1817 869 1972 907 remisit
2020 868 2074 906 eis

369 946 609 984 mandantes
665 944 721 982 eis
777 943 882 992 quod
939 941 1046 991 ipsos
1103 952 1196 978 cum
1248 936 1393 988 quibus
1449 936 1615 973 inventa
1663 933 1741 970 fuit
1790 931 1860 968 illa
1912 932 2075 968 moneta

370 1008 480 1046 salvo
518 1007 652 1045 venire
691 1004 841 1044 faciant
879 1015 1003 1053 usque
1042 999 1451 1040 Westmonasterium
1490 1008 1624 1037 coram
1660 992 1878 1032 baronibus
1912 991 1994 1030 suis
2028 991 2075 1028 de

374 1069 582 1109 Scaccario
620 1071 658 1106 et
701 1066 936 1118 justiciariis
992 1065 1038 1102 de
1096 1064 1234 1102 Banco
1292 1061 1341 1100 ad
1398 1058 1671 1109 recipiendum
1731 1055 1783 1093 ibi
1838 1054 1943 1104 quod
1984 1053 2075 1090 inde

372 1132 542 1182 recipere
581 1130 805 1169 debuerint.
882 1128 998 1166 Teste
1038 1138 1127 1176 rege
1166 1128 1210 1163 ut
1249 1136 1384 1173 supra.

485 1237 591 1280 Quod
623 1237 776 1272 barones
810 1241 842 1270 et
866 1233 1085 1281 justiciarii
1118 1233 1160 1267 (16
1194 1230 1324 1267 Barim
1359 1229 1457 1275 ipsos
1491 1221 1806 1272 1νεει’[υῐτυιὰ--Ε1
1838 1220 2077 1259 mandatum

375 1301 435 1337 est
482 1296 699 1336 baronibus
746 1299 784 1334 et
832 1293 1067 1345 justiciariis
1106 1290 1297 1341 predictis
1335 1287 1441 1339 quod
1479 1283 1770 1324 mercatoribus
1809 1282 1998 1332 predictis
2036 1281 2077 1318 in

374 1360 575 1411 presentia
614 1372 685 1397 sua
723 1356 967 1402 constitutis,
1006 1358 1045 1393 et
1083 1354 1168 1393 visa
1211 1355 1376 1390 moneta
1414 1349 1496 1395 illa,
1546 1347 1633 1386 fieri
1681 1346 1833 1385 faciant
1880 1344 1936 1383 eis
1973 1343 2078 1394 quod

375 1422 596 1461 secundum
635 1419 780 1458 merita
813 1432 885 1458 sua
924 1417 1045 1455 fuerit
1083 1415 1139 1454 616
1178 1413 1423 1453 faciendum.
1502 1410 1619 1448 Teste
1659 1421 1747 1457 rege
1786 1410 1831 1445 ut
1870 1419 2003 1455 supra.

485 1527 564 1563 Pro
618 1525 786 1572 Raclulfo
832 1524 863 1560 le
916 1518 1341 1558 Fortia—Mandatum
1399 1519 1458 1553 est
1514 1512 1740 1553 vicecomiti
1800 1510 1917 1548 Staff'
1976 1510 2081 1560 quod

378 1588 618 1638 utlagariam
658 1599 733 1636 que
771 1585 820 1623 ad
859 1583 1091 1634 proximum
1131 1581 1371 1619 comitatum
1411 1590 1530 1616 suum
1568 1575 1706 1613 debuit
1753 1572 2000 1623 promulgari
2040 1572 2082 1609 in

378 1651 599 1690 Radulsum
638 1649 674 1687 le
712 1648 827 1686 Foun
867 1658 938 1696 pro
968 1647 1097 1683 morte
1128 1641 1293 1681 Roberti
1332 1640 1406 1678 filii
1445 1638 1640 1683 Matildis‚
1672 1636 1778 1674 unde
1809 1637 1981 1673 rettatus
2009 1637 2082 1681 est,

378 1716 502 1764 ponat
564 1713 606 1750 in
669 1712 893 1761 respectum
960 1719 1085 1757 usque
1143 1705 1193 1743 ad
1244 1703 1474 1754 proximum
1527 1699 1767 1739 comitatum
1825 1711 1944 1736 suum
1996 1700 2086 1746 post

379 1775 709 1814 Purificationem
766 1773 890 1810 Beate
945 1770 1085 1814 Maric,
1145 1779 1251 1805 anno
1312 1764 1424 1815 regni
1487 1762 1615 1801 nostri
1672 1761 1767 1811 xxj„
1826 1763 1865 1798 et
1922 1759 2086 1796 interim

380 1839 593 1887 diligenter
629 1835 807 1885 inquirat
844 1846 913 1883 per
959 1832 1259 1870 sacramentum
1298 1826 1517 1877 proborum
1565 1828 1604 1863 et
1641 1823 1832 1873 legalium
1871 1821 2086 1859 hominum

381 1902 428 1939 de
475 1899 670 1938 comitatu
717 1909 789 1935 suo
836 1899 973 1933 utrum
1021 1893 1126 1931 idem
1174 1889 1372 1929 Radulfus
1421 1891 1592 1926 rettatus
1640 1885 1691 1924 sit
1743 1885 1791 1922 (16
1844 1886 1971 1922 1110116
2018 1883 2089 1921 illa

381 1963 471 2001 odio
510 1965 548 2000 et
586 1960 696 1999 athia
734 1962 773 1997 et
811 1970 889 2008 quo
927 1956 1017 1995 odio
1055 1958 1093 1993 et
1125 1967 1204 2004 qua
1237 1952 1375 1999 athia;
1419 1963 1484 1997 an,
1523 1949 1556 1987 si
1590 1961 1683 1987 eum
1717 1946 1918 1993 occiderit,
1954 1945 2087 1994 ipsum

381 2025 525 2065 occidit
576 2024 618 2061 in
670 2021 819 2060 felonia
874 2019 937 2058 vel
993 2019 1034 2056 in
1092 2030 1132 2055 66
1188 2013 1453 2054 defendendo.
1530 2011 1586 2049 Et
1634 2009 1940 2060 inquisitionem
1995 2007 2088 2045 inde

382 2088 531 2127 factam
571 2084 644 2124 sub
683 2083 817 2133 sigillo
855 2084 895 2120 et
934 2080 1079 2131 sigillis
1117 2091 1254 2117 eorum
1293 2079 1369 2115 etc.
1454 2075 1571 2112 Teste
1610 2085 1699 2122 rege
1737 2075 1782 2110 ut
1821 2083 1954 2120 supra.

492 2193 569 2229 Pro
588 2191 723 2228 <Iudeis
751 2188 895 2226 Omnia
924 2185 1230 2223 deliberandis.—
1249 2180 1490 2219 Mandatum
1521 2180 1579 2216 est
1609 2174 1907 2215 constabulario
1938 2173 2091 2212 Oxonie

383 2254 489 2305 quod
538 2265 679 2292 omnes
728 2250 877 2289 Judeos
926 2260 1025 2298 quos
1073 2246 1176 2296 cepit
1225 2247 1264 2283 et
1316 2246 1453 2292 captos
1499 2243 1608 2279 tenet
1660 2240 1702 2276 in
1754 2241 1885 2277 castro
1938 2236 2092 2275 Oxonie

385 2316 592 2356 occasione
625 2313 838 2364 cujusdam
878 2310 991 2361 pueri
1025 2307 1207 2348 conversi
1240 2310 1279 2345 et
1312 2303 1504 2354 baptizati
1539 2301 1608 2353 qui
1641 2300 1848 2340 dicebatur
1882 2312 1951 2349 per
1985 2299 2092 2348 ipsos

387 2379 536 2417 ,Judeos
584 2379 723 2426 raptus
770 2387 854 2412 esse
901 2375 940 2411 et
988 2370 1055 2421 qui
1105 2370 1188 2421 jam
1236 2369 1425 2406 inventus
1474 2367 1535 2403 est
1588 2364 1693 2413 apud
1741 2361 1957 2407 Exofflam,
2007 2360 2093 2399 sine

388 2441 581 2479 dilatione
618 2437 824 2477 deliberet.
910 2435 1026 2473 Teste
1065 2435 1110 2471 ut
1147 2444 1281 2481 supra.

495 2546 552 2582 De
582 2557 693 2593 puero
725 2549 831 2590 rapto
862 2554 883 2577 α
904 2540 1038 2577 Jmleis
1071 2538 1213 2575 (li-onie
1242 2535 1420 2572 mittendo
1454 2546 1562 2581 usque
1594 2528 2094 2569 oxoniam.—Mandatum

389 2610 449 2647 est
487 2603 786 2646 constabulario
824 2601 982 2640 Exonie
1020 2599 1125 2649 quod
1170 2594 1339 2647 puerum
1378 2593 1447 2645 qui
1486 2591 1691 2632 dicebatur
1728 2594 1868 2641 raptus
1906 2603 1990 2628 esse
2027 2601 2096 2639 per

391 2671 540 2709 Judeos
589 2666 743 2706 Oxonie
790 2663 997 2703 occasione
1044 2659 1318 2700 conversionis
1366 2670 1434 2695 sue
1482 2659 1521 2694 et
1568 2655 1757 2692 inventus
1800 2656 1860 2691 est
1898 2655 1937 2690 et
1974 2663 2096 2700 penes

391 2746 483 2772 eum
515 2742 671 2769 moram
706 2728 816 2772 facit,
850 2729 894 2764 ut
926 2738 993 2763 rex
1025 2723 1191 2769 audivit,
1225 2722 1311 2760 sine
1342 2718 1535 2758 dilatione
1566 2717 1704 2755 mittat
1736 2728 1861 2766 usque
1896 2714 2095 2753 Oxoniam

392 2794 645 2833 liberandum
684 2789 833 2828 ibidem
872 2787 986 2826 fratri
1026 2784 1200 2824 Roberto
1238 2784 1378 2822 Bacun
1427 2781 1475 2819 ad
1514 2778 1839 2819 custodiendum.
1898 2776 2014 2815 Teste
2052 2778 2096 2813 ut

394 2869 528 2906 supra.

503 2960 581 2996 Pru
614 2959 751 2993 decana
785 2961 817 2991 et
849 2952 1016 3000 capitulo
1047 2947 1403 2996 Ii'otmnayi.——Rex
1431 2943 1648 2984 baronibus
1682 2943 1765 2981 suis
1799 2943 1844 2980 de
1880 2939 2098 2985 Scaccario‚

395 3022 582 3061 salutem.
661 3017 764 3064 Quia
802 3016 960 3054 constat
1008 3011 1123 3050 nobis
1171 3022 1240 3059 per
1287 3007 1593 3058 inquisitionem
1630 3017 1752 3055 quam
1792 3003 1877 3041 fieri
1916 3002 2098 3045 fecimus,

395 3083 502 3134 quod
539 3080 724 3119 homines
761 3076 902 3115 decani
936 3077 975 3113 et
1009 3072 1175 3122 capituli
1216 3070 1432 3119 Rotomagi
1471 3069 1518 3106 de
1554 3068 1654 3106 Clery
1688 3078 1844 3115 semper
1877 3064 2100 3103 extiterunt

395 3143 520 3196 quieti
559 3143 606 3180 de
644 3139 808 3188 tallagio
846 3140 1060 3186 postquam
1103 3133 1331 3171 manerium
1370 3131 1417 3169 de
1456 3131 1558 3169 Cler'
1599 3129 1655 3167 eis
1694 3127 1886 3167 collatum
1921 3126 1998 3164 fuit
2032 3138 2100 3174 per

398 3205 620 3245 Henricum
665 3200 869 3251 quondam
917 3210 1051 3247 regem
1092 3196 1251 3245 Anglie,
1291 3207 1412 3233 avum
1463 3191 1630 3230 Henrici
1681 3189 1784 3238 regis
1833 3188 1896 3226 avi
1945 3187 2100 3234 nostri3

398 3268 510 3309 vobis
549 3265 787 3304 mandamus
824 3261 928 3311 quod
966 3260 1014 3297 (16
1055 3258 1220 3308 tallagio
1258 3257 1363 3306 quod
1402 3255 1450 3293 ab
1488 3254 1544 3292 eis
1582 3252 1743 3301 exigitis
1777 3263 1845 3300 per
1879 3250 2099 3287 summoni-

398 3332 551 3370 tionem
591 3324 789 3366 Scaccarii
828 3321 955 3361 nostri
994 3321 1101 3369 ipsos
1146 3320 1301 3370 quietos
1340 3331 1424 3356 esse
1464 3315 1636 3354 faciatis.
1714 3313 1830 3351 Teste
1869 3323 1959 3360 rege
1996 3312 2102 3360 apud

400 3391 594 3435 Windes²‚
634 3389 687 3438 vj.
728 3387 790 3424 die
829 3382 1078 3423 Novembris.
