2375 3587
244 171 327 211 408

306 291 451 338 1236.

299 357 451 400 ahia]

303 1278 445 1327 1237.

1164 174 1349 218 GLOSE
1394 171 1599 219 ROLLS.

647 369 703 406 De
737 371 837 406 vinis
875 364 969 419 reglis
1023 371 1525 410 ea›wamia—Mandatum
1575 375 1634 410 est
1682 373 1860 411 Johanni
1907 373 2091 411 Maunsel
2129 373 2233 423 quod

541 429 587 467 de
637 430 740 468 vinis
791 445 865 481 que
918 436 1012 470 sunt
1059 433 1163 482 apud
1214 434 1331 471 Suht’
1381 433 1466 483 capi
1515 433 1636 472 faciat
1684 438 1722 472 et
1770 435 1988 484 appreciari
2037 436 2090 473 xl.
2130 436 2236 474 dolia

541 491 623 528 vini
662 492 711 529 ad
749 506 848 542 opus
886 494 990 543 regis
1038 498 1076 532 et
1123 494 1281 532 liberari
1331 494 1489 534 ballivis
1536 496 1639 546 regis
1686 497 1866 547 ejusdem
1909 497 2002 536 ville
2050 498 2238 536 carianda

542 566 611 602 per
648 554 803 593 diversa
838 556 924 594 loca
962 556 1065 595 sicut
1104 570 1172 595 rex
1209 557 1244 595 ei
1282 558 1470 607 precepit.
1547 558 1664 596 Teste
1703 572 1792 608 rege
1831 560 1941 608 upud
1982 559 2235 607 Clarendon’,

542 615 649 653 xxix.
689 616 752 654 die
789 617 1034 656 Decembris.

653 737 729 773 Pro
768 739 928 783 Aarmz',
969 739 1092 775 εῙίιιιῖρο
1128 739 1611 779 Eboraci—Mandatum
1650 743 1711 779 est
1748 740 1983 791 justiciariis
2022 740 2071 778 ad
2110 744 2238 778 custo-

544 797 653 835 diam
693 798 914 837 -Judeorum
954 800 1172 849 assignatis
1211 802 1316 851 quod
1355 815 1423 840 rex
1458 802 1655 841 concessit
1705 802 1852 849 Aaron,
1891 802 2018 841 Judeo
2054 802 2239 849 Eboraci,

543 858 854 908 presbiteratum
907 861 1090 899 omnium
1141 862 1362 901 Judeorum
1417 864 1561 913 Anglie
1613 877 1705 902 cum
1758 863 1947 902 omnibus
1986 863 2241 913 pertinentiis

545 920 628 959 suis
665 921 897 959 habendum
946 925 1031 961 tota
1082 923 1165 962 vita
1218 938 1315 969 sua;
1369 929 1408 964 et
1461 926 1648 975 quotiens
1700 926 1806 964 idem
1859 930 1990 964 Aaron
2034 925 2241 964 intendere

546 995 627 1021 non
677 982 801 1032 possit
853 984 902 1022 ad
953 985 1173 1023 sedendum
1229 987 1277 1024 ad
1331 987 1585 1026 Scaccarium
1634 988 1750 1038 regis,
1803 988 1907 1026 sicut
1961 988 2011 1026 ad
2063 988 2238 1026 officium

546 1044 646 1082 illud
696 1045 885 1094 pertinet,
940 1046 1108 1086 Joceum
1162 1048 1292 1087 filium
1343 1049 1487 1098 Gopini
1543 1050 1630 1088 loco
1687 1063 1758 1088 suo
1810 1050 2044 1100 recipia[n]t
2096 1050 2144 1088 ad
2196 1063 2241 1089 ea

548 1106 732 1144 facienda
787 1107 836 1145 ad
896 1108 1150 1147 Scaccarium
1219 1111 1321 1157 regis
1379 1124 1453 1160 que
1511 1112 1559 1149 ad
1624 1112 1801 1150 officium
1869 1112 1968 1149 illud
2025 1112 2241 1161 pertinent.

546 1168 713 1207 Rotulos
760 1169 883 1208 etiam
931 1170 998 1220 qui
1048 1172 1212 1210 fuerunt
1251 1173 1361 1211 -Jocei
1402 1173 1625 1222 presbiteri,
1666 1174 1951 1223 predecessoris
1996 1175 2069 1219 sui,
2110 1174 2238 1213 eidem

545 1230 690 1268 Aaron'
731 1231 793 1269 vel
834 1233 1012 1282 predicto
1049 1237 1255 1273 attornato
1295 1248 1366 1273 suo
1404 1235 1549 1274 habere
1588 1236 1753 1275 faciant.
1813 1237 1929 1274 Teste
1970 1240 2012 1274 ut
2052 1249 2183 1286 supra.

654 1353 706 1389 De
753 1354 896 1402 loquela
942 1358 1113 1403 ponenda
1155 1358 1192 1393 ‘in
1237 1365 1430 1405 respectzmr
1472 1359 1508 1394 ιή
1550 1359 1726 1395 comitatu
1769 1357 2239 1397 veron2'e.—Mandatum

543 1422 601 1451 est
654 1414 877 1453 vicecomiti
938 1417 1116 1455 Devonie
1171 1419 1276 1467 quod
1340 1419 1541 1468 loquelam
1596 1432 1672 1468 que
1724 1422 1784 1458 est
1836 1419 1877 1456 in
1923 1420 2119 1458 comitatu
2172 1433 2243 1459 suo

543 1475 647 1514 inter
685 1477 903 1515 Robertum
944 1479 1108 1526 Burnel,
1150 1485 1367 1529 petentem,
1408 1484 1446 1518 ct
1486 1480 1673 1519 abbat-em
1712 1481 1760 1519 de
1799 1481 1941 1530 Majori
1982 1482 2239 1528 Monasterio,

544 1543 762 1584 tenentem,
815 1539 882 1589 qui
941 1549 999 1578 est
1052 1542 1092 1579 in
1148 1543 1329 1591 partibus
1383 1544 1679 1589 transmarinis,
1733 1544 1779 1581 dc
1835 1543 2001 1581 dimidia
2057 1548 2242 1583 carucata

544 1605 644 1639 terre
693 1615 783 1640 cum
834 1603 1089 1651 pertinentiis
1139 1605 1179 1643 in
1227 1605 1432 1651 Westcot’,
1488 1610 1611 1654 ponat
1661 1605 1701 1643 in
1751 1609 1977 1655 respectum
2031 1619 2155 1656 usque
2193 1607 2241 1645 ad

543 1663 771 1712 proximum
820 1665 1059 1704 comitatum
1113 1680 1232 1705 suum
1286 1671 1375 1717 post
1426 1667 1587 1706 octabas
1631 1668 1784 1707 Pasche
1827 1681 1934 1706 anno
1983 1669 2095 1718 regni
2140 1669 2243 1719 regis

544 1726 624 1776 xxj.
701 1726 817 1765 Teste
857 1740 945 1777 rege
995 1729 1100 1778 apud
1148 1729 1402 1775 Clarendon',
1444 1730 1573 1779 primo
1607 1730 1669 1769 die
1717 1730 1915 1769 Januarii.

654 1865 730 1901 Pro
785 1867 948 1903 Βίων-[ἕο
1004 1867 1480 1905 Sin-ard’.-*Mandatum
1534 1871 1593 1906 est
1649 1867 1875 1907 vicecomiti
1935 1867 2086 1907 Oxonie
2138 1869 2242 1920 quod

543 1926 786 1965 demandam
826 1941 946 1977 quam
985 1929 1083 1966 iacit
1121 1929 1294 1968 Ricardo
1331 1929 1484 1968 Siward
1523 1930 1570 1968 de
1601 1929 1735 1969 debito
1773 1931 1879 1980 quod
1913 1930 2028 1969 debet
2081 1931 2244 1970 domino

544 1988 626 2037 regi
680 2002 749 2038 per
813 1990 1177 2029 summonitionem
1231 1991 1427 2031 Scaccarii
1478 1996 1601 2041 ponat
1651 1992 1693 2030 in
1745 1996 1971 2042 respectum
2022 2006 2147 2042 usque
2196 1994 2244 2031 ad

545 2050 878 2090 Purificationem
941 2052 1064 2091 Beate
1127 2053 1252 2091 Marie
1319 2066 1426 2092 anno
1493 2054 1604 2103 regni
1668 2054 1772 2104 regis
1837 2055 1918 2105 xxj.
1976 2058 2014 2092 et
2080 2055 2241 2094 interim

544 2112 860 2152 amerciamenta
900 2114 1026 2163 ipsius
1072 2127 1118 2153 ea
1164 2115 1371 2154 occasione
1419 2126 1535 2166 capta
1584 2116 1617 2154 ei
1666 2116 1874 2155 deliberari
1916 2116 2049 2155 faciat.
2128 2118 2245 2157 Teste

544 2178 589 2212 ut
628 2187 761 2224 supra.

654 2318 731 2354 Pro
778 2319 905 2355 abbata
951 2327 984 2355 et
1030 2321 1220 2357 monachis
1268 2322 1310 2357 (Ie
1347 2322 1454 2359 Bello
1494 2321 1748 2359 Loca—Rex
1788 2320 2019 2359 custodibus
2057 2321 2241 2360 vinorum

544 2391 706 2417 suorum
750 2379 883 2427 Suht',
924 2381 1110 2419 salutem.
1186 2382 1437 2431 Precipimus
1485 2382 1596 2420 vobis
1635 2383 1739 2432 quod
1778 2383 1825 2421 de
1867 2382 1972 2421 vinis
2011 2383 2159 2421 nostris
2196 2384 2243 2422 de

542 2441 649 2489 prisa
687 2454 762 2491 que
801 2446 895 2480 sunt
934 2442 975 2481 in
1015 2444 1197 2482 custodia
1235 2448 1365 2483 vestra
1403 2444 1562 2483 faciatis
1610 2443 1756 2483 habere
1790 2444 1925 2483 abbati
1959 2448 1997 2483 et
2034 2446 2242 2484 monachis

544 2503 647 2541 Belli
694 2504 790 2542 Loci
838 2518 966 2543 unum
1013 2506 1165 2544 dolium
1213 2507 1297 2545 vini
1345 2507 1394 2545 ad
1441 2506 1749 2546 celebrationem
1807 2507 2023 2545 missarum
2080 2506 2242 2553 ibidem,

544 2566 647 2616 quod
694 2566 749 2604 eis
797 2567 1068 2606 concessimus
1116 2569 1165 2607 ad
1212 2569 1287 2607 hoc
1335 2569 1506 2618 singulis
1553 2569 1670 2607 annis
1719 2582 1788 2618 per
1837 2572 1990 2607 cartam
2048 2575 2242 2609 nostram.

546 2628 662 2667 Teste
700 2641 790 2678 rege
827 2629 932 2679 apud
973 2629 1172 2676 Clarend'‚
1211 2631 1270 2681 iij.
1311 2631 1374 2669 die
1414 2631 1610 2669 Januarii.

654 2767 732 2802 Pro
780 2767 939 2814 Paqano
986 2769 1028 2804 de
1078 2768 1559 2806 Chaurc’oe—Mandatum
1600 2770 1660 2806 est
1698 2766 1878 2805 Henrico
1911 2767 1959 2805 de
1996 2766 2104 2805 Dun’
2138 2768 2243 2818 quod

545 2902 677 2935 suum,
714 2890 761 2928 de
800 2890 904 2928 dono
943 2891 1059 2940 regis.
1137 2891 1253 2930 Teste
1292 2905 1381 2942 rege
1420 2892 1526 2942 apud
1566 2891 1749 2930 Clarend’
1791 2891 1863 2941 iiij.
1905 2891 1967 2929 die
2005 2891 2202 2930 Januarii.

654 3027 733 3063 Pro
790 3028 946 3064 Roberto
1003 3029 1045 3064 (Ie
1103 3029 1483 3077 Pz2199enay.-—Rex
1546 3028 1772 3067 vicecomiti
1830 3028 2000 3072 Wiltes',
2059 3028 2243 3066 salutem.

545 3087 794 3136 Precipimus
823 3088 896 3126 tibi
925 3089 1029 3138 quod
1064 3089 1149 3127 sine
1179 3090 1370 3128 dilatione
1403 3090 1524 3128 facias
1554 3089 1699 3129 habere
1730 3088 1905 3128 Roberto
1936 3089 1982 3127 de
2014 3089 2247 3140 Pluggenay

545 3149 744 3198 arreragia
778 3162 849 3187 sua
882 3162 957 3199 que
991 3150 1026 3188 ei
1059 3150 1256 3189 debentur
1289 3152 1336 3189 de
1370 3152 1566 3190 comitatu
1601 3151 1756 3190 Wiltes'
1786 3151 1881 3189 dum
1916 3151 1993 3189 fuit
2027 3151 2245 3190 vicecomes

543 3211 721 3260 ejusdem
766 3211 996 3257 comitatus,
1046 3225 1068 3250 a
1115 3213 1215 3251 festo
1267 3213 1405 3252 Sancti
1455 3213 1664 3252 Michaelis
1712 3225 1819 3252 anno
1866 3213 1977 3261 regni
2024 3213 2128 3262 regis
2179 3226 2244 3252 xx.

544 3284 667 3321 usque
724 3272 772 3310 ad
829 3273 972 3311 Natale
1030 3273 1197 3312 Domini
1259 3287 1365 3314 anno
1430 3275 1542 3324 regni
1607 3275 1704 3324 xxj„
1763 3277 1802 3312 et
1857 3274 1905 3312 de
1960 3273 2105 3324 quibus
2162 3274 2245 3323 ipse

543 3334 778 3383 respondere
817 3333 931 3372 debet
970 3335 1017 3372 ad
1059 3335 1311 3374 Scaccarium
1351 3341 1549 3374 nostrum.
1626 3335 1743 3374 Teste
1782 3338 1825 3374 ut
1866 3347 1997 3384 supra.
