2375 3587
172 309 316 356 1235.

179 374 239 415 [m.
256 375 305 414 3-]

1050 182 1102 222 19
1144 181 1353 223 HENRY
1393 182 1477 223 III.
2031 182 2114 223 143

515 375 671 414 Eodem
710 377 829 415 modo
867 378 1112 416 mandatum
1152 381 1211 416 est
1256 376 1561 416 vicecomitibus

514 462 669 501 Eodem
726 464 844 502 modo
901 464 1090 503 scribitur
1154 464 1457 503 vicecomitibus
1522 465 1657 511 Midffl,
1726 465 1891 512 Oxonie,
1958 466 2113 512 Essex',

408 524 628 571 Herti'ord’,
667 526 801 571 Berk’,
845 526 972 573 Surr’,
1012 527 1087 565 hoc
1126 527 1421 577 adjecto:——‘et
1460 540 1530 576 pro
1569 527 1725 564 catallis
1763 528 2027 576 fugitivorum
2075 531 2113 566 et

407 586 720 635 dampnatorum
760 590 798 625 et
837 587 986 626 finibus
1026 588 1144 626 factis
1191 602 1262 638 pro
1309 588 1474 626 licentia
1521 589 1805 634 concordandi,
1854 590 1959 628 unde
2007 590 2112 628 idem

407 647 528 686 abbas
579 651 668 687 etc.'
762 650 830 689 Set
883 650 925 687 in
966 650 1075 688 brevi
1123 650 1275 688 directo
1324 650 1550 689 vicecomiti
1599 649 1716 688 Berk‘
1767 651 1819 689 sit
1866 651 2019 689 mentio
2067 652 2115 689 de

406 709 642 749 collectione
680 723 833 749 eorum.

517 833 594 869 Pro
642 833 812 871 Henrico
862 835 903 870 de
954 833 1525 882 Halditlteley'.-Mandatum
1582 835 1642 871 est
1697 832 1873 870 baillivis
1930 833 2113 871 Bristolli

407 895 512 943 quod
551 894 598 932 de
637 894 851 933 dominicis
890 895 995 934 vinis
1035 896 1203 934 Henrici
1242 896 1288 934 de
1327 896 1533 941 Aldithel',
1573 895 1721 944 emptis
1769 895 1817 933 ad
1857 908 1955 944 opus
1995 909 2113 932 suuni

407 957 449 994 in
483 957 580 995 villa
614 957 809 1003 Bristolli,
843 958 1004 995 nullum
1038 958 1273 996 theloneum
1305 958 1479 1008 capiant,
1518 961 1569 1004 et,
1602 958 1635 995 si
1666 957 1761 1007 quid
1796 957 1888 995 inde
1921 958 2112 1007 ceperint,

406 1019 446 1057 id
484 1019 519 1057 ei
559 1019 669 1057 reddi
709 1019 873 1058 faciant.
952 1020 1068 1058 Teste
1107 1023 1152 1058 ut
1187 1033 1320 1070 supra.

520 1141 571 1177 De
617 1142 817 1189 quercubus
865 1141 1277 1179 datia—Mandatum
1325 1143 1385 1178 est
1432 1140 1596 1179 baillivo
1643 1141 1692 1179 de
1749 1140 1952 1180 Feckham
2008 1142 2114 1191 quod

408 1201 553 1240 habere
593 1202 713 1241 faciat
753 1202 960 1241 Willelmo
999 1203 1046 1241 de
1085 1203 1301 1252 Cantilupo
1341 1206 1420 1241 tres
1458 1216 1627 1253 quercus
1675 1204 1722 1241 de
1769 1205 1875 1242 dono
1922 1205 2024 1253 regis
2072 1205 2113 1242 in

408 1263 556 1302 foresta
594 1265 640 1302 de
679 1264 920 1303 Feckeham.
994 1265 1111 1303 Teste
1142 1278 1233 1315 rege
1267 1266 1373 1315 apud
1407 1266 1618 1312 Malvern’,
1654 1280 1718 1304 xx.
1753 1266 1815 1304 die
1852 1266 2112 1315 Septembris.

514 1352 756 1390 Mandatum
795 1356 854 1390 est
893 1352 1191 1390 constabulario
1232 1353 1373 1392 Sancti
1412 1353 1603 1391 Briavelli
1649 1354 1755 1402 quod
1802 1353 1948 1392 habere
1993 1354 2114 1392 faciat

407 1413 529 1463 priori
577 1414 743 1464 Majoris
791 1414 987 1452 Malvern'
1025 1415 1125 1453 duas
1172 1428 1340 1464 quercus
1387 1415 1428 1452 in
1477 1415 1625 1453 foresta
1672 1416 1719 1453 de
1767 1415 1868 1454 Den’
1917 1416 1964 1454 de
2011 1417 2115 1454 dono

407 1475 523 1525 regis,
573 1476 622 1514 ad
670 1476 877 1514 cindulam
926 1476 1152 1515 faciendam
1201 1477 1250 1515 ad
1297 1477 1572 1526 operationem
1620 1478 1785 1516 ecclesie
1839 1491 1922 1517 sue.
1998 1478 2115 1517 Teste

407 1540 452 1576 ut
491 1550 624 1587 supra.

513 1659 591 1696 Pro
631 1660 863 1696 Eboraeensi
901 1660 1175 1708 archiepiscopo
1216 1661 1257 1695 de
1299 1661 1443 1697 clericis
1496 1661 1640 1696 rettatis
1680 1662 1722 1696 cle
1755 1660 2115 1699 latrocinia—Rex

406 1720 633 1759 vicecomiti
664 1720 829 1769 Noting'
863 1721 1048 1759 salutem.
1100 1720 1211 1759 Scias
1241 1722 1345 1770 quod
1375 1721 1425 1759 ad
1454 1721 1693 1760 instantiam
1723 1723 1961 1761 venerabilis
1991 1724 2117 1773 patris

407 1783 469 1821 W.
509 1782 774 1821 Eboracensis
819 1783 1108 1832 archiepiscopi
1156 1783 1503 1821 commodavimus
1549 1784 1583 1821 ei
1630 1785 1789 1833 gaolam
1828 1786 1948 1823 castri
1987 1785 2116 1824 nostri

406 1845 586 1894 Notiug’,
636 1845 685 1883 ad
733 1845 898 1883 clericos
946 1845 993 1883 de
1040 1845 1252 1883 latrocinio
1299 1848 1338 1883 et
1390 1846 1618 1884 malefactis
1666 1850 1834 1885 rettatos
1889 1850 1928 1885 et
1982 1860 2115 1886 coram

405 1907 639 1957 justiciariis
687 1907 837 1945 nostris
885 1920 955 1957 per
1002 1907 1230 1946 libertatem
1279 1908 1589 1946 ecclesiasticam
1639 1909 1674 1946 ei
1722 1908 1925 1956 liberatos,
1973 1910 2014 1947 in
2071 1923 2116 1948 ea

406 1970 612 2018 ponendos
651 1972 689 2007 et
728 1969 838 2007 salvo
877 1969 1174 2014 custodiendos,
1214 1970 1270 2007 ita
1307 1970 1412 2019 quod
1449 1983 1514 2008 eos
1558 1969 1707 2008 ibidem
1753 1971 1875 2009 faciat
1922 1971 2114 2010 exhiberi.

406 2031 462 2069 Et
509 2031 598 2069 ideo
646 2031 718 2069 tibi
766 2031 1011 2081 precipimus
1059 2032 1163 2081 quod
1212 2032 1411 2081 predictos
1459 2032 1624 2071 clericos
1686 2036 1855 2072 rettatos
1909 2033 1964 2072 ibi
2021 2035 2115 2083 poni

406 2093 631 2143 permittas,
673 2093 777 2132 sicut
815 2093 1042 2143 predictum
1080 2097 1153 2132 est.
1232 2094 1348 2133 Teste
1387 2097 1431 2133 ut
1470 2107 1603 2144 supra.

513 2216 570 2252 De
607 2214 967 2264 quercubus.—Rex
1006 2214 1172 2263 Hugoni
1210 2214 1295 2253 filio
1334 2214 1514 2261 Roberti‚
1546 2214 1758 2253 forestario
1788 2228 1859 2254 suo
1890 2216 1937 2254 de
1969 2216 2117 2255 foresta

408 2275 582 2326 Salopie‚
632 2276 818 2315 salutem.
897 2276 1146 2326 Precipimus
1194 2276 1268 2315 tibi
1314 2277 1421 2326 quod
1468 2275 1614 2315 habere
1669 2276 1793 2315 facias
1851 2277 2118 2328 burgensibus

406 2339 453 2376 de
502 2339 656 2388 Bruges
703 2338 879 2388 quinque
926 2351 1096 2388 quercus
1145 2339 1186 2375 in
1237 2339 1385 2377 foresta
1432 2338 1479 2376 de
1531 2338 1684 2377 Shirlet
1733 2340 1781 2377 ad
1840 2340 2023 2379 cindulas
2078 2346 2116 2380 et

405 2400 513 2438 aliud
562 2400 826 2438 maeremium
883 2400 1112 2438 faciendum
1166 2401 1215 2438 ad
1259 2400 1567 2450 cooperiendum
1608 2401 1752 2439 turrim
1792 2415 1911 2452 super
1952 2406 2115 2452 pontem

405 2463 452 2501 de
491 2463 658 2512 Bruges.
737 2463 855 2501 Teste
895 2466 940 2501 ut
979 2475 1112 2512 supra.

514 2586 592 2622 Pro
624 2587 776 2622 Matheo
807 2587 849 2622 de
878 2585 1227 2623 Hamillus—Rex
1256 2585 1485 2623 vicecomiti
1514 2585 1726 2624 Norbamt'
1769 2586 1949 2625 salutem.
2013 2587 2116 2634 Quia

403 2649 562 2685 constat
601 2646 717 2685 nobis
756 2660 826 2696 per
864 2647 1171 2697 inquisitionem
1217 2660 1340 2697 quam
1380 2647 1512 2686 fecisti
1546 2659 1616 2696 per
1649 2650 1882 2697 preceptum
1916 2652 2114 2695 nostrum,

403 2710 509 2759 quod
540 2709 730 2748 Matheus
764 2710 811 2747 de
842 2710 1025 2760 Rumilly
1057 2710 1211 2748 dimisit
1237 2709 1459 2748 Eustachio
1497 2710 1544 2747 de
1572 2710 1811 2748 Gerardvill'
1835 2712 1849 2760 j
1887 2715 2115 2750 carucatam

403 2774 506 2809 terre
555 2784 647 2810 cum
697 2772 955 2821 pertinentiis
1004 2773 1045 2810 in
1096 2772 1336 2810 Helmeden’
1378 2772 1427 2810 ad
1477 2771 1639 2810 firmam
1691 2772 1740 2810 ad
1790 2773 2025 2820 terminum,
2077 2777 2116 2812 et

403 2833 509 2883 quod
555 2833 662 2871 idem
701 2833 951 2872 Eustachius
995 2834 1165 2872 eandem
1214 2837 1361 2872 terrani
1409 2832 1566 2872 dimisit
1613 2834 1662 2871 ad
1709 2833 1870 2872 firmam
1912 2835 2116 2874 Willelmo

403 2896 451 2933 de
485 2895 647 2934 Breaut’
682 2896 732 2933 ad
767 2896 1002 2942 terminum,
1038 2900 1077 2934 et
1111 2897 1216 2946 quod
1251 2896 1358 2933 idem
1390 2895 1620 2934 Willelmus
1654 2898 1803 2934 terram
1838 2896 1949 2935 illam
1985 2897 2115 2935 tenuit

404 2970 529 3007 usque
559 2958 607 2995 ad
637 2958 866 3007 captionem
902 2958 1022 2997 castri
1061 2959 1108 2996 de
1148 2957 1375 3003 Bedeford’,
1415 2959 1453 2995 et
1491 2957 1597 3007 quod
1631 2957 1770 2996 eadem
1814 2961 1919 2997 terra
1958 2959 2116 2997 devenit

404 3022 500 3057 tunc
537 3019 579 3056 in
618 3032 788 3057 manum
828 3022 1010 3058 nostram
1049 3020 1258 3059 occasione
1297 3018 1574 3068 suspensionis
1617 3019 1799 3070 eJ'usdem
1839 3020 2033 3058 Willelmi
2071 3033 2116 3058 eo

403 3082 508 3131 quod
544 3081 623 3120 fuit
662 3081 705 3119 in
743 3082 921 3131 predicto
959 3085 1090 3121 castro
1133 3085 1275 3121 contra
1313 3093 1400 3127 nos,
1440 3083 1479 3120 et
1518 3082 1623 3131 quod
1658 3082 1869 3128 terminus,
1909 3082 1958 3120 ad
1996 3094 2114 3132 quem

402 3143 581 3193 predicta
628 3146 735 3182 terra
781 3143 951 3183 dimissa
998 3148 1096 3191 erat,
1136 3145 1220 3196 jam
1258 3142 1466 3193 preteriit3
1514 3143 1589 3183 tibi
1628 3144 1871 3194 precipimus
1918 3144 2022 3193 quod
2069 3144 2116 3183 de

402 3205 582 3255 predicta
624 3208 731 3244 terra
774 3205 903 3244 eidem
944 3206 1109 3245 Matheo
1151 3207 1315 3256 plenam
1354 3205 1548 3244 saisinam
1591 3205 1737 3245 habere
1776 3206 1914 3244 facias.
2000 3205 2117 3245 Teste

403 3281 494 3317 rege
532 3269 637 3317 apud
678 3267 844 3315 Theok’‚
885 3268 966 3318 xxj.
1007 3269 1070 3307 die
1111 3267 1375 3318 Septembris.

796 3366 1040 3397 *Substituted
1078 3365 1134 3397 for
1177 3365 1386 3398 ‘Eustachio
1422 3364 1462 3395 de
1501 3364 1719 3396 Gerardvill'.
