2375 3587
209 220 290 258 2445

276 348 399 393 1236

271 416 319 453 [ni
350 414 414 452 16]

1145 217 1329 265 CLOSE
1369 222 1572 264 ROLLS.

616 413 695 448 Pro
735 413 918 450 illivleaaele
946 414 1037 461 filio
1076 413 1568 451 Nielmlct12—-Mandatum
1602 416 1662 451 est
1697 412 1867 451 Ricardo
1904 412 1952 451 de
1991 413 2204 452 Wrotham

506 474 610 523 quod
648 474 912 512 maeremium
950 476 1055 524 quod
1094 475 1264 513 Michael
1312 475 1420 513 filius
1468 475 1652 514 Nicholai
1699 474 1925 524 perquirere
1972 476 2117 525 poterit
2164 476 2206 514 in

507 534 654 573 balliva
688 549 758 573 sua
797 537 845 573 ad
885 550 923 574 se
963 537 1252 585 hospitandum
1292 537 1398 585 apud
1437 537 1604 575 Norton’
1640 539 1680 574 et
1721 535 1940 586 Sidelberg’
1975 537 2076 575 illud
2113 550 2205 575 euni

505 596 627 634 libere
665 601 703 635 et
742 597 827 635 sine
864 598 1154 647 impedimento
1201 598 1463 636 chiminachii
1512 598 1661 636 cariare
1709 597 1931 647 permittat.
2008 598 2124 638 Teste
2162 603 2206 638 ut

506 671 638 708 supra.

615 775 692 810 Pro
727 775 853 821 prim-1¹
895 774 1030 810 Sama>
1066 774 1268 810 Fremit-ide
1310 773 1628 820 ().1·‹›nz'e.—-Quia
1666 775 1935 822 protestatum
1974 775 2034 811 est
2072 785 2206 811 coram

505 847 595 883 rege
634 847 702 883 per
741 835 993 873 Christianos
1031 838 1070 872 et
1109 847 1177 884 per
1217 835 1368 873 -Judeos
1406 835 1511 884 quod
1559 835 1606 872 de
1654 835 1798 883 viginti
1846 838 1885 873 et
1933 847 2014 872 una
2061 835 2207 873 marcis

504 909 602 945 quas
642 896 820 944 Copinus
850 896 1003 934 Judeus
1043 896 1196 934 Oxonie
1234 897 1419 946 deposuit
1454 897 1495 934 in
1530 897 1708 946 prioratu
1743 896 1890 935 Sancte
1922 896 2206 943 Fretheswide‚

506 957 673 1003 Oxonie,
715 958 842 996 solute
880 962 975 996 sunt
1013 958 1119 996 dicto
1159 959 1312 1008 Copino
1352 958 1494 1008 viginti
1539 971 1672 996 marce
1711 971 1780 1007 per
1817 957 1990 1007 priorem
2029 958 2208 1008 ejusdem

504 1019 669 1060 domus:
710 1019 949 1057 mandatum
987 1022 1047 1058 est
1081 1019 1308 1058 vicecomiti
1347 1020 1498 1058 Oxonie
1530 1020 1648 1070 quod,
1681 1032 1772 1057 cum
1803 1018 2057 1057 satisfactum
2087 1019 2209 1057 fuerit

504 1080 639 1119 heredi
678 1081 845 1130 predicti
893 1081 1037 1131 Copini
1075 1082 1123 1120 de
1161 1095 1242 1120 una
1279 1095 1414 1120 marca
1452 1081 1609 1120 residua
1649 1094 1716 1130 per
1756 1081 1982 1130 predictum
2021 1081 2207 1130 priorem,

504 1146 656 1181 cartam
706 1143 872 1192 predicti
928 1144 1071 1193 prioris
1126 1157 1202 1194 que
1264 1144 1410 1182 residet
1466 1156 1586 1193 penes
1638 1143 1836 1192 predictos
1887 1142 2014 1192 ipsius
2065 1142 2208 1192 Copini

505 1204 633 1242 eidem
666 1204 787 1254 priori
825 1205 911 1243 sine
945 1205 1138 1245 dilatione
1176 1206 1287 1244 reddi
1325 1205 1459 1244 faciat.
1539 1205 1655 1243 Teste
1694 1217 1783 1254 rege
1822 1208 1866 1243 ut
1905 1217 2039 1254 supra.

614 1328 670 1363 De
717 1335 863 1364 sau-tenta
913 1335 1007 1364 terre
1058 1329 1190 1364 Home
1237 1328 1269 1364 le
1318 1326 1746 1364 Is'scot.*Mandatum
1785 1328 1844 1364 est
1888 1324 2123 1375 justiciariis
2161 1324 2210 1362 ad

505 1388 729 1426 custodiam
787 1389 1007 1427 Judeorum
1061 1389 1277 1437 assignatis
1326 1389 1429 1438 quod
1486 1392 1633 1426 terram
1695 1388 1849 1426 Thome
1905 1388 1941 1426 16
1991 1387 2115 1426 Escot
2163 1387 2211 1424 de

507 1450 685 1488 Werton’
726 1451 768 1488 in
803 1451 969 1488 Werton
1013 1463 1088 1500 que
1136 1454 1196 1488 est
1231 1451 1394 1488 vadium
1434 1450 1578 1495 Aaron,
1620 1449 1739 1487 Judei
1781 1448 1966 1494 Eboraci,
2008 1449 2208 1493 Deudun‘,

506 1512 623 1550 Judei
656 1513 909 1562 Norhampt’,
940 1516 978 1551 et
1015 1513 1245 1551 Salomonis
1277 1513 1312 1551 le
1342 1514 1459 1562 Neyr,
1490 1512 1608 1550 -Judei
1641 1511 1826 1557 Eboraci,
1857 1511 2016 1550 extendi
2058 1510 2210 1549 faciant

506 1579 704 1624 quantum
758 1576 888 1613 valeat
953 1575 993 1612 in
1060 1575 1287 1619 dominicis,
1344 1575 1568 1623 vilenagiis,
1636 1573 1871 1618 redditibus,
1930 1573 2108 1612 serviciis
2170 1576 2209 1610 et

507 1636 695 1674 omnibus
734 1638 823 1675 aliis
863 1635 1036 1674 exitibus
1074 1640 1187 1682 terre,
1225 1640 1276 1682 et,
1316 1637 1421 1674 facta
1461 1640 1624 1674 extenta
1661 1636 1851 1686 predicta,
1887 1636 2017 1674 eidem
2058 1635 2211 1674 Thome

507 1699 787 1736 rationabilem
827 1699 950 1736 finem
989 1703 1027 1737 et
1076 1699 1334 1737 rationabiles
1383 1699 1577 1737 terminos
1620 1698 1765 1736 habere
1800 1698 1953 1737 faciant
1992 1698 2042 1736 ad
2078 1696 2213 1736 debita

506 1774 581 1810 que
620 1761 808 1810 predictis
845 1761 985 1799 Judeis
1023 1761 1138 1799 debet
1177 1761 1377 1799 reddenda
1416 1761 1637 1799 secundum
1678 1760 1855 1798 valorem
1893 1759 2068 1809 predicte
2110 1762 2211 1797 terre

506 1826 545 1860 et
594 1823 864 1872 quantitatem
915 1823 1184 1872 predictorum
1233 1823 1473 1861 debitorum.
1551 1822 1667 1860 Teste
1720 1835 1809 1871 rege
1862 1822 1966 1871 apud
2013 1821 2207 1866 Wudest’‚

508 1884 637 1933 primo
676 1885 739 1922 die
776 1885 930 1923 Marcii.

615 1998 670 2033 ])‹'
704 1998 972 2045 peraelanatimzv
1010 2011 1076 2044 [71⁸1]
1115 1998 1290 2033 Jttltatlw‘
1328 1998 1370 2032 tle
1413 1995 1720 2033 I'lt'sseC'.——RGX
1757 1994 1995 2044 perdonssaVli}
2031 1994 2210 2032 JOhannl

506 2060 552 2097 de
592 2059 757 2097 Plesset’
811 2059 910 2096 duas
958 2071 1112 2096 marcas
1158 2071 1232 2107 que
1278 2058 1326 2096 ab
1376 2072 1420 2096 eo
1468 2057 1684 2106 exiguntur
1730 2069 1799 2105 per
1848 2055 2209 2094 summonitionem

507 2121 701 2161 Scaccarii
752 2121 855 2170 regis
905 2120 952 2157 de
1002 2120 1170 2169 prestito
1222 2120 1379 2158 Wallie.
1458 2120 1513 2157 Et
1571 2119 1810 2157 mandatum
1867 2121 1928 2156 est
1983 2117 2209 2156 vicecomiti

508 2183 661 2221 Oxonie
711 2182 815 2231 quod
867 2181 995 2219 eidem
1043 2180 1223 2219 Johanni
1262 2193 1401 2230 pacem
1450 2180 1542 2218 inde
1593 2179 1738 2218 habere
1793 2179 2015 2229 permittat.
2090 2179 2210 2217 Teste

507 2258 596 2294 rege
635 2244 739 2293 apud
779 2243 969 2289 Wudest',
991 2256 1033 2293 1]
1056 2243 1118 2280 die
1158 2242 1314 2280 Marcii.

622 2359 695 2394 I'ro
732 2358 857 2404 priore
891 2357 933 2391 sle
973 2354 1250 2392 flurin—Rex
1297 2353 1497 2392 concessit
1544 2366 1613 2402 per
1649 2356 1803 2391 cartam
1850 2363 1964 2390 suam
2004 2350 2125 2401 priori
2164 2350 2211 2388 de

509 2419 626 2456 Hurl'
667 2418 861 2468 quasdam
901 2416 1106 2455 libertates
1154 2419 1192 2454 et
1239 2415 1489 2465 quietancias
1528 2414 1687 2464 plenius
1726 2414 1766 2452 in
1817 2416 1927 2452 carta
1972 2412 2075 2462 regis
2113 2425 2211 2462 quas

510 2481 544 2517 ei
595 2480 686 2518 inde
738 2479 823 2517 fieri
870 2479 963 2517 fecit
1015 2481 1239 2516 contentas.
1317 2477 1372 2514 Et
1423 2477 1663 2515 mandatum
1705 2478 1766 2514 est
1817 2474 2043 2514 vicecomiti
2091 2473 2208 2512 Berk’

512 2543 616 2592 quod
655 2542 873 2592 predictam
908 2544 1060 2579 cartam
1098 2540 1140 2577 in
1175 2540 1295 2589 pleno
1334 2539 1531 2577 comitatu
1565 2551 1637 2576 suo
1667 2538 1745 2588 legi
1784 2541 1823 2576 et
1863 2537 1898 2575 ei
1937 2536 2144 2575 libertates
2173 2539 2212 2574 et

509 2603 759 2654 quietancias
798 2603 839 2640 in
878 2615 924 2640 ea
961 2605 1173 2641 contentas
1212 2601 1338 2639 teneri
1380 2601 1515 2639 faciat.
1601 2601 1717 2638 Teste
1757 2602 1801 2638 ut
1840 2611 1976 2648 supra.

618 2683 771 2720 Eodem
830 2681 949 2719 modo
1005 2680 1243 2718 mandatum
1300 2684 1360 2717 est
1417 2678 1716 2717 constabulario
1765 2678 1813 2715 de
1865 2676 2059 2714 Windles’
2105 2676 2211 2726 quod

508 2748 660 2783 cartam
706 2744 927 2793 predictam
969 2743 1009 2779 in
1059 2742 1169 2780 curia
1212 2742 1259 2779 de
1298 2741 1475 2779 Windes'
1524 2741 1602 2790 legi
1642 2740 1762 2779 faciat
1804 2742 1843 2778 et
1880 2738 2088 2777 libertates
2132 2741 2208 2777 etc.

509 2807 544 2845 ei
583 2806 709 2844 teneri
744 2805 879 2843 faciat.
956 2804 1071 2841 Teste
1110 2806 1155 2841 ut
1186 2816 1320 2852 supra.

617 2886 772 2923 Eodem
818 2884 937 2922 inodo
986 2882 1225 2920 mandatum
1269 2884 1328 2919 est
1363 2880 1521 2919 ballivis
1559 2881 1607 2919 de
1657 2883 1809 2930 septem
1848 2878 2067 2917 hundredis
2105 2878 2209 2928 quod

512 2950 665 2987 cartam
715 2947 827 2985 illam
884 2945 961 2994 legi
1013 2944 1165 2983 faciant
1216 2944 1257 2982 in
1312 2943 1500 2993 predictis
1557 2943 1777 2982 hundredis
1828 2945 1867 2981 et
1918 2940 2057 2986 teneri,
2107 2940 2210 2980 sicut

511 3010 734 3060 predictum
773 3011 845 3046 est.
923 3007 1038 3045 Teste
1078 3009 1123 3045 ut
1162 3018 1295 3055 supra.

625 3131 696 3166 Pro
758 3129 944 3165 willelmo
1003 3130 1033 3163 le
1093 3127 1393 3166 manau—Rex
1451 3125 1684 3176 justiciariis
1741 3124 1824 3163 suis
1880 3123 1929 3161 ad
1985 3122 2207 3161 custodiam

511 3193 730 3231 Judeorum
770 3189 985 3238 assignatis
1023 3189 1208 3227 salutem.
1268 3188 1509 3227 Monstravit
1557 3187 1672 3225 nobis
1712 3186 1941 3225 Willelmus
1985 3185 2021 3222 16
2057 3184 2206 3222 Blund’

509 3255 615 3305 quod
657 3255 799 3290 mutuo
846 3251 998 3299 accepit
1045 3251 1091 3288 de
1144 3250 1285 3288 David‘
1336 3250 1463 3288 Judeo
1521 3249 1672 3288 Oxonie
1716 3251 1889 3297 quatuor
1938 3259 2093 3284 marcas
2137 3258 2208 3294 pro

511 3318 645 3355 decem
698 3313 844 3352 marcis
890 3313 1018 3350 eidem
1058 3312 1187 3350 Judeo
1239 3312 1449 3350 reddendis
1498 3324 1520 3349 a
1569 3311 1739 3355 Pascha,
1777 3322 1885 3347 anno
1929 3308 2041 3358 regni
2079 3307 2207 3346 nostri

511 3379 664 3417 decimo
702 3389 822 3420 nono,
863 3375 968 3412 infra
1006 3374 1160 3412 Pascha
1194 3374 1376 3423 proximo
1415 3386 1596 3423 sequens,
1636 3375 1676 3410 et
1713 3371 1807 3421 quia
1845 3371 1947 3408 idem
1980 3369 2207 3408 Willelmus
