2375 3587
192 338 337 385 1234.

180 404 242 445 [m.
273 403 348 446 24]

179 1621 228 1661 [m
259 1619 301 1652 23
318 1621 331 1661 ]

1081 220 1132 261 19
1174 218 1380 260 HENRY
1422 219 1503 260 ΠΙ.
2084 224 2134 266 17

431 413 560 452 honor
596 427 704 453 nunc
743 418 802 453 est
839 415 881 453 in
920 428 1046 453 manu
1084 415 1289 454 comitisse
1333 415 1462 466 Augy,
1511 415 1559 454 de
1606 428 1684 465 qua
1738 416 1843 454 idem
1906 416 2134 455 Willehnus

431 478 578 514 terram
613 490 728 515 suam
756 479 878 523 tenet,
917 477 1029 516 vobis
1067 478 1309 516 mandamus
1347 478 1453 527 quod
1492 478 1538 516 de
1589 478 1767 527 predicto
1807 478 1968 517 servitio
2006 479 2134 518 eidem

431 538 637 577 Willelmo
675 552 812 589 pacem
853 539 998 578 habere
1037 540 1297 589 permittatis.
1382 540 1499 578 Teste
1538 543 1583 578 ut
1623 553 1757 589 supra.

538 681 616 718 Pro
655 682 784 718 comm
820 682 979 726 Kaneie,
1020 683 1062 718 de
1101 683 1277 719 maneriis
1315 683 1357 718 de
1399 682 1535 719 Gamel
1573 689 1605 718 et
1635 683 1676 717 de
1718 681 2135 720 Saleam.——-D01ni11us

430 754 498 780 rex
535 742 707 781 reddidit
747 743 800 781 H.
841 743 888 781 de
926 744 1076 793 Bmgo,
1117 743 1255 782 comiti
1305 743 1469 789 Kancie‚
1511 743 1740 781 manerium
1780 743 1826 781 de
1865 743 2003 782 Camel
2042 757 2133 783 cum

429 804 699 852 pertinentiis,
739 805 844 854 quod
887 804 1027 844 habuit
1069 805 1117 843 de
1164 805 1269 843 dono
1317 805 1473 844 domini
1522 805 1560 843 J.
1612 805 1729 854 regis.
1802 805 1857 844 Et
1896 806 2134 844 mandatum

429 868 489 904 est
535 866 761 905 vicecomiti
810 868 988 907 Sumers’
1027 867 1132 917 quod
1179 867 1227 905 de
1275 868 1453 917 predicto
1492 867 1673 905 manerio
1722 880 1814 905 cum
1864 868 2132 917 pertinentiis,

429 941 511 966 una
548 941 640 967 cum
680 928 808 967 bladis
835 929 1001 967 rdomini
1040 929 1157 978 regis,
1222 929 1375 968 carucis
1424 932 1463 967 et
1512 929 1705 967 instauris
1754 942 1830 978 que
1869 942 1937 967 rex
1985 929 2134 969 ibidem

429 989 585 1037 habuit,
626 991 756 1029 eidem
795 991 935 1030 comiti
973 991 1137 1041 plenam
1176 990 1368 1030 seisinam
1406 990 1553 1029 habere
1584 991 1718 1030 faciat.
1779 992 1896 1030 Teste
1927 994 1971 1030 ut
2001 1005 2133 1042 supra.

537 1095 622 1133 Rex
673 1095 845 1134 reddidit
896 1096 1025 1134 eidem
1069 1095 1209 1134 comiti
1261 1095 1490 1134 manerium
1539 1095 1587 1133 de
1638 1095 1791 1135 Saham
1840 1096 1883 1133 in
1940 1097 2136 1136 comitatu

429 1157 688 1208 Kantebrigie
725 1171 817 1196 cum
856 1158 1125 1208 pertinentiis,
1165 1159 1272 1208 quod
1310 1157 1453 1196 habuit
1492 1158 1539 1195 de
1586 1157 1708 1196 ballio
1739 1158 1893 1196 domini
1940 1159 1978 1197 J.
2019 1160 2135 1208 regis,

428 1225 467 1258 et
514 1220 619 1258 unde
667 1220 857 1259 dominus
904 1234 972 1259 rex
1019 1221 1154 1270 ipsum
1205 1220 1423 1259 disseisivit
1471 1233 1541 1270 per
1588 1220 1842 1259 voluntatem
1892 1234 2022 1259 suam.
2082 1222 2136 1259 Et

428 1283 668 1321 mandatum
725 1285 785 1321 est
841 1283 1013 1322 Ricardo
1068 1283 1115 1322 de
1172 1283 1211 1322 la
1259 1283 1358 1321 Lad'
1419 1285 1457 1321 et
1505 1282 1589 1321 Ade
1646 1282 1728 1320 filio
1786 1283 1982 1321 Willelmi
2031 1285 2135 1333 quod

428 1344 475 1382 de
539 1344 715 1394 predicto
763 1346 944 1383 manerio
991 1358 1083 1384 cum
1140 1344 1398 1395 pertinentiis
1459 1347 1498 1383 et
1546 1357 1638 1383 cum
1705 1343 1849 1391 bladis,
1900 1346 2053 1384 carucis
2098 1348 2136 1384 et

429 1406 621 1445 instauris
674 1420 749 1457 que
796 1421 864 1446 rex
919 1407 1068 1446 ibidem
1116 1407 1273 1454 habuit,
1335 1407 1498 1457 plenam
1547 1407 1738 1446 seisinam
1806 1407 1936 1446 eidem
1997 1408 2137 1447 comiti

429 1468 575 1507 habere
623 1469 787 1509 faciant.
847 1470 963 1508 Teste
1001 1473 1046 1509 ut
1085 1483 1219 1520 supra.

538 1611 594 1648 De
650 1612 783 1648 ιῙιιιΙυὶ3
840 1613 1032 1649 mittendis
1088 1625 1201 1661 usque
1256 1611 1743 1649 London’.—Mandatum
1801 1614 1860 1650 est
1909 1611 2137 1650 vicecomiti

430 1672 543 1711 Norf’
575 1673 681 1722 quod
721 1674 870 1712 Judeos
917 1674 964 1712 de
1013 1674 1208 1721 NorWico,
1258 1677 1395 1723 captos
1435 1676 1473 1712 et
1521 1674 1704 1712 detentos
1752 1673 1794 1711 in
1833 1674 1996 1723 prisona
2034 1674 2138 1723 regis

429 1748 500 1784 pro
566 1736 882 1785 transgressione
946 1750 1068 1786 quam
1136 1737 1318 1775 fecerunt
1383 1736 1430 1775 de
1497 1737 1674 1786 quodam
1735 1749 1857 1786 parvo
1906 1736 2138 1775 Christiano

429 1797 764 1845 circumcidendo,
805 1802 850 1837 ut
886 1799 1045 1847 dicitur,
1082 1799 1179 1838 visis
1218 1799 1377 1844 litteris,
1409 1799 1519 1837 mitti
1550 1799 1672 1837 faciat
1711 1799 1760 1837 ad
1799 1801 1960 1837 custum
1998 1812 2136 1837 eorum

434 1873 559 1911 usque
597 1861 726 1899 Lond’
766 1861 993 1900 liberandos
1040 1861 1188 1900 ibidem
1237 1860 1536 1900 constabulario
1593 1861 1731 1899 Turris
1778 1861 1924 1909 Lond',
1972 1862 2035 1900 cui
2069 1874 2137 1899 rex

433 1923 609 1973 precepit
646 1936 715 1973 per
752 1924 889 1962 literas
926 1937 1031 1970 suas,
1070 1937 1170 1973 quas
1208 1923 1337 1962 eidem
1375 1923 1602 1962 vicecomiti
1649 1923 1778 1961 mittit
1825 1923 1860 1961 ei
1899 1923 2133 1969 mittendas,

432 1986 538 2035 quod
576 1998 642 2024 eos
678 1986 844 2036 recipiat
882 1988 921 2025 et
958 1999 1024 2025 eos
1063 1986 1172 2025 salvo
1211 1986 1424 2025 custodiat.
1484 1985 1600 2024 Teste
1648 1988 1692 2024 ut
1731 1998 1864 2036 supra.

538 2129 596 2165 Da
632 2130 823 2166 tradendis
861 2131 903 2167 in
937 2128 1411 2167 hallinm.—Mandatum
1449 2131 1509 2167 est
1549 2128 1777 2167 vicecomiti
1818 2128 1978 2167 Sussex'
2015 2128 2135 2178 quod,

431 2190 463 2228 si
503 2190 701 2229 Robertus
730 2190 766 2229 le
796 2191 1017 2236 Fauconer,
1060 2190 1317 2237 Godefridus,
1352 2190 1560 2229 Johannes
1603 2192 1642 2228 et
1672 2190 1898 2240 Philippus,
1934 2190 2008 2228 filii
2038 2191 2137 2240 ejus,

431 2253 614 2299 Matiliis,
655 2266 756 2291 uxor
793 2253 919 2302 ipsius
955 2252 1131 2299 Roberti‚
1171 2256 1210 2291 et
1258 2252 1448 2291 Johanna
1486 2252 1571 2290 filia
1608 2253 1708 2303 ejus,
1752 2252 1859 2301 capti
1907 2255 1945 2291 et
1984 2253 2138 2290 detenti

431 2315 473 2352 in
531 2315 695 2364 prisona
750 2315 854 2364 regis
908 2316 955 2353 de
1013 2314 1201 2353 Bremble
1258 2327 1329 2364 pro
1386 2316 1514 2353 morte
1560 2314 1778 2352 Alexandri
1825 2314 1872 2352 de
1915 2315 2137 2365 Byrcholt’,

431 2377 661 2416 invenerint
699 2377 734 2416 ei
783 2378 993 2416 duodecim
1038 2377 1184 2416 liberos
1233 2380 1272 2415 et
1311 2377 1459 2427 legales
1499 2376 1686 2415 homines
1731 2377 1779 2415 de
1831 2377 2027 2415 comitatu
2067 2390 2137 2415 suo

432 2440 501 2490 qui
539 2453 605 2478 eos
642 2440 931 2490 manucapiant
972 2439 1118 2478 habere
1160 2452 1294 2478 coram
1345 2439 1510 2478 domino
1564 2452 1653 2489 rege
1706 2439 1748 2477 in
1801 2438 1955 2478 octabis
1997 2439 2137 2477 Sancti

432 2502 597 2540 Hillarii
634 2515 741 2541 anno
779 2506 855 2541 etc.
895 2502 976 2540 xix.
1013 2514 1275 2552 responsuros
1314 2501 1535 2540 Benedicto
1574 2501 1621 2539 de
1661 2501 1869 2552 Byrcholt‘
1913 2504 1951 2539 et
1986 2501 2138 2539 Thome

431 2565 479 2603 de
517 2564 799 2614 Fresingfeld',
835 2565 903 2615 qui
937 2577 1002 2603 eos
1033 2565 1080 2603 de
1118 2567 1248 2603 morte
1287 2564 1357 2602 illa
1391 2564 1611 2614 appellant,
1643 2566 1742 2602 tunc
1781 2563 1872 2602 illos
1902 2563 2135 2608 Robertum,

433 2627 710 2674 Godefridum,
777 2627 1022 2673 Johannem,
1088 2627 1340 2677 Philippum,
1395 2627 1609 2665 Matildem
1667 2629 1706 2665 et
1764 2626 2000 2664 Johannam
2054 2627 2136 2663 illis

431 2690 641 2729 duodecim
693 2690 825 2728 tradat
867 2689 909 2727 in
947 2689 1129 2736 ballium,
1171 2689 1274 2728 sicut
1315 2689 1541 2739 predictum
1581 2691 1665 2734 est;
1706 2691 1745 2727 et
1784 2688 1929 2727 habeat
1969 2688 2024 2727 ibi
2062 2691 2135 2726 etc.

431 2753 548 2791 Teste
586 2765 676 2802 rege
715 2752 821 2802 apud
860 2752 1281 2798 westmonasterium,
1318 2751 1415 2802 xxij.
1455 2752 1519 2790 die
1557 2750 1809 2790 Novembris.

538 2895 631 2932 Rex.
713 2895 770 2931 De
819 2895 1098 2942 provisionibus
1150 2901 1281 2931 eontra
1331 2894 1472 2930 Ncctale
1519 2892 2028 2941 faciendi&—Mandatum
2077 2894 2135 2929 est

431 2956 611 2995 Johanni
650 2956 696 2994 de
737 2956 870 2996 Stowe
909 2956 1014 3006 quod
1070 2969 1152 2994 non
1199 2955 1417 2994 transferat
1465 2968 1505 2993 se
1552 2955 1602 2993 ad
1649 2967 1812 3004 presens
1860 2954 1907 2992 de
1954 2953 2135 3003 partibus

431 3018 631 3064 London',
675 3021 734 3056 set
782 3017 1079 3067 provisionibus
1120 3017 1275 3056 domini
1324 3017 1518 3055 faciendis
1565 3017 1608 3054 in
1656 3016 1735 3055 hiis
1785 3028 1860 3066 que
1914 3015 2135 3054 necessaria

432 3081 582 3119 fuerint
629 3082 769 3119 contra
815 3080 974 3118 instans
1013 3079 1164 3118 festum
1203 3079 1361 3118 Natalis
1400 3078 1567 3117 Domini
1605 3078 1754 3117 ibidem
1793 3077 1979 3116 intendat
2017 3079 2135 3126 prout

431 3142 575 3180 melius
606 3145 645 3180 et
678 3142 835 3180 cautius
866 3141 1009 3180 viderit
1035 3141 1231 3191 expedire,
1252 3141 1481 3180 intendat*
1538 3140 1654 3178 Teste
1682 3153 1771 3189 rege
1803 3140 1910 3188 apud
1937 3139 2133 3178 Sanctum

432 3204 647 3250 Albanum,
688 3204 795 3254 xxvj.
835 3203 898 3241 die
937 3203 1187 3242 Novembris.
1245 3204 1321 3241 Per
1360 3202 1408 3241 G.
1449 3202 1497 3240 de
1537 3200 1820 3243 Craucuinb'.†

477 3339 491 3354 *
544 3336 548 3341 .
596 3336 601 3340 .

478 3335 726 3427 †'IS¹hoismenBi.1rsyi
753 3384 822 3417 and
853 3384 912 3417 the
943 3384 1120 3425 following
1151 3386 1250 3425 entry
1282 3393 1340 3416 are
1372 3382 1547 3415 cancelled
1580 3382 1682 3423 ‘quia
1713 3391 1784 3414 non
1815 3381 2040 3413 habuerunt.'

484 3464 593 3499 18690
2019 3459 2046 3491 Β
