2375 3587
211 182 266 221 84

278 314 418 360 1235.

262 380 322 420 [m.
351 380 420 421 ia]

1147 184 1332 227 GLOSE
1376 183 1580 227 ROLLS.

619 380 693 415 I'ro
722 381 906 417 comitissa
943 381 1065 417 Esses
1097 389 1130 417 et
1160 380 1635 429 flens,2122-—Mandatum
1658 384 1725 422 ‚est
1753 379 1984 430 justiciariis
2012 379 2204 419 itineran-

508 440 616 479 tibus
650 441 691 477 in
726 442 920 480 comitatu
956 443 1160 481 Hertford’
1192 444 1296 493 quod
1329 443 1542 492 loquelam,
1573 456 1648 493 que
1686 442 1935 481 summonita
1972 445 2032 480 est
2069 455 2203 481 coram

507 503 562 540 eis
590 504 694 541 inter
720 504 971 543 Willelmum
1000 505 1130 543 filium
1158 505 1366 544 Benedicti
1396 508 1434 543 et
1460 505 1701 543 Matillidem
1731 505 1979 543 comitissam
2003 505 2144 543 Essex’
2166 507 2205 543 et

508 565 670 604 Hei-tr*
691 565 738 604 de
767 566 915 616 placito
945 570 1047 605 terre
1076 567 1117 605 in
1157 567 1436 617 Digeleswell’,
1472 568 1578 604 unde
1615 567 1722 605 idem
1752 567 1982 605 Willelmus
2010 568 2125 605 vocat
2154 566 2204 604 ad

507 631 733 667 warantum
790 629 1011 678 predictam
1061 630 1322 675 comitissam,
1370 632 1524 678 ponant
1573 629 1615 666 in
1665 633 1889 678 respectum
1945 629 1993 667 de
2048 629 2111 666 die
2161 629 2203 666 in

507 682 611 728 diein
657 704 679 728 a
717 690 779 729 die
829 691 972 729 Martis
1020 692 1060 729 111
1106 692 1207 730 festo
1254 691 1530 740 apostolorum
1578 691 1758 740 Philippi
1805 694 1844 729 et
1893 690 2033 729 Jacobi
2079 703 2203 741 usque

507 752 548 788 in
589 765 651 790 xv.
691 753 775 790 dies
813 752 854 790 in
893 753 1035 791 itinere
1074 766 1157 792 0110.
1217 753 1333 792 Teste
1372 765 1461 802 rege
1500 753 1606 802 apud
1645 751 2064 799 Westmonasterhnn,
2095 752 2203 791 xxix.

508 814 571 852 die
610 814 772 864 Aprilis.

616 923 695 958 Pro
742 924 880 959 decano
933 923 1064 960 Sancti
1110 924 1280 960 Martini
1326 921 1763 960 Lauda—Mandatum
1815 924 1875 960 est
1926 922 2105 960 Johanni
2157 922 2204 960 de

506 983 649 1021 Nevill'
690 984 794 1033 quod
832 984 955 1022 faciat
989 984 1134 1023 habere
1168 985 1230 1022 W.
1266 984 1415 1023 decano
1451 983 1590 1023 Sancti
1629 983 1796 1021 Martini
1834 984 2018 1022 London’
2059 984 2205 1034 viginti

504 1058 672 1094 quercus
720 1046 759 1083 in
814 1046 961 1084 foresta
1007 1047 1054 1084 de
1104 1046 1286 1084 Brehull’
1339 1046 1388 1084 ad
1438 1046 1702 1084 maeremium
1771 1046 2000 1084 faciendum
2057 1047 2107 1084 ad
2163 1059 2203 1084 se

505 1107 793 1156 hospitandum
842 1109 947 1157 apud
997 1108 1247 1154 Middelton’‚
1295 1109 1343 1146 de
1397 1108 1503 1147 dono
1558 1108 1675 1158 regis
1779 1109 1895 1147 Teste
1950 1120 2040 1157 rege
2098 1109 2203 1158 apud

508 1169 925 1216 Westmonasterium,
966 1183 1057 1208 xxx.
1097 1170 1161 1208 die
1199 1170 1360 1220 Aprilis.

614 1279 693 1315 Pro
724 1280 889 1315 [eicardo
926 1278 1413 1316 Snwamlx—Mandatum
1447 1281 1507 1316 est
1541 1277 1669 1316 eidem
1704 1278 1883 1316 Johanni
1916 1278 2021 1328 quod
2060 1278 2205 1317 habere

506 1339 625 1377 faciat
663 1340 834 1377 Ricardo
875 1340 1053 1378 Suward'
1094 1340 1254 1379 husbot‘
1294 1344 1332 1379 et
1372 1340 1533 1391 heybot'
1574 1340 1613 1377 in
1655 1340 1805 1378 foresta
1844 1340 1891 1378 de
1931 1340 2109 1380 Stawud'
2157 1341 2205 1379 ad

504 1402 730 1439 manerium
763 1415 881 1440 suum
912 1403 958 1440 (10
994 1403 1264 1453 Heydindon',
1298 1404 1423 1442 donec
1457 1416 1525 1452 per
1558 1405 1789 1452 preceptum
1828 1403 1931 1452 regis
1965 1403 2204 1454 inquisitum

505 1463 624 1502 fuerit
664 1468 801 1502 utrum
840 1477 884 1503 ea
921 1465 968 1503 de
1007 1465 1093 1515 jure
1131 1465 1276 1504 habere
1315 1465 1456 1504 debeat
1493 1478 1631 1504 necne.

613 1568 704 1605 Rem.
768 1570 825 1605 De
852 1571 1008 1606 navibus
1036 1583 1103 1617 pro
1132 1583 1254 1605 sorore
1282 1571 1428 1606 domini
1455 1568 1862 1617 seyme—Mandatum
1893 1571 1953 1606 est
1981 1568 2206 1607 vicecomiti

504 1628 615 1666 Norf’
646 1633 684 1667 et
717 1629 816 1668 Suff'
847 1631 952 1679 quod
992 1630 1144 1676 statim,
1180 1630 1276 1668 visis
1314 1630 1473 1676 litteris,
1514 1629 1587 1668 sub
1626 1630 1737 1667 omni
1776 1629 2034 1668 festinatione
2072 1631 2206 1668 venire

503 1689 622 1728 faciat
669 1704 793 1740 usque
842 1691 1096 1730 Sandwicum
1146 1705 1285 1730 omnes
1333 1704 1454 1729 naves
1499 1691 1540 1728 in
1580 1694 1697 1740 portu
1736 1691 1783 1728 de
1823 1691 2003 1729 Orewell’
2044 1694 2205 1741 paratas

504 1751 552 1788 ad
592 1753 936 1791 transfretandum
969 1766 1060 1791 cum
1094 1753 1268 1792 Isabella
1299 1766 1429 1792 sorore
1462 1753 1617 1791 domini
1650 1753 1755 1802 regis
1788 1765 1879 1791 cum
1913 1752 2030 1799 vinis,
2062 1752 2205 1802 bladis,

503 1812 732 1860 baconibus‚
760 1815 869 1853 cleiis
898 1819 936 1853 et
965 1815 1156 1865 pontibus
1186 1820 1225 1854 et
1255 1815 1443 1854 omnibus
1477 1815 1567 1853 aliis
1598 1813 1892 1864 provisionibus
1923 1815 2042 1853 factis
2068 1818 2207 1854 contra

504 1877 874 1915 transfretationem
906 1878 1081 1927 predicte
1112 1877 1294 1916 Isabelle.
1354 1878 1409 1916 Et
1438 1877 1512 1915 sub
1542 1880 1657 1915 tanta
1686 1876 1946 1915 festinatione
1974 1880 2205 1927 preceptum

505 1938 607 1986 regis
664 1942 882 1988 exequatur
938 1940 1041 1990 quod
1099 1940 1378 1978 transfretatio
1435 1939 1612 1989 predicta
1668 1952 1738 1988 pro
1793 1939 1953 1978 defectu
2010 1939 2071 1977 sui
2123 1952 2204 1977 non

506 2000 745 2049 inpediatur.
824 2001 940 2040 Teste
979 2004 1023 2039 ut
1063 2014 1196 2051 supra.

611 2079 764 2117 Eodem
805 2080 923 2118 modo
962 2081 1203 2119 mandatum
1242 2083 1301 2118 est
1338 2079 1497 2119 ballivis
1535 2080 1581 2118 de
1621 2080 1836 2129 Gipewico.

612 2158 851 2196 Mandatum
902 2162 962 2197 est
1011 2158 1170 2198 ballivis
1226 2160 1273 2198 de
1325 2159 1504 2198 Oreford'
1545 2159 1649 2208 quod
1702 2172 1846 2197 navem
1895 2158 2094 2196 Johannis
2132 2158 2205 2196 filii

503 2219 677 2265 Roberti‚
718 2233 793 2269 que
834 2224 996 2258 vocatur
1037 2223 1094 2258 La
1138 2223 1276 2267 Graue,
1308 2221 1407 2259 bene
1446 2221 1597 2258 muniri
1638 2220 1789 2258 faciant
1828 2219 1943 2258 bonis
1982 2220 2204 2258 marinellis

501 2284 539 2318 et
578 2282 699 2319 armis
737 2282 1070 2331 competentibus,
1110 2283 1167 2321 ita
1218 2284 1324 2333 quod
1368 2286 1508 2333 parata
1560 2282 1611 2320 sit
1649 2282 1705 2320 ire
1757 2282 1799 2319 in
1850 2281 2060 2320 servitium
2099 2282 2202 2331 regis

503 2355 593 2381 011111
647 2343 819 2382 Isabella
867 2358 997 2383 sorore
1047 2345 1201 2384 domini
1252 2345 1355 2395 regis
1408 2358 1488 2382 una
1536 2357 1628 2383 cum
1681 2344 1770 2382 aliis
1823 2343 1993 2383 navibus
2042 2344 2091 2381 ad
2129 2345 2204 2383 hoc

504 2405 732 2455 assignatis.
792 2407 909 2445 Teste
948 2410 992 2445 ut
1032 2420 1165 2457 supra.

610 2523 666 2558 De
718 2524 870 2559 canibus
917 2525 1061 2560 damini
1113 2525 1205 2572 reglis
1256 2522 1794 2572 qsetez'amlis.—Mandatum
1839 2523 1899 2560 est
1952 2520 2119 2570 Hugoni
2156 2521 2204 2559 de

502 2583 631 2632 Loges
669 2584 771 2632 quod
811 2584 1001 2622 admittat
1041 2585 1292 2623 Willelmum
1341 2585 1473 2622 filium
1526 2583 1727 2623 Wakelini
1776 2583 1825 2621 ad
1876 2583 2116 2621 currendum
2154 2583 2203 2621 ad

502 2658 636 2684 cervos
705 2646 745 2682 in
817 2645 937 2684 ballia
993 2660 1066 2684 sua
1132 2659 1224 2685 cum
1294 2646 1461 2685 canibus
1527 2646 1630 2695 regis
1709 2645 1939 2684 cerverettis
2006 2645 2055 2683 ad
2112 2644 2203 2683 illos

502 2708 788 2757 afeyteiandos.
846 2709 963 2747 Teste
1004 2721 1093 2758 rege
1131 2708 1237 2758 apud
1277 2707 1696 2753 westmonasterium,
1731 2707 1760 2757 j.
1800 2707 1863 2745 die
1901 2705 2012 2744 Maii.

568 2814 573 2816 -
610 2786 766 2824 Eodem
806 2788 925 2825 modo
962 2788 1202 2826 mandatum
1255 2790 1315 2826 est
1365 2787 1521 2826 custodi
1572 2787 1718 2825 foreste
1769 2786 1816 2824 de
1869 2785 2057 2824 Chettell'
2096 2785 2202 2835 quod

501 2847 688 2886 admittat
755 2849 985 2887 <Iohannem
1041 2850 1077 2888 le
1139 2850 1212 2887 Fol
1277 2852 1315 2888 et
1380 2849 1616 2898 Philippum
1685 2850 1917 2886 venatorem
1980 2847 2084 2897 regis
2154 2847 2203 2885 ad

501 2910 740 2948 currendum
779 2911 827 2948 ad
866 2923 1000 2950 cervos
1038 2912 1079 2949 in
1119 2911 1240 2949 ballia
1279 2924 1351 2949 sua
1388 2913 1462 2949 etc.
1523 2910 1639 2949 Teste
1677 2913 1722 2948 ut
1760 2922 1893 2959 supra.

610 3018 688 3053 Pro
744 3019 892 3055 Simone
948 3021 991 3055 (Ie
1046 3019 1154 3056 Seint
1208 3020 1300 3067 Lyz,
1341 3020 1383 3055 de
1420 3025 1583 3065 ‘respectu
1631 3016 2081 3066 loquela—Mandatum
2144 3018 2204 3054 est

501 3077 724 3117 vicecomiti
764 3080 894 3118 Rotel’
934 3080 1039 3129 quod
1077 3080 1278 3129 loquelam
1316 3093 1391 3130 que
1429 3083 1489 3118 est
1527 3080 1632 3118 inter
1665 3078 1886 3117 Robertum
1925 3078 1972 3116 de
2006 3077 2205 3128 Brayboef

501 3142 538 3176 et
580 3139 787 3179 Simonem
822 3142 868 3179 de
909 3142 1092 3187 Seintliz,
1133 3142 1399 3181 senescallum
1448 3141 1602 3181 domini
1654 3139 1957 3190 archiepiscopi,
1998 3142 2121 3189 ponat
2160 3139 2202 3177 in

502 3205 725 3250 respectum
776 3216 901 3252 usque
950 3204 999 3241 ad
1038 3204 1266 3253 proximum
1316 3204 1555 3243 comitatum
1607 3216 1726 3242 suum
1775 3205 1866 3252 post
1913 3201 2199 3240 Ascensionem

505 3262 683 3310 Domini,
725 3278 831 3303 anno
869 3266 981 3315 regni
1020 3265 1174 3303 domini
1213 3266 1315 3314 regis
1354 3267 1434 3305 xix.
1490 3268 1607 3304 Teste
1645 3268 1690 3304 ut
1729 3277 1862 3314 supra.

1159 3364 1173 3378 *
1187 3363 1254 3400 Sic,
1274 3362 1325 3394 for
1342 3366 1348 3379 ‘
1364 3361 1558 3394 Hereiord.’
