2375 3587
187 318 330 364 1234.

174 384 235 424 [m.
267 381 340 421 22.]

1076 195 1128 234 19
1170 190 1375 232 HENRY
1412 190 1495 230 ΙΙΙ.
2078 186 2131 226 25

1081 389 1129 426 de
1168 386 1365 426 Norwico.

1036 397 1047 497 i
1082 451 1130 488 de
1168 450 1313 488 Lenn'.

1083 513 1131 550 de
1169 510 1402 549 Dunewico.

1085 575 1132 613 de
1171 572 1454 612 Gernemuth’.

648 490 806 529 ballivis
856 514 866 518 -
982 512 991 515 -
1031 498 1048 599 I

648 668 791 719 majori
831 670 870 705 et
908 665 1070 704 ballivis
1108 661 1296 701 Eboraci.

1043 772 1052 825 ί
1088 749 1247 788 Norht'.

649 815 950 857 vicecomitibus
986 839 996 843 -
1088 812 1219 850 Linc'.

1037 830 1057 922 i
1090 874 1202 913 Norf’
1245 877 1283 911 et
1324 872 1439 912 Suff’.

1091 961 1258 1001 Oxonie.

1044 981 1055 1078 i
1093 1024 1270 1064 Sussex'.

1047 1089 1060 1188 ἲ(
1093 1087 1256 1126 Kancie.

1096 1150 1252 1189 Glouc'.

651 1063 953 1105 vicecomitibus
989 1086 1000 1091 -

1096 1238 1237 1276 Essex'
1278 1240 1317 1274 et
1355 1234 1578 1274 Hertford'.

1096 1298 1381 1339 Norhumbrie.

1050 1361 1063 1452 ζ
1097 1363 1325 1411 Suhampt’.

1097 1424 1290 1464 Devonie.

655 1321 959 1365 vicecomitibus
994 1346 1004 1350 -

551 1520 707 1558 Eodem
738 1517 856 1556 modo
887 1515 1127 1553 mandatum
1159 1515 1219 1551 est
1253 1513 1392 1561 postea
1424 1510 1595 1560 singulis
1626 1506 1929 1547 vicecomitibus
1963 1504 2152 1556 predictis

444 1586 483 1621 et
522 1581 611 1620 aliis
649 1583 687 1619 et
726 1579 848 1618 etiam
887 1576 1076 1627 predictis
1114 1574 1306 1614 baillivis.

552 1667 708 1706 Eodem
747 1665 866 1703 modo
904 1663 1144 1702 mandatum
1184 1663 1244 1699 est
1278 1658 1503 1711 justiciario
1539 1656 1757 1708 Hybernie.

554 1755 709 1794 Eodem
748 1753 868 1792 modo
906 1751 1150 1790 mandatum
1189 1751 1274 1787 est:

663 1817 712 1855 R.
753 1812 1052 1854 Dunhelmensi
1086 1812 1285 1862 episcopo,

663 1881 700 1918 J.
739 1877 877 1917 comiti
916 1875 1068 1915 Cestrie
1106 1877 1145 1913 et
1184 1873 1330 1919 Hunt'‚

449 1958 494 1984 eo
533 1943 688 1993 adJ'ecto
725 1940 831 1990 quod
869 1938 1037 1977 nomina
1083 1949 1235 1982 eorum,
1271 1948 1370 1986 quos
1418 1933 1583 1972 arestari
1630 1931 1810 1977 fecerint,
1851 1934 1890 1968 et
1937 1928 2161 1981 cujusmodi

451 2004 700 2045 mercandise
739 2004 910 2041 arestate
949 2000 1101 2038 fuerint
1148 2001 1187 2038 et
1231 2010 1369 2037 earum
1409 1995 1680 2046 quantitatem
1723 1992 1888 2031 domino
1935 1993 2017 2042 regi
2064 1991 2164 2030 scire

452 2069 617 2108 faciant.
693 2066 750 2104 Et
800 2065 906 2103 facta
959 2063 1123 2102 fuerunt
1174 2061 1321 2100 ultima
1371 2059 1505 2098 brevia
1550 2057 1661 2108 xxiij.
1707 2056 1771 2095 die
1820 2055 2018 2102 Januarii,
2058 2053 2164 2104 apud

454 2128 876 2172 Westmonasterium.

562 2217 803 2256 Mandatum
839 2217 900 2253 est
937 2213 1131 2263 magistro
1172 2211 1214 2251 S.
1248 2211 1296 2249 de
1334 2209 1521 2260 Langet’,
1557 2206 1839 2247 archidiacono
1869 2203 2165 2249 Cantuariensi‚

456 2281 574 2331 quod,
628 2279 660 2318 si
713 2290 897 2316 neccesse
949 2275 1070 2314 fuerit
1126 2276 1166 2313 et
1221 2272 1405 2322 expedire
1461 2270 1616 2316 viderit,
1666 2268 1789 2308 faciat
1838 2266 1983 2306 habere
2034 2265 2168 2305 abbati

459 2344 606 2383 Sancte
632 2339 891 2390 Radegundis
924 2340 963 2377 et
996 2336 1191 2387 magistro
1221 2334 1410 2384 Philippo
1439 2334 1486 2372 de
1516 2332 1681 2371 Ardern'
1713 2330 1896 2369 denarios
1925 2329 1972 2367 de
2001 2331 2167 2372 mutuo;

458 2409 496 2444 et
531 2404 720 2443 dominus
759 2414 828 2440 rex
866 2400 901 2439 ei
940 2400 1032 2437 inde
1070 2399 1112 2437 in
1152 2397 1300 2447 Anglia
1339 2395 1572 2435 satisfaciet.
1650 2394 1766 2432 Teste
1804 2405 1895 2441 rege
1933 2394 1978 2430 ut
2009 2389 2170 2441 supra&

570 2530 648 2566 Pro
689 2526 860 2574 Raduqfo
890 2526 932 2561 de
963 2524 1177 2568 Albiniacc,
1209 2523 1251 2558 (Ic
1279 2521 1448 2558 'manerio
1478 2521 1519 2556 dc
1550 2515 1995 2556 1-'erit0n’.-—D0minus
2026 2527 2092 2552 rex
2121 2513 2170 2551 ad

462 2591 683 2630 cessionem
721 2591 761 2627 et
799 2585 1092 2632 dimissionem,
1129 2597 1251 2634 quam
1286 2582 1501 2632 Philippus
1535 2581 1582 2619 de
1614 2579 1823 2618 Albiniaco
1857 2578 1904 2616 de
1938 2576 2100 2615 licentia
2133 2578 2171 2614 et

461 2654 669 2693 voluntate
707 2649 862 2689 domini
900 2648 1003 2698 regis
1042 2647 1136 2686 fecit
1174 2647 1222 2684 de
1259 2645 1439 2683 manerio
1478 2644 1525 2682 de
1555 2643 1732 2681 Periton'
1773 2654 1865 2680 cum
1904 2638 2170 2689 pertinentiis,

464 2715 569 2766 quod
607 2712 749 2751 habuit
782 2712 830 2750 de
862 2711 967 2749 dono
1000 2708 1116 2759 regis,
1150 2708 1199 2746 ad
1234 2720 1333 2759 opus
1368 2705 1529 2745 Radulfi
1561 2705 1608 2742 de
1643 2702 1854 2742 Albiniaco
1884 2699 2173 2750 consanguinei

465 2778 540 2824 sui,
580 2775 685 2825 cepit
722 2773 959 2823 homagium
998 2771 1125 2821 ipsius
1160 2769 1321 2808 Radulfi
1360 2769 1407 2807 de
1445 2767 1625 2818 predicto
1664 2764 1856 2810 manerio,
1897 2767 1936 2802 et
1980 2762 2172 2801 relevium

467 2853 586 2879 suum
642 2838 677 2876 ei
733 2836 826 2874 inde
882 2834 1062 2873 debitum
1121 2832 1310 2871 dominus
1367 2844 1434 2869 rex
1495 2828 1743 2880 perdonavit.
1831 2827 1886 2866 Et
1933 2825 2172 2864 mandatum

468 2905 528 2940 est
577 2897 808 2939 vicecomiti
861 2896 1039 2936 Sumers’
1094 2894 1200 2945 quod
1243 2893 1290 2931 de
1342 2892 1520 2943 predicto
1575 2889 1756 2929 manerio
1790 2901 1883 2928 cum
1921 2885 2175 2937 pertinentiis

468 2964 597 3002 eidem
636 2960 811 3000 Radulfo
848 2959 1010 3009 plenam
1049 2956 1227 2996 sasinam
1262 2954 1409 2993 habere
1447 2953 1582 2993 faciat.
1675 2954 1792 2990 Teste
1831 2963 1920 3000 rege
1959 2951 2003 2987 ut
2041 2960 2173 2998 supra.

579 3089 658 3126 Pro
695 3087 860 3135 episcopo
897 3083 1155 3127 Dunelmensi,
1200 3082 1242 3118 de
1279 3081 1400 3117 damis
1446 3076 1860 3116 datis.--Mandatun1
1908 3076 1967 3113 est
2022 3072 2178 3112 custodi

472 3150 608 3191 chacie
645 3161 721 3198 que
759 3147 836 3185 fuit
875 3144 1033 3184 comitis
1072 3143 1214 3182 Glouc'
1245 3142 1292 3180 de
1331 3140 1567 3186 Blakedon’‚
1615 3139 1720 3189 quod
1768 3137 1890 3176 faciat
1937 3134 2080 3173 habere
2127 3134 2175 3172 R.

473 3210 741 3252 Dunelmensi
787 3209 971 3258 episcopo
1017 3219 1055 3246 v.
1104 3206 1243 3244 damas
1290 3203 1332 3242 in
1380 3203 1559 3253 predicta
1605 3201 1755 3247 abacia,
1805 3199 1853 3237 de
1899 3198 2003 3236 dono
2060 3195 2177 3246 regis.

475 3276 592 3314 Teste
629 3285 720 3323 rege
758 3274 803 3310 ut
841 3282 973 3320 supra.

1012 3351 1031 3390 ζ’
1049 3349 1225 3405 Cancelled
1256 3371 1351 3413 ‘quia
1374 3370 1410 3401 in
1432 3367 1648 3411 patentibus.'
