2375 3587
240 180 295 219 48

301 302 444 348 1235.

296 367 439 406 [mus]

1174 177 1358 219 CLOSE
1398 176 1601 218 ROLLS.

643 374 720 411 Pro
749 373 928 411 Willelmo
958 376 999 410 de
1029 375 1254 419 Martia-ass,
1287 375 1327 409 de
1360 373 1635 421 quadi-assessus(
1665 377 1837 418 percepta
1869 371 1912 406 in
1944 369 2231 406 Garderoba.—

536 435 619 472 Rex
667 434 882 473 baronibus
930 435 1012 473 suis
1059 435 1105 472 de
1156 434 1361 473 Scaccario
1411 433 1596 470 salutem.
1684 430 1830 469 Sciatis
1898 430 2004 479 quod
2062 429 2228 478 quadra-

535 496 730 544 gesimam
780 499 960 534 nostram
1019 496 1065 533 de
1126 494 1384 533 comitatibus
1443 493 1554 530 Norf’
1615 495 1655 530 et
1718 491 1830 537 Suff',
1880 490 2134 539 Cantebrigie
2192 493 2231 528 et

537 557 754 603 Huntind’,
815 557 1035 606 Bukingh‘,
1085 556 1306 601 Bedesord’,
1355 554 1500 600 Rotel',
1550 553 1805 602 Norhampt’,
1856 552 1962 591 War’
2026 555 2065 590 et
2107 551 2229 597 Leic’‚

535 631 610 668 que
647 618 725 657 fuit
763 619 804 656 in
843 619 1024 657 custodia
1063 618 1256 656 Willelmi
1295 617 1341 654 de
1381 615 1604 653 Martiwast
1642 614 1685 651 in
1725 617 1856 652 castro
1901 615 2039 651 nostro
2085 613 2228 651 Norht’

534 693 602 729 per
639 684 869 730 preceptum
918 684 1104 718 nostrum
1141 680 1236 716 dum
1275 679 1380 716 idem
1422 677 1650 715 Willelmus
1688 676 1767 714 fuit
1804 676 2023 714 vicecomes
2070 675 2228 720 Norht',

533 743 753 791 recepimus
797 743 838 780 in
886 741 1114 780 Garderoba
1161 744 1298 779 nostra
1344 753 1412 789 per
1459 751 1628 776 manum
1676 737 1785 776 Petri
1831 738 1878 776 de
1925 737 2085 784 Rivall'‚
2134 737 2231 774 dum

534 805 610 842 fuit
648 805 919 843 thesaurarius
953 806 1099 842 noster.
1177 804 1231 840 Et
1265 803 1351 840 ideo
1389 801 1500 840 vobis
1534 801 1776 838 mandamus
1803 800 1908 849 quod
1943 800 1989 837 de
2020 799 2230 844 demanda,

533 879 652 915 quam
690 867 821 905 facitis
859 867 1035 915 predicto
1074 866 1276 904 Willelmo
1314 865 1360 902 de
1399 863 1577 913 predicta
1615 862 1920 912 quadragesima
1957 861 2226 911 predictorum

533 928 811 974 comitatuum,
833 941 969 977 pacem
1008 928 1041 965 ei
1084 926 1227 964 habere
1267 925 1438 964 faciatis.
1516 925 1632 962 Teste
1672 926 1716 962 ut
1756 936 1888 973 supra.

640 1016 695 1051 De
752 1016 1010 1051 mercatorilms
1044 1012 1447 1050 delibera›ulia—Rex
1496 1011 1640 1060 majori
1693 1013 1732 1048 et
1792 1009 2096 1048 vicecomitibus
2145 1009 2228 1047 suis

533 1077 715 1114 London’
777 1076 961 1114 salut-em.
1022 1075 1167 1114 Sciatis
1219 1074 1323 1123 quod
1376 1074 1425 1111 ad
1457 1073 1695 1122 petitionem
1748 1071 1945 1109 baronum
1998 1074 2227 1110 nostrorum

531 1139 578 1175 de
643 1138 825 1187 Quinque
890 1137 1090 1175 Portubus
1155 1135 1425 1174 concessimus
1491 1134 1595 1184 quod
1676 1146 1816 1172 omnes
1876 1136 2116 1172 mercatores
2181 1133 2228 1171 de

532 1199 754 1245 Ambianis‚
808 1199 874 1249 qui
927 1212 966 1237 se
1018 1201 1155 1236 tenent
1217 1198 1257 1234 in
1307 1197 1553 1235 monasterio
1608 1196 1714 1245 apud
1776 1195 1960 1234 London’
2014 1196 2076 1233 vel
2131 1194 2227 1232 alibi

531 1262 657 1299 latent
695 1261 755 1299 vel
792 1261 943 1299 detenti
982 1264 1076 1298 sunt
1114 1260 1321 1297 occasione
1370 1258 1543 1307 precepti
1584 1257 1711 1296 nostri
1750 1257 1855 1306 quod
1894 1270 2022 1306 nuper
2060 1256 2228 1295 fecimus

530 1324 576 1361 de
615 1322 899 1360 mercatoribus
938 1322 984 1360 de
1023 1324 1219 1370 potestate
1262 1321 1364 1369 regis
1404 1320 1573 1358 Francie
1621 1319 1856 1365 arestandis‚
1898 1319 2009 1357 salvo
2056 1321 2095 1356 et
2143 1318 2227 1357 sine

530 1385 803 1433 inpedimento
841 1384 1024 1421 recedant
1053 1397 1075 1421 a
1106 1386 1211 1421 terra
1243 1385 1381 1420 nostra
1412 1385 1450 1419 et
1484 1394 1576 1420 cum
1609 1380 1726 1419 rebus
1760 1384 1798 1418 et
1830 1380 2096 1419 mercandisis
2132 1380 2226 1426 suis,

530 1447 561 1484 si
598 1447 809 1491 voluerint,
849 1446 1011 1483 redeant
1046 1445 1094 1483 ad
1132 1448 1264 1493 partes
1304 1457 1409 1481 suas,
1469 1444 1524 1481 Et
1564 1443 1652 1481 ideo
1690 1442 1803 1481 vobis
1841 1442 2085 1480 mandamus
2122 1443 2226 1491 quod

528 1509 725 1557 predictos
762 1510 999 1546 mercatores
1050 1508 1097 1544 de
1144 1506 1353 1544 Ambianis
1403 1519 1425 1543 a
1476 1508 1580 1543 terra
1632 1508 1770 1543 nostra
1820 1504 1999 1543 recedere
2050 1507 2088 1543 et
2141 1504 2226 1542 sine

528 1571 815 1619 impedimento
853 1569 959 1608 abire
998 1569 1254 1619 permittatis.
1315 1568 1431 1606 Teste
1471 1580 1561 1617 rege
1594 1570 1638 1605 ut
1679 1580 1811 1616 supra.

636 1659 712 1694 Pr«,
751 1659 878 1693 abbate
913 1665 1036 1693 sature
1095 1655 1648 1703 Raaleslmzdis.—Mandatum
1695 1657 1755 1691 est
1814 1654 2041 1692 vicecomiti
2076 1654 2226 1692 Kancie

526 1720 630 1768 quod
678 1719 718 1756 in
758 1718 873 1757 bosco
919 1719 965 1756 de
1008 1718 1205 1756 Mereden'
1248 1718 1367 1756 faciat
1412 1717 1557 1755 habere
1602 1717 1737 1754 abbati
1781 1716 1928 1754 Sancte
1968 1716 2225 1765 Radegundis

526 1781 669 1829 viginti
718 1793 883 1830 quercus
935 1781 983 1818 ad
1043 1780 1323 1818 dormitorium
1387 1792 1506 1817 suum
1557 1778 1803 1823 faciendum,
1859 1778 1906 1815 de
1954 1778 2059 1815 dono
2106 1778 2222 1826 regis.

527 1843 642 1880 Teste
681 1856 769 1891 rege
807 1843 912 1891 apud
952 1842 1226 1887 Cantuariam,
1250 1842 1303 1891 xj.
1326 1842 1388 1879 die
1427 1840 1647 1879 Februarii.
1707 1840 1783 1877 Per
1823 1840 1885 1879 W.
1924 1840 1971 1878 de
2004 1839 2130 1877 Kirk’.

637 1931 689 1966 De
745 1931 1004 1966 ›mereatur-ibus
1071 1928 1627 1966 delibera›zdz's.—Ma11dat11111
1673 1929 1733 1965 est
1796 1926 2022 1964 vicecomiti
2073 1926 2223 1964 Kancie

524 1992 628 2041 quod
666 2004 804 2029 omnes
843 1994 1081 2029 mercatores
1119 1991 1166 2028 de
1206 1989 1417 2028 Ambianis
1452 1993 1489 2027 et
1540 1989 1653 2034 alios,
1703 1988 1771 2038 qui
1811 1988 2017 2026 occasione
2048 1988 2224 2037 precepti

525 2053 626 2102 regis
664 2053 697 2090 ei
737 2053 832 2091 facti
870 2053 915 2090 de
953 2052 1243 2090 mercatoribus
1295 2052 1518 2090 arestandis
1562 2051 1609 2089 de
1659 2053 1858 2099 potestate
1914 2050 2016 2099 regis
2056 2051 2224 2088 Francie

522 2115 684 2153 arestati
723 2117 830 2160 sunt,
870 2118 953 2152 tam
993 2115 1097 2163 apud
1149 2114 1291 2152 Dovor'
1322 2118 1360 2151 et
1413 2112 1676 2151 Cantuariam
1731 2125 1852 2162 quam
1893 2111 1987 2149 alibi
2027 2112 2067 2149 in
2102 2111 2223 2150 ballia

523 2189 606 2221 sua,
646 2176 767 2214 libere
805 2189 894 2214 cum
936 2176 1198 2214 mercandisis
1237 2176 1320 2213 suis
1363 2175 1470 2213 abire
1510 2175 1720 2224 permittat
1759 2187 1838 2223 quo
1871 2173 2085 2219 voluerint,
2128 2176 2223 2223 [una

520 2250 611 2276 cum
650 2238 738 2276 aliis
777 2237 1063 2276 mercatoribus
1101 2238 1168 2287 qui
1208 2238 1327 2275 modo
1366 2240 1461 2275 sunt
1506 2236 1654 2274 ibidem
1694 2235 1918 2285 arestati].’³⁴'·²
1976 2235 2092 2273 Teste
2134 2248 2223 2285 rege

521 2301 625 2348 apud
664 2300 937 2345 Cantuariani,
972 2301 1025 2350 xj.
1066 2300 1128 2338 die
1168 2299 1389 2338 Februarii.
1450 2299 1525 2336 Per
1564 2299 1612 2336 R.
1653 2298 1784 2335 filium
1824 2297 2023 2335 Nicholai.

626 2370 930 2408 Memorandum
960 2370 1065 2420 quod
1093 2372 1332 2408 mercatores
1365 2369 1412 2407 de
1447 2368 1657 2406 Ambianis
1693 2368 1918 2417 specialiter
1951 2367 2222 2406 deliberantur

519 2433 612 2482 quia
649 2432 814 2470 barones
852 2433 898 2470 de
937 2432 1120 2481 Quinque
1159 2431 1360 2469 Portubus
1399 2433 1718 2480 manuceperunt
1757 2442 1890 2468 coram
1929 2429 2093 2467 domino
2130 2443 2221 2479 rege

519 2494 636 2543 quod,
677 2494 709 2531 si
747 2494 848 2531 forte
887 2493 1126 2539 Willelnius,
1167 2493 1310 2531 scissor
1352 2493 1505 2531 domini
1550 2492 1667 2541 regis,
1709 2491 1940 2540 redemptus
1982 2491 2103 2529 fuerit
2149 2504 2220 2540 pro

518 2556 726 2594 trescentis
762 2555 887 2600 libris,
927 2555 1033 2593 idem
1072 2554 1239 2593 barones
1278 2555 1428 2593 dictam
1468 2554 1784 2603 redemptionem
1823 2552 2120 2602 acquietabunt.

628 2644 704 2679 ΓΜ
742 2644 869 2679 abbate
906 2644 946 2678 de
986 2642 1526 2680 ]<'c‹re1·sl1am.—Mandatum
1565 2644 1625 2679 est
1673 2639 1970 2679 constabulario
2016 2640 2135 2678 castri
2173 2641 2220 2678 de

520 2703 747 2752 Tunebrug'
786 2704 890 2753 quod
937 2703 1080 2741 habere
1128 2703 1249 2741 faciat
1297 2702 1432 2741 abbati
1480 2703 1527 2741 de
1568 2703 1598 2740 F
1602 2702 1833 2740 averesham
1882 2715 1919 2738 x.
1962 2714 2130 2750 quercus
2177 2702 2218 2739 in

517 2766 664 2803 foresta
700 2766 746 2803 de
780 2764 1002 2814 Tonebrug'
1039 2766 1087 2803 ad
1126 2765 1294 2802 bordum
1334 2765 1563 2803 faciendum
1602 2765 1651 2802 ad
1689 2763 1884 2813 capellam
1919 2776 2033 2800 suam
2075 2763 2221 2802 Sancte

518 2828 642 2865 Marie
675 2828 715 2864 in
750 2826 909 2865 abbatia
942 2840 1014 2864 sua
1044 2826 1409 2873 lambruscandam,
1442 2827 1490 2865 de
1520 2827 1625 2866 dono
1660 2826 1777 2875 regis.
1848 2825 1964 2863 Teste
1995 2838 2083 2874 rege
2113 2826 2219 2874 apud

518 2889 795 2933 Faveresha1n‚
835 2888 904 2937 xij.
945 2889 1006 2926 die
1045 2888 1266 2926 Februarii.

624 2977 701 3012 Pru
730 2977 888 3024 quadam
923 2977 1073 3012 muliere
1102 2977 1181 3013 <cisa
1215 2976 1505 3014 orbam—Rex
1537 2975 1732 3014 concessit
1764 2974 1919 3011 Helene
1949 2972 2031 3011 filie
2062 2973 2218 3011 Andree

515 3036 561 3073 de
599 3036 856 3081 Faversham,
896 3048 971 3085 que
1017 3036 1105 3073 visu
1147 3035 1284 3074 orbata
1331 3040 1403 3083 est,
1443 3036 1549 3086 quod
1592 3036 1632 3073 in
1677 3035 1879 3084 hospitale
1921 3034 1969 3072 de
2008 3034 2215 3083 Osspring’

514 3097 740 3146 recipiatur,
789 3097 935 3135 ibidem
974 3097 1057 3135 Deo
1106 3098 1301 3136 servitura
1350 3102 1557 3147 tamquam
1608 3110 1716 3135 soror
1764 3096 1943 3147 ejusdem
1991 3095 2215 3144 hospitalis.

514 3160 569 3197 Et
607 3159 843 3196 mandatum
882 3162 940 3197 est
977 3159 1131 3197 custodi
1174 3161 1340 3208 predicti
1372 3160 1582 3209 hospitalis
1613 3159 1718 3208 quod
1753 3159 1881 3207 ipsam
1916 3158 1956 3194 in
1991 3157 2216 3206 predictum

514 3221 710 3269 hospitale
748 3221 935 3259 admittat
972 3224 1010 3259 et
1049 3222 1151 3259 sicut
1190 3223 1279 3260 aliis
1317 3222 1517 3261 sororibus
1552 3221 1699 3259 ibidem
1739 3219 1984 3259 neccessaria
2021 3219 2214 3258 inveniat.

516 3283 631 3320 Teste
661 3295 757 3330 rege
796 3284 840 3320 ut
879 3295 1010 3331 supra.

889 3375 990 3408 *The
1020 3376 1127 3408 words
1158 3378 1307 3410 between
1339 3378 1494 3411 brackets
1527 3388 1583 3409 are
1616 3376 1733 3408 struck
1768 3378 1836 3408 out.
