2375 3587
180 308 321 356 1235.

184 376 243 414 [m.
273 376 319 414 9.]

1057 179 1108 220 19
1150 177 1356 220 HENRY
1397 177 1477 221 ΙΙΙ.
2047 181 2126 223 105

525 376 604 411 Pro
631 375 833 412 Her-ebert«)
857 376 948 423 fillo
979 374 1437 412 Mamm—Mandatum
1470 377 1530 412 est
1561 374 1858 413 constabulario
1890 375 2121 413 Divisarum

415 436 520 485 quod
560 435 703 474 habere
752 436 875 474 faciat
928 436 1126 475 Herberto
1166 436 1250 474 filio
1292 435 1446 474 Mathei
1485 449 1552 474 sex
1592 435 1732 474 robora
1770 437 1811 474 in
1854 436 1973 475 bosco
2018 437 2120 487 regis

414 497 461 535 de
501 497 749 536 Melkesham
790 498 839 535 ad
883 498 1018 536 focum
1058 511 1189 543 suum,
1233 498 1280 536 de
1318 498 1423 535 dono
1463 498 1579 546 regis.
1640 497 1757 535 Teste
1797 500 1842 536 ut
1882 511 2015 548 supra.

524 620 601 656 Pro
652 620 858 666 Itesst'nalrla
898 620 989 666 silio
1042 620 1150 655 Petri
1190 619 1277 666 filii
1330 616 1844 655 flet-eberti.—Mandatum
1898 622 1958 656 est
2017 618 2117 656 vice-

415 680 552 719 comiti
601 680 754 719 Oxonie
801 680 906 730 quod
955 680 1115 729 plenam
1166 679 1357 718 seisinam
1406 678 1551 717 habere
1601 679 1722 717 faciat
1775 679 1998 729 Reginaldo
2036 680 2121 719 filio

415 742 524 780 Petri
571 742 645 780 filii
704 741 891 780 Herberti
954 742 1001 779 de
1056 741 1235 780 manerio
1294 741 1341 778 de
1403 741 1637 780 Swereford‘
1700 754 1791 779 cum
1851 741 2119 790 pertinentiis,

417 805 522 854 quod
569 804 772 854 predictus
820 805 964 842 Petrus
1012 807 1125 853 pater
1174 816 1271 842 suus
1318 803 1351 841 ei
1401 803 1511 841 dedit
1572 805 1611 840 et
1670 803 1774 841 uncle
1835 803 1995 842 seisitus
2043 804 2120 842 fuit

418 867 459 905 in
507 867 590 905 vita
637 867 763 916 ipsius
811 867 921 905 Petri
970 866 1096 916 patris
1145 866 1221 911 sui,
1272 878 1354 903 non
1403 864 1590 903 obstante
1638 878 1682 903 eo
1729 866 1835 915 quod
1892 866 2119 904 manerium

416 929 642 978 predictum
671 929 777 978 cepit
807 929 848 966 in
879 941 1048 966 manum
1089 928 1193 977 regis
1232 927 1438 965 occasione
1477 927 1621 965 mortis
1660 927 1827 976 predicti
1867 928 1989 965 Petri.
2066 928 2121 966 Et

414 991 572 1037 catalla,
619 991 651 1029 si
699 1004 778 1041 qua
816 991 908 1029 inde
946 990 1051 1040 cepit
1098 989 1306 1028 occasione
1353 989 1545 1038 predicta,
1595 989 1725 1027 eidem
1774 989 1998 1039 Reginaldo
2036 990 2121 1028 sine

415 1053 609 1091 dilatione
647 1053 756 1091 reddi
802 1053 936 1091 faciat.
1023 1052 1140 1090 Teste
1180 1064 1269 1101 rege
1307 1051 1413 1100 apud
1453 1051 1650 1096 Wudest’,
1688 1051 1784 1101 xvij.
1824 1051 1886 1089 die
1920 1052 2047 1090 Junii.

526 1159 604 1194 Pro
662 1158 883 1195 C'lae›·c'stlana
925 1171 992 1205 que
1042 1158 1115 1193 ruit
1166 1169 1259 1192 tutor
1317 1156 1479 1192 [sicardi
1525 1157 1567 1192 de
1616 1156 1858 1192 anewts—-
1878 1155 2119 1193 Mandatum

415 1222 474 1258 est
522 1219 694 1258 Ricardo
741 1219 788 1256 de
834 1219 873 1256 la
920 1218 1019 1256 Lad’
1069 1221 1108 1255 et
1157 1217 1241 1255 Ade
1289 1216 1370 1255 filio
1422 1216 1626 1261 willelmi,
1677 1216 1952 1255 excaetoribus
2002 1217 2117 1267 regis,

413 1282 518 1331 quod
566 1281 711 1320 habere
755 1281 907 1319 faciant
957 1280 1198 1326 Christiane,
1239 1292 1314 1328 que
1362 1279 1442 1317 fuit
1490 1292 1590 1317 uxor
1638 1279 1798 1317 Ricardi
1847 1280 1894 1317 de
1934 1282 2119 1326 Luvetot‚

416 1344 697 1383 rationabilem
744 1344 879 1382 dotem
928 1356 1042 1381 suam
1090 1342 1137 1380 de
1197 1342 1313 1380 terris
1388 1345 1427 1379 et
1491 1341 1748 1387 tenementis,
1819 1355 1895 1391 que
1957 1343 2120 1380 fuerunt

415 1407 541 1456 ipsius
587 1405 748 1444 Ricardi
795 1408 834 1443 et
880 1418 955 1455 que
1002 1408 1091 1454 post
1149 1406 1321 1442 mortem
1378 1403 1504 1452 ipsius
1563 1403 1722 1441 Ricardi
1772 1406 1889 1452 capta
1934 1407 2029 1442 sunt
2076 1404 2118 1441 in

416 1482 585 1507 manum
630 1468 747 1517 regis,
806 1480 851 1506 eo
897 1468 1002 1517 quod
1050 1467 1157 1504 idem
1219 1466 1416 1504 Ricardus
1463 1466 1510 1504 de
1566 1478 1656 1515 rege
1705 1465 1837 1504 tenuit
1884 1465 1926 1503 in
1975 1466 2118 1516 capite.

417 1531 533 1569 Teste
580 1533 625 1568 ut
676 1543 809 1579 supra.

524 1602 679 1641 Eodem
719 1601 838 1639 modo
876 1600 1116 1639 mandatum
1164 1603 1224 1638 est
1272 1597 1576 1638 vicecomitibus
1597 1612 1661 1637 :—

631 1664 896 1713 Notingham.
956 1663 1072 1701 Teste
1120 1665 1165 1700 ut
1214 1674 1348 1711 supra.

634 1725 776 1763 Hunt’.
843 1725 961 1763 Teste
1008 1727 1053 1762 ut
1101 1736 1235 1772 supra.

523 1833 600 1869 Pro
640 1831 850 1867 ‹zm-ucione
897 1830 1105 1866 testamenti
1156 1829 1313 1865 Hicczrdi
1350 1828 1393 1864 de
1440 1826 1726 1865 Damon—Et
1775 1827 2015 1866 mandatum
2065 1831 2125 1866 est

414 1894 544 1933 eidem
591 1891 818 1931 vicecomiti
866 1891 972 1940 quod
1018 1903 1099 1928 non
1153 1889 1332 1939 inpediat
1380 1892 1613 1927 executores
1661 1890 1899 1927 testamenti
1953 1890 2121 1939 predicti

415 1955 576 1996 Ricardi
623 1953 841 2004 quominus
880 1952 1003 1991 libere
1041 1955 1080 1990 et
1128 1951 1214 1990 sine
1260 1951 1558 2000 impedimento
1599 1950 1718 1989 blada
1767 1954 1807 1989 et
1856 1952 1935 1989 alia
1975 1952 2121 1990 catalla

414 2032 490 2069 que
554 2018 720 2056 fuerunt
784 2015 912 2065 ipsius
976 2014 1151 2060 Ricardi,
1202 2014 1372 2052 vendere
1438 2013 1597 2062 possint
1663 2013 1712 2051 ad
1765 2013 2121 2053 execututionem²²¹³

414 2079 649 2120 testamenti
696 2079 757 2118 sui
805 2078 1048 2117 faciendam.
1128 2077 1245 2115 Teste
1295 2079 1340 2114 ut
1388 2089 1524 2125 supra.

528 2189 601 2226 Pro
676 2187 883 2223 hominibus
957 2187 999 2221 de
1072 2182 1617 2221 Mellceslmm.—Mandatum
1692 2186 1752 2220 est
1823 2182 2121 2221 constabulario

414 2250 646 2288 Divisarum
685 2248 791 2297 quod
830 2246 1043 2296 permittat
1090 2245 1276 2283 homines
1314 2245 1361 2282 de
1401 2243 1652 2282 Melkesham
1691 2243 1838 2282 habere
1878 2244 2012 2283 averia
2050 2258 2122 2283 sua

413 2312 455 2350 in
505 2312 652 2350 foresta
701 2310 748 2347 de
799 2308 1064 2353 Melkesham‚
1116 2307 1219 2345 sicut
1270 2305 1415 2344 habere
1462 2308 1760 2344 consueverunt
1800 2309 1980 2355 tempore
2019 2306 2121 2356 regis

414 2373 613 2412 -Johannis
670 2375 708 2409 et
759 2374 938 2419 tempore
986 2369 1089 2418 regis
1146 2368 1313 2406 Henrici
1370 2367 1443 2404 filii
1509 2367 1571 2405 sui
1627 2369 1667 2405 et
1724 2366 1973 2416 temporibus
2029 2380 2119 2406 con-

413 2433 725 2474 stabulariorum
763 2432 944 2482 ejusdem
992 2430 1113 2469 castri
1161 2433 1199 2468 et
1247 2430 1461 2468 custodum
1510 2428 1685 2479 predicte
1724 2428 1871 2467 foreste
1910 2442 2035 2478 usque
2073 2429 2122 2467 ad

412 2500 572 2546 tempus
609 2507 743 2540 suum,
791 2506 869 2543 quo
907 2492 1132 2531 custodiam
1179 2491 1290 2530 illius
1328 2491 1449 2530 castri
1492 2493 1531 2530 et
1572 2490 1717 2529 foreste
1766 2490 1928 2540 recepit.
2006 2492 2122 2529 Teste

412 2562 458 2597 ut
504 2571 637 2608 supra.

519 2668 575 2704 De
604 2666 782 2703 trencheis
805 2661 1315 2713 faciendis—Mandatum
1346 2664 1405 2699 est
1436 2660 1578 2698 Roesie
1608 2660 1656 2698 de
1686 2660 1726 2698 la
1757 2659 1912 2698 Rokell'
1944 2660 2049 2710 quod
2079 2660 2120 2697 in

411 2727 530 2767 bosco
567 2740 639 2765 suo
678 2727 725 2764 de
763 2726 945 2764 Ledham
985 2728 1024 2763 et
1062 2725 1109 2762 de
1149 2723 1394 2762 Wormehal’
1436 2722 1522 2760 fieri
1562 2721 1683 2761 faciat
1722 2734 1846 2759 unam
1887 2722 2120 2760 trencheam

411 2803 480 2839 per
519 2789 651 2828 visum
695 2787 896 2826 Johannis
936 2787 983 2825 de
1022 2786 1166 2824 Nevill'
1202 2788 1241 2823 et
1283 2784 1587 2823 forestariorum
1624 2786 1663 2822 et
1697 2783 1978 2821 viridariorum
2019 2783 2122 2832 regis

411 2852 589 2902 partium
627 2851 803 2896 illarum,
842 2849 900 2887 ita
948 2848 1053 2899 quod
1104 2846 1414 2886 transeuntibus
1467 2859 1538 2895 per
1589 2846 1751 2884 easdem
1801 2848 1936 2894 partes
1986 2858 2121 2884 secure

409 2917 545 2964 pateat
583 2912 779 2952 transitus
826 2914 988 2961 propter
1025 2910 1317 2948 malefactores.
1396 2908 1513 2946 Teste
1560 2910 1605 2946 ut
1644 2920 1778 2956 supra.

517 2992 673 3031 Eodem
722 2990 841 3029 modo
892 2989 1132 3027 mandatum
1185 2991 1245 3027 est
1298 2987 1470 3025 Ricardo
1522 2986 1569 3024 de
1622 2985 1738 3023 Bella
1786 2985 1895 3034 Fago
1935 2985 2039 3034 quod
2079 2985 2120 3022 in

409 3054 527 3094 bosco
567 3066 638 3092 suo
676 3052 723 3090 de
761 3051 851 3089 Peri
885 3051 970 3089 fieri
1001 3050 1123 3089 faciat
1155 3062 1278 3088 unam
1314 3048 1548 3087 trencheam
1583 3060 1652 3096 per
1685 3047 1816 3085 visum
1850 3045 2119 3095 predictorum

411 3120 486 3156 etc.
562 3116 681 3154 Teste
720 3117 765 3152 ut
803 3125 938 3162 supra.

518 3196 574 3233 Et
620 3193 860 3233 mandatum
912 3194 972 3229 est
1023 3190 1202 3229 Johanni
1249 3190 1297 3228 de
1335 3188 1479 3227 Nevill'
1525 3187 1630 3239 quod
1668 3187 1866 3237 predictas
1907 3186 2117 3224 trencheas

407 3257 493 3296 fieri
531 3256 757 3307 permittat,
797 3254 902 3292 sicut
948 3252 1176 3303 predictum
1214 3254 1289 3291 est.
1367 3251 1484 3289 Teste
1523 3253 1569 3289 ut
1609 3262 1742 3299 supra.

449 3361 464 3392 8
1140 3351 1154 3365 *
1175 3348 1233 3381 Sic
1258 3347 1293 3379 in
1317 3347 1393 3380 MS.
