2375 3587
299 656 443 705 1236.

301 723 359 761 [m.
377 721 448 763 22]

1280 201 1480 249 (382)

1142 552 1205 602 21
1252 550 1491 603 HENRY
1533 550 1631 603 ΙΙΙ.

647 727 722 763 Pro
759 740 850 775 resse.
907 727 964 763 De
1000 728 1094 763 vinis
1130 728 1332 764 retinendis
1363 729 1466 775 apud
1496 727 1972 775 Suhampt’.—Dominus
2006 741 2074 766 rex
2107 727 2237 766 mittit

536 788 766 826 Johannem
815 788 971 827 Mansel
1009 800 1133 838 usque
1174 787 1386 838 Suhampt⁷
1425 789 1474 827 ad
1513 789 1769 828 retinendum
1809 803 1874 828 xx.
1915 789 2023 828 dolia
2060 789 2144 828 vini
2187 789 2236 828 ad

537 862 635 899 opus
674 863 805 888 suum.

646 954 724 989 Pro
775 954 951 990 tIohanne
1003 955 1045 990 ‹Ie
1098 953 1523 1002 G›·ay.—ix1andat111n
1576 957 1635 993 est
1674 954 1900 993 vicecomiti
1940 953 2092 993 Wiltes’
2132 954 2237 1004 quod

536 1014 776 1052 demandam
827 1028 947 1064 quam
1002 1015 1099 1053 facit
1152 1015 1333 1054 Johanni
1384 1016 1431 1054 de
1484 1017 1593 1067 Gray
1644 1017 1692 1055 de
1745 1017 1862 1055 sectis
1925 1016 2142 1055 comitatus
2198 1019 2237 1055 et

536 1077 733 1114 hundredi
785 1077 832 1114 de
885 1080 989 1115 terra
1041 1077 1168 1126 ipsius
1220 1078 1421 1117 Johannis
1473 1079 1514 1116 in
1568 1079 1723 1124 Eston’,
1765 1081 1890 1128 ponat
1927 1078 1969 1116 in
2009 1080 2235 1128 respectum

534 1151 737 1188 quousque
766 1151 834 1177 rex
863 1138 972 1177 aliud
1002 1139 1094 1178 inde
1123 1140 1353 1190 preceperit.
1415 1140 1531 1180 Teste
1561 1153 1651 1190 rege
1677 1140 1782 1190 apud
1813 1140 2234 1186 Westmonasterium‚

536 1213 626 1238 xxx.
664 1200 727 1238 die
767 1199 964 1238 Octobris.

642 1286 726 1325 Rex
766 1287 982 1326 baronibus
1020 1289 1103 1326 suis
1140 1288 1187 1326 de
1228 1288 1448 1336 Scaccario‚
1490 1289 1675 1328 salutem.
1736 1289 1884 1328 Sciatis
1921 1288 2028 1338 quod
2066 1289 2232 1338 perdon-

533 1348 691 1386 avimus
743 1348 887 1387 dilecto
940 1350 1128 1388 servienti
1184 1354 1322 1388 nostro
1372 1351 1548 1389 Radulfo
1600 1351 1647 1389 de
1702 1351 1852 1390 Sancto
1905 1350 2128 1400 sampsone
2171 1350 2235 1389 cui

533 1409 715 1448 dedimus
767 1411 1026 1460 maritagium
1080 1411 1276 1450 willelmi
1329 1412 1405 1450 filii
1444 1416 1483 1451 et
1522 1412 1680 1451 heredis
1718 1411 1882 1451 Roberti
1921 1412 1967 1450 de
2006 1411 2145 1450 Bruer‘
2186 1412 2235 1449 ad

533 1484 631 1521 opus
680 1473 866 1511 Johanne
915 1473 996 1511 filie
1044 1486 1126 1519 sue,
1178 1473 1203 1511 1.
1253 1477 1293 1512 et
1342 1475 1392 1524 vj.
1437 1474 1559 1513 libras
1607 1487 1682 1524 que
1731 1473 1847 1512 nobis
1894 1472 2142 1512 debebantur
2188 1473 2235 1511 de

533 1537 638 1572 terra
666 1547 742 1584 que
772 1535 850 1573 fuit
884 1535 1052 1584 predicti
1082 1535 1247 1574 Roberti
1278 1536 1318 1574 in
1350 1536 1470 1575 Warl'
1501 1537 1549 1575 de
1578 1536 1712 1575 debito
1742 1535 1910 1575 Walteri
1939 1535 1986 1573 de
2015 1535 2233 1586 Leycestr’‚

533 1596 580 1634 de
627 1597 772 1646 quibus
819 1596 934 1636 nobis
983 1597 1092 1635 reddi
1131 1602 1425 1637 consueverunt
1465 1599 1520 1649 iij.
1560 1611 1692 1637 marce
1730 1611 1798 1648 per
1836 1610 1990 1636 annum
2030 1598 2079 1635 ad
2119 1599 2231 1636 Scae-

534 1659 685 1696 carium
738 1663 937 1706 nostrum,
988 1661 1044 1698 ita
1097 1661 1202 1709 quod
1256 1661 1288 1698 si
1341 1661 1545 1711 predictus
1596 1661 1710 1699 heres
1763 1660 1929 1699 suscitet
1981 1659 2134 1709 prolem
2187 1660 2234 1698 de

533 1721 710 1769 predicta
763 1722 847 1760 filia
896 1722 1023 1771 ipsius
1077 1722 1250 1769 Radulfi,
1301 1723 1370 1773 qui
1423 1723 1533 1762 vivat
1586 1726 1624 1762 et
1677 1723 1862 1762 succedat
1918 1722 1960 1759 in
2014 1722 2234 1761 hereditate

534 1782 723 1831 predicta,
759 1783 843 1832 ipse
879 1784 1110 1823 Willehnus
1153 1785 1199 1823 de
1239 1785 1376 1823 Bruer'
1416 1788 1453 1823 et
1493 1785 1656 1823 heredes
1696 1785 1756 1823 sui
1794 1785 1835 1821 in
1874 1786 2113 1833 perpetuum
2153 1784 2235 1823 sint

533 1844 658 1893 quieti
710 1846 756 1883 de
808 1845 941 1884 debito
998 1847 1189 1895 predicto.
1278 1847 1320 1886 Si
1378 1860 1469 1886 vero
1526 1847 1736 1896 contingat
1791 1846 1927 1896 ipsum
1983 1845 2234 1884 Willelmum

533 1907 634 1944 mori
673 1910 888 1957 antequam
928 1908 1081 1957 prolem
1120 1909 1166 1947 de
1205 1909 1382 1958 predicta
1412 1910 1602 1948 Johanna
1640 1908 1805 1947 suscitet
1842 1907 1909 1958 qui
1941 1907 1982 1945 in
2011 1907 2234 1946 hereditate

534 1969 712 2017 predicta
762 1970 960 2016 succedat,
1015 1975 1110 2009 tunc
1164 1971 1371 2009 debebitur
1423 1975 1462 2010 et
1514 1971 1701 2009 reddetur
1747 1969 1864 2008 nobis
1911 1969 1973 2008 vel
2020 1968 2234 2009 heredibus

533 2031 682 2069 nostris
721 2035 853 2070 totum
901 2033 1127 2081 predictum
1166 2033 1347 2071 debitum
1391 2033 1438 2071 de
1478 2036 1582 2072 terra
1620 2032 1811 2082 predicta.
1884 2031 1940 2070 Et
1986 2031 2075 2070 ideo
2120 2030 2234 2070 vobis

534 2094 776 2131 mandamus
827 2094 933 2144 quod
981 2095 1037 2133 ita
1088 2096 1174 2133 fieri
1222 2099 1261 2134 et
1306 2095 1519 2134 inrotulari
1570 2094 1741 2133 faciatis.
1830 2094 1947 2133 Teste
1985 2106 2075 2143 rege
2126 2094 2232 2143 apud

535 2155 955 2203 Westmonasterium,
992 2159 1099 2206 xxxj.
1140 2157 1201 2196 die
1241 2157 1439 2196 Octobris.
1519 2159 1747 2207 [vcmeelled]
1792 2159 1893 2201 Quia
1929 2170 2005 2195 ozon
2039 2156 2181 2195 habuit.

640 2243 796 2280 Deron'.
873 2245 951 2280 Pro
1000 2245 1164 2281 Ii'icardo
1226 2246 1268 2281 «le
1321 2243 1825 2293 Langlefhrd’.—Ricardus
1884 2243 1931 2280 de
1991 2242 2231 2292 Langeford’

533 2303 652 2342 habet
691 2316 817 2342 unum
857 2308 1078 2343 mercatum
1127 2306 1231 2355 apud
1278 2306 1532 2356 Brawurthy,
1582 2305 1809 2343 manerium
1872 2317 2004 2351 suum,
2063 2304 2233 2353 singulis

533 2365 768 2414 septimanis
826 2379 894 2416 per
949 2367 1055 2405 diem
1112 2368 1278 2405 Veneris
1345 2368 1450 2417 quod
1507 2367 1617 2417 prius
1674 2367 1801 2405 teneri
1851 2366 1951 2405 solet
2008 2379 2077 2415 per
2127 2366 2232 2403 diem

533 2427 720 2466 Mercurii
759 2427 920 2474 ibidem,
961 2432 999 2467 et
1038 2441 1162 2467 unam
1222 2429 1363 2467 feriam
1412 2442 1480 2478 per
1519 2433 1599 2467 tres
1637 2429 1735 2476 dies,
1773 2428 1971 2474 videlicet,
2013 2428 2055 2465 in
2094 2427 2233 2477 vigilia

531 2492 570 2526 et
617 2489 658 2526 in
706 2489 768 2527 die
816 2493 854 2528 et
900 2491 940 2527 in
993 2491 1169 2529 crastino
1221 2491 1368 2530 Sancte
1416 2491 1641 2537 Trinitatis,
1682 2503 1757 2540 que
1796 2490 1907 2539 prius
1944 2489 2092 2528 ibidem
2131 2489 2232 2528 solet

531 2551 656 2589 teneri
695 2551 735 2589 in
767 2552 904 2601 vigilia
937 2556 975 2591 et
1014 2553 1054 2590 in
1089 2553 1152 2591 die
1186 2557 1225 2592 et
1259 2554 1299 2591 in
1332 2554 1508 2592 crastino
1538 2553 1828 2592 Decollationis
1860 2552 2000 2592 Sancti
2030 2552 2231 2591 Johannis

532 2613 727 2662 Baptiste.
805 2614 860 2653 Et
908 2615 1147 2653 mandatum
1186 2619 1246 2653 est
1283 2615 1509 2654 vicecomiti
1556 2615 1707 2654 Devon'
1746 2615 1851 2665 quod
1887 2615 1945 2653 ita
1983 2614 2150 2654 clamari
2191 2617 2230 2653 et

531 2676 658 2714 teneri
695 2675 817 2714 faciat
855 2689 923 2725 per
962 2680 1088 2716 totam
1128 2676 1291 2715 balliam
1331 2690 1461 2716 suam.
1539 2677 1654 2715 Teste
1688 2689 1777 2726 rege
1818 2676 1923 2726 apud
1954 2677 2228 2716 Westmonas-

530 2737 692 2783 terium,
731 2739 904 2776 secundo
942 2739 1003 2776 die
1042 2739 1293 2777 Novembris.
1381 2739 1456 2777 Per
1495 2738 1557 2777 W.
1598 2739 1645 2777 de
1684 2739 1851 2788 Ralegh‚
1892 2751 1961 2788 per
1998 2740 2230 2788 preceptum

528 2811 644 2848 regis.

638 2888 715 2924 Pro
754 2888 910 2925 Roberto
949 2889 991 2924 de
1028 2887 1551 2936 M2‹scey›-‹2s.—Mandatum
1601 2892 1660 2925 est
1708 2887 1878 2926 Ricardo
1925 2887 1972 2925 de
2017 2886 2229 2926 Wrotham

529 2948 634 2997 quod
672 2947 818 2987 habere
858 2949 980 2987 faciat
1020 2948 1196 2987 Roberto
1244 2950 1291 2987 de
1339 2951 1569 2998 Muscegros
1616 2950 1716 2988 duos
1764 2949 1969 2998 capreolos
2018 2949 2058 2986 in
2107 2947 2232 2987 hallia

529 3023 614 3056 sua,
662 3009 710 3047 de
758 3010 862 3048 dono
909 3010 1026 3059 regis.
1105 3010 1221 3049 Teste
1269 3023 1358 3060 rege
1415 3011 1520 3060 apud
1578 3011 1998 3056 westmonasterium,
2038 3010 2111 3059 iiij.
2166 3009 2229 3047 die

529 3070 779 3110 Novembris.

635 3169 712 3205 Pro
749 3168 926 3204 Johamze
959 3169 1087 3204 comite
1129 3168 1242 3205 Cestr'
1282 3176 1314 3206 et
1348 3170 1580 3206 coheredibus
1619 3168 1854 3206 suis.—Rex
1893 3166 2108 3205 baronibus
2147 3166 2228 3205 suis

527 3229 574 3267 de
621 3228 843 3274 Scaeam—io,
883 3228 1070 3267 salutem.
1130 3229 1373 3268 Mandamus
1413 3229 1525 3269 vobis
1561 3230 1666 3280 quod
1711 3229 1953 3268 demandam
1996 3241 2117 3279 quam
2160 3241 2229 3277 per

526 3291 885 3330 summonitionem
921 3290 1118 3329 Scaccarii
1152 3292 1279 3329 nostri
1309 3292 1441 3330 facitis
1474 3292 1668 3338 Johanni,
1689 3291 1827 3330 comiti
1862 3292 1987 3329 Cestr’
2009 3293 2048 3329 et
2082 3290 2228 3336 Hunt’,

526 3356 564 3391 et
596 3351 860 3402 participibus
891 3352 974 3389 suis
1002 3356 1041 3390 et
1075 3352 1336 3390 coheredibus
1368 3354 1415 3392 R.
1448 3354 1651 3403 quondam
1681 3353 1840 3391 comitis
1870 3352 1996 3391 Cestr’
2027 3355 2066 3391 et
2096 3351 2229 3399 Linc’‚
