2375 3587
202 222 284 263 278

264 350 406 396 1236.

264 418 324 457 [m.
339 415 406 454 10.]

1132 206 1317 250 CLOSE
1361 203 1563 247 ROLLS.

611 411 735 447 judei.
798 410 874 445 Pro
894 408 1071 445 Johanne
1100 406 1181 447 silio
1201 403 1375 440 «Iohanni
1396 399 1484 451 (sic)
1511 399 1654 442 Harma,
1676 399 1718 433 cle
1744 393 2199 433 extenta—Mandatum

504 475 562 510 est
591 470 824 522 justiciariis
854 469 901 507 ad
932 466 1155 507 custodiam
1176 464 1398 502 Judeorum
1428 459 1644 509 assignatis
1672 457 1778 507 quod
1806 470 1875 506 per
1901 457 2199 495 sacramentum

504 533 719 583 proborum
758 534 797 569 et
834 530 1025 580 legalium
1063 526 1278 566 hominum
1316 522 1477 561 extendi
1515 521 1667 559 faciant
1703 523 1851 557 terram
1891 517 2092 556 Johannis
2129 516 2200 554 filii

505 594 703 633 Johannis
740 594 787 631 de
826 593 958 630 Balun
1006 591 1047 627 in
1096 600 1245 637 magna
1291 584 1456 623 Merkel’
1508 586 1546 621 et
1593 582 1634 619 in
1682 593 1831 629 magna
1878 579 2080 618 Cheverel’
2125 591 2201 628 que

505 660 565 695 est
602 655 762 694 vadium
804 653 935 692 Urseli
974 652 1047 690 filii
1086 647 1301 693 Hamonis,
1342 645 1463 684 Judei
1502 644 1655 689 Heref‘,
1695 642 1827 680 David
1873 642 1920 679 de
1968 640 2123 679 Oxonia
2162 643 2201 678 et

508 718 664 757 Samar’
702 717 749 755 de
782 714 1004 759 Wintonia,
1045 713 1281 755 Judeorum,
1320 707 1505 746 videlicet
1539 708 1736 755 quantum
1770 703 1901 741 valeat
1941 716 2009 752 per
2047 715 2201 740 annum

504 780 545 818 in
583 779 808 824 dominicis,
848 775 1083 820 redditibus,
1116 771 1305 817 serviciis,
1336 768 1563 818 villenagiis
1601 770 1640 805 et
1676 765 1864 804 omnibus
1902 765 1993 803 aliis
2031 764 2203 803 exitibus

504 845 632 886 terre;
669 844 720 886 et,
756 841 861 878 facta
891 837 1123 876 extensione
1156 833 1346 884 predicta,
1383 832 1511 870 eidem
1546 828 1726 868 Jobanni
1766 826 2045 865 rationabilem
2079 827 2202 865 finem

504 908 542 941 et
592 901 849 941 rationabiles
885 899 1080 938 terminos
1118 896 1263 935 habere
1302 894 1453 932 faciant
1491 892 1540 930 ad
1572 890 1706 929 debita
1744 890 1785 927 in
1823 889 1969 939 quibus
2015 889 2203 939 predictis

506 965 645 1003 Judeis
684 967 842 1002 tenetur
880 961 1079 1000 reddenda
1118 958 1339 997 secundum
1379 955 1555 993 valorem
1597 956 1700 991 terre
1738 952 1913 1001 predicte
1960 954 1999 990 et
2045 951 2203 1002 quanti-

508 1029 631 1065 tatem
670 1025 941 1075 predictorum
980 1021 1220 1066 debitorum,
1262 1019 1319 1056 ita
1356 1017 1461 1068 quod
1501 1015 1663 1054 interim
1702 1017 1858 1053 cessent
1897 1026 2029 1052 usure.
2089 1013 2205 1052 Teste

507 1093 552 1127 ut
587 1101 720 1138 supra.

616 1202 671 1237 De
728 1200 848 1236 <lamis
907 1200 1007 1235 (latis
1064 1197 1244 1233 comitisse
1311 1189 1757 1229 l’enbr'.—Mandatum
1805 1192 1865 1226 est
1926 1188 2104 1226 Johanni
2159 1189 2207 1226 de

507 1262 668 1307 Nevill’,
726 1260 948 1310 justiciario
1012 1258 1171 1303 foreste,
1233 1255 1338 1304 quod
1406 1253 1446 1290 in
1514 1251 1672 1289 forestis
1742 1250 1789 1287 de
1854 1250 2109 1300 Wychewud’
2168 1253 2207 1288 et

509 1323 745 1373 Wytlewud'
779 1331 817 1359 et
856 1319 1090 1360 Bernewud'
1126 1317 1272 1356 habere
1311 1315 1432 1353 faciat
1465 1314 1511 1351 A.
1545 1312 1747 1350 comitisse
1782 1311 1941 1357 Penbr’‚
1976 1312 2206 1361 quindecim

507 1386 647 1423 damos
697 1385 744 1422 de
793 1384 898 1421 dono
949 1381 1066 1431 regis,
1118 1379 1268 1418 scilicet
1321 1378 1363 1414 in
1415 1375 1587 1425 singulis
1639 1386 1777 1412 earum
1829 1373 2005 1423 quinque
2053 1374 2205 1413 damos.

509 1447 627 1485 Teste
665 1459 755 1495 rege
793 1445 899 1494 apud
939 1443 1205 1487 wintoniam,
1246 1440 1325 1490 xvj.
1367 1439 1429 1476 die
1469 1436 1596 1475 Junii.

621 1559 676 1595 De
714 1558 918 1606 quercubus
952 1553 1363 1594 datia—Mandatum
1403 1553 1462 1587 est
1500 1547 1797 1587 constabulario
1828 1547 2059 1586 Divisarum
2104 1551 2210 1600 quod

510 1620 631 1659 faciat
679 1618 824 1656 habere
872 1616 1069 1656 Herberto
1116 1616 1200 1653 filio
1248 1612 1401 1652 Mathei
1449 1623 1592 1649 novem
1639 1622 1808 1660 quercus
1854 1610 1896 1647 in
1955 1611 2104 1650 foresta
2161 1613 2208 1651 de

510 1681 772 1720 Melkesham'
831 1680 881 1718 ad
937 1679 1072 1717 focum
1129 1689 1248 1716 suum
1304 1675 1351 1713 de
1406 1674 1512 1712 dono
1569 1672 1685 1722 regis.
1771 1672 1888 1711 Teste
1951 1686 2041 1723 rege
2103 1676 2209 1725 apud

511 1743 762 1788 Clarendon’,
804 1742 897 1792 xvij.
938 1741 1000 1779 die
1039 1739 1166 1778 Sunii.

621 1858 781 1894 Electus.
841 1856 920 1892 Pro
958 1855 1068 1891 electu
1115 1848 1624 1890 I'alentimu—Mandatum
1673 1850 1732 1884 est
1772 1846 1855 1884 Ade
1892 1847 1976 1886 filio
2016 1848 2209 1888 Willelmi

508 1919 613 1970 quod
662 1919 708 1956 de
755 1916 936 1954 manerio
983 1916 1030 1952 de
1078 1914 1274 1952 Reindon'
1315 1924 1407 1951 cum
1455 1909 1708 1960 pertinentiis
1756 1909 1860 1959 quod
1906 1911 2068 1948 extendi
2115 1912 2209 1952 fecit

510 1981 559 2018 ad
606 1980 773 2029 triginta
820 1985 859 2016 et
907 1981 1078 2028 quatuor
1123 1975 1257 2021 libras,
1299 1973 1411 2023 xviij.
1459 1971 1606 2010 solidos
1653 1973 1692 2008 et
1739 1971 1791 2008 xi.
1840 1971 2036 2019 denarios,
2077 1976 2116 2012 et
2162 1975 2210 2014 de

510 2043 690 2081 manerio
757 2041 803 2078 de
872 2030 1087 2088 Benigton'
1146 2051 1237 2077 cum
1299 2034 1553 2086 pertinentiis
1613 2033 1717 2083 quod
1779 2034 1939 2072 extendi
2005 2035 2100 2074 fecit
2160 2038 2209 2075 ad

508 2104 773 2155 quadraginta
819 2102 953 2147 libras,
999 2101 1174 2151 quinque
1231 2099 1391 2143 solidos,
1440 2101 1529 2136 octo
1579 2096 1765 2134 denarios
1821 2099 1860 2134 et
1916 2096 2091 2144 obolum,
2141 2112 2210 2149 per

510 2171 740 2217 preceptum
779 2165 897 2214 regis,
936 2165 983 2202 de
1021 2163 1137 2201 terris
1176 2175 1251 2212 que
1290 2161 1453 2199 fuerunt
1491 2158 1654 2197 Roberti
1704 2158 1778 2196 filii
1825 2159 2005 2206 Walteri,
2046 2161 2204 2210 plenam

510 2229 698 2267 seisinam
737 2226 882 2265 habere
921 2226 1042 2264 faciat
1082 2225 1143 2262 W.
1175 2224 1300 2262 electo
1331 2222 1562 2266 Valentino,
1601 2233 1692 2258 cum
1732 2219 1860 2259 bladis
1890 2234 1965 2271 que
1993 2234 2061 2260 rex
2089 2223 2209 2262 habet

508 2297 551 2336 in
580 2290 768 2340 predictis
799 2289 913 2327 terris
945 2293 984 2326 et
1013 2287 1166 2326 carucis
1199 2286 1315 2335 regis.
1394 2285 1449 2322 Et
1487 2284 1534 2321 de
1570 2283 1686 2321 terris
1724 2283 1893 2322 residuis
1932 2297 2007 2334 que
2045 2285 2209 2325 fuerunt

509 2352 676 2403 predicti
714 2351 892 2396 Roberti,
932 2353 1130 2400 quantum
1169 2349 1278 2387 deest
1315 2347 1362 2385 de
1400 2345 1585 2384 ducentis
1623 2343 1779 2382 libratis
1817 2347 1932 2392 terre,
1973 2347 2132 2385 extendi
2171 2353 2210 2387 et

508 2415 635 2453 eidem
675 2414 799 2452 electo
846 2413 938 2450 inde
987 2411 1176 2449 seisinam
1225 2409 1370 2448 habere
1418 2408 1537 2446 faciat
1585 2406 1773 2444 similiter
1819 2420 1918 2445 cum
1961 2407 2088 2447 bladis
2134 2424 2210 2460 que

510 2491 577 2515 rex
615 2475 736 2514 habet
774 2475 816 2512 in
855 2474 1003 2512 eisdem
1044 2473 1159 2511 terris
1197 2476 1236 2510 et
1274 2470 1427 2509 carucis
1465 2469 1582 2518 regis,
1622 2468 1680 2506 ita
1726 2469 1831 2518 quod
1878 2469 1925 2507 (le
1973 2471 2087 2510 terris
2135 2485 2210 2521 que

510 2540 673 2577 fuerunt
704 2536 879 2587 predecti
909 2535 1072 2573 Roberti
1103 2533 1248 2572 habeat
1278 2534 1471 2571 ducentas
1501 2530 1666 2569 libratas
1696 2533 1797 2568 terre
1840 2533 2134 2581 competentius
2174 2535 2209 2572 ei

510 2601 747 2650 assignatas,
783 2611 881 2648 quas
920 2610 987 2635 rex
1025 2596 1059 2635 ei
1098 2595 1302 2634 commisit
1341 2594 1390 2632 ad
1428 2606 1469 2631 se
1508 2592 1820 2630 sustentandum
1854 2593 1895 2630 in
1935 2594 2100 2634 servicio
2139 2609 2210 2634 suo

508 2662 701 2713 quamdiu
739 2660 821 2709 regi
859 2659 1065 2709 placuerit.
1127 2658 1243 2696 Teste
1281 2660 1325 2695 ut
1364 2668 1493 2705 supra.
1567 2655 1795 2704 [Cancelled]
1827 2657 1928 2698 Quia
1956 2670 2033 2694 non
2066 2659 2210 2698 habuit.

621 2776 711 2812 Har.
768 2774 822 2809 De
855 2772 1017 2818 imagsine
1054 2771 1213 2818 quadam
1237 2766 1738 2816 2s'acietzda.—lllandatuin
1772 2769 1831 2804 est
1871 2766 1923 2804 H.
1955 2767 2002 2805 de
2032 2768 2208 2816 Pathes’,

513 2835 760 2875 thesaurario
790 2833 906 2882 regis,
939 2832 1044 2882 quod
1073 2831 1122 2868 ad
1152 2829 1462 2868 similitudinem
1493 2828 1682 2877 imaginis
1721 2828 1826 2878 regie
1857 2842 1977 2877 quam
2018 2843 2084 2867 rex
2123 2832 2208 2869 fieri

512 2899 606 2937 fecit
652 2896 879 2946 ponendam
930 2894 971 2931 in
1022 2894 1167 2930 feretro
1219 2891 1356 2930 Sancti
1408 2890 1595 2928 Edwardi
1647 2890 1753 2939 apud
1805 2890 2210 2933 Westmonasterium

512 2961 597 2999 fieri
635 2960 756 2997 faciat
795 2959 1089 3005 competentem
1127 2954 1346 3004 imaginem
1380 2952 1591 3002 cujusdam
1630 2952 1765 3001 regine
1795 2953 1845 2990 ad
1877 2953 2012 2992 minus
2050 2961 2209 2995 custum

511 3022 618 3073 quod
665 3019 812 3069 poterit
866 3017 1093 3067 ponendam
1142 3016 1183 3053 in
1234 3016 1377 3053 feretro
1427 3013 1617 3063 predicto,
1667 3014 1724 3051 ita
1770 3014 1876 3063 quod
1924 3020 2110 3065 prompta
2158 3019 2210 3057 sit

513 3097 604 3123 cum
643 3095 710 3120 rex
748 3081 844 3118 illuc
883 3078 1065 3128 proximo
1104 3077 1271 3116 venerit.
1348 3076 1466 3114 Teste
1514 3087 1604 3124 rege
1651 3076 1757 3124 apud
1806 3076 2058 3123 Clarendon‚⁷
2098 3079 2209 3130 xviij.

512 3146 574 3183 die
613 3143 739 3182 Junii.

620 3250 676 3285 De
713 3246 893 3294 capreolis
930 3242 1342 3280 datis—Mandatum
1381 3245 1441 3279 est
1480 3240 1650 3279 Ricardo
1688 3240 1735 3277 de
1775 3239 1985 3279 Wrotham
2023 3243 2127 3292 quod
2167 3244 2209 3282 in

513 3311 631 3350 bosco
669 3309 716 3347 de
751 3309 857 3356 Cury
895 3305 1014 3343 faciat
1052 3303 1197 3342 habere
1235 3303 1402 3353 Hugoni
1441 3303 1487 3340 de
1526 3302 1669 3340 Vivon'
1709 3301 1884 3352 quinque
1922 3305 2124 3352 capreolos
2162 3306 2209 3345 de

513 3374 618 3412 dono
655 3370 772 3420 regis.
831 3368 947 3406 Teste
985 3378 1074 3416 rege
1113 3368 1157 3403 ut
1191 3378 1323 3414 supra.
