2375 3587
200 198 254 240 22

266 323 406 369 1234.

254 386 415 429 [m.ffiq

250 2893 312 2934 [m.
341 2893 409 2933 22.]

1124 196 1308 241 CLOsE
1352 195 1554 240 ROLLs

607 397 683 432 Pro
727 396 895 432 Hem-ico
938 397 979 432 sle
1020 394 1556 432 Rornae-all&—Mandatum
1609 394 1668 430 est
1717 390 1873 429 custodi
1922 387 2092 426 manerii
2139 386 2187 424 de

498 457 631 505 Releg'
669 456 774 506 quod
811 456 852 493 in
891 469 1008 505 parco
1041 457 1087 494 de
1125 456 1261 505 Releg'
1297 455 1442 493 habere
1481 454 1602 492 faciat
1641 453 1816 491 Henrico
1854 452 1902 489 de
1940 449 2184 493 Bernavall',

497 518 703 567 capellano
746 518 862 566 regis,
910 518 1085 568 quinque
1132 517 1273 555 robora
1325 517 1374 554 ad
1426 517 1562 554 focum
1615 527 1733 553 suum
1787 526 1878 552 cum
1930 511 2095 550 escaetis
2147 513 2186 548 et

497 579 751 628 pertinentiis
798 579 892 626 suis,
944 580 990 618 de
1037 580 1141 617 dono
1188 579 1305 628 regis,
1382 578 1498 615 Teste
1537 589 1626 626 rege
1664 576 1770 625 apud
1809 575 2014 620 Keniton’,
2054 572 2185 622 primo

497 642 559 680 die
596 641 839 680 Decembris.

605 757 682 794 Pro
724 757 770 794 R.
818 757 1044 805 Cgscestreusi
1088 757 1266 805 episcopo,
1305 756 1448 791 domim?
1487 755 1578 801 ressis
1616 751 2001 791 eam1ella1·1'‹›.—Rex
2039 749 2186 787 dilecto

497 820 536 855 et
586 818 693 855 fideli
743 830 813 855 suo
860 817 1033 856 Roberto
1080 818 1117 855 le
1171 818 1352 867 Sauvage
1402 816 1587 854 salutem.
1677 814 1821 853 Sciatis
1860 813 1964 862 quod
2003 811 2187 866 dedimus

497 878 713 917 venerabili
749 880 853 928 patri
891 880 938 917 R.
979 880 1226 929 Cycestrensi
1264 881 1460 930 episcopo,
1495 877 1732 916 cancellario
1766 879 1916 921 nostro,
1948 875 2187 913 cheverones

498 943 537 979 et
582 941 789 991 planchias
834 944 873 979 et
916 945 1046 980 totum
1083 942 1192 980 aliud
1239 941 1501 981 maeremium
1547 953 1622 990 que
1673 941 1873 988 prostrata
1919 937 2082 975 fuerunt
2145 936 2188 974 in

497 1003 645 1041 foresta
682 1006 818 1041 nostra
855 1004 902 1041 de
940 1004 1132 1042 Assedon’
1171 1007 1349 1054 tempore
1383 1003 1490 1041 Petri
1529 1003 1576 1040 de
1610 1001 1771 1047 Rivall',
1806 1001 1853 1038 ad
1894 999 2186 1049 reparationem

497 1065 706 1102 domorum
747 1065 871 1114 ipsius
904 1065 1077 1114 episcopi
1109 1065 1150 1103 in
1185 1066 1375 1104 maneriis
1408 1065 1503 1103 suis.
1580 1064 1635 1102 Et
1672 1063 1759 1101 ideo
1798 1061 1909 1100 vobis
1945 1061 2186 1098 mandamus

497 1127 601 1175 quod
647 1129 777 1165 totum
824 1127 1046 1175 predictum
1094 1127 1356 1165 maeremium
1404 1127 1532 1165 eidem
1580 1125 1765 1174 episcopo
1813 1124 1860 1161 de
1907 1123 2012 1161 dono
2050 1125 2187 1161 nostro

498 1188 641 1226 habere
679 1188 848 1226 faciatis.
925 1189 1040 1226 Teste
1080 1202 1169 1238 rege
1207 1190 1311 1238 apud
1351 1189 1559 1233 Windles'‚
1602 1187 1644 1237 ij.
1686 1187 1748 1225 (116
1787 1184 2033 1224 Decembris.

604 1296 682 1332 Pro
736 1296 913 1344 Philippo
977 1298 1018 1332 sle
1082 1297 1294 1341 Albinium»,
1344 1298 1385 1333 de
1440 1296 1654 1345 quietancia
1711 1301 1800 1331 secte
1856 1294 2099 1330 comitatuum
2156 1300 2189 1330 et

498 1356 927 1393 luwzdredmmn.—Rex
964 1356 1187 1394 vicecomiti
1222 1357 1333 1395 Wilt'
1365 1356 1549 1394 salutem.
1628 1355 1739 1394 Scias
1773 1354 1879 1403 quod
1916 1353 2187 1392 concessimus

497 1416 640 1454 dilecto
677 1420 714 1454 et
744 1416 850 1454 fideli
886 1420 1022 1455 nostro
1054 1417 1241 1466 Philippo
1271 1418 1317 1455 (16
1349 1417 1558 1455 Albiniaco
1587 1417 1704 1466 (1110(1,
1736 1415 1928 1466 quamdiu
1959 1415 2186 1452 manerium

497 1478 543 1516 de
563 1478 777 1516 Lavinton'
799 1478 917 1517 fuerit
937 1479 978 1516 in
999 1492 1122 1517 manu
1152 1493 1222 1517 sua
1243 1493 1333 1517 cum
1357 1480 1441 1517 filio
1461 1482 1499 1518 et
1520 1479 1661 1517 herede
1684 1478 1878 1517 Willelmi
1899 1477 2119 1516 Willelmic·
2140 1478 2187 1515 de

496 1540 534 1577 la
575 1540 734 1586 Rokele‚
774 1540 841 1590 qui
879 1544 937 1578 est
994 1542 1035 1578 in
1079 1542 1259 1580 custodia
1299 1555 1370 1579 sua
1408 1555 1475 1591 per
1514 1544 1745 1591 preceptum
1792 1543 1991 1586 nostrum,
2031 1539 2186 1577 nullam

496 1601 616 1639 faciat
649 1604 797 1639 sectam
829 1602 877 1639 ad
907 1603 1122 1641 comitatus
1156 1607 1194 1641 et
1232 1604 1281 1641 ad
1310 1604 1532 1649 hundreda,
1569 1617 1640 1642 nec
1671 1602 1821 1652 aliquid
1853 1601 1902 1640 ab
1931 1614 1976 1640 eo
2007 1601 2188 1650 exigatur

496 1663 557 1701 vel
594 1663 774 1712 capiatur
810 1676 880 1712 pro
919 1664 1067 1702 auxilio
1103 1665 1347 1703 vicecomitis
1384 1665 1589 1703 occasione
1627 1664 1798 1703 manerii
1848 1663 2016 1713 predicti
2061 1676 2186 1712 usque

496 1724 544 1762 ad
582 1727 727 1762 etatem
762 1725 928 1773 predicti
966 1726 1133 1764 heredis.
1209 1727 1265 1764 Et
1304 1727 1390 1764 ideo
1420 1726 1492 1764 tibi
1522 1727 1765 1776 precipimus
1794 1726 1899 1776 quod
1929 1725 1976 1763 de
2010 1727 2187 1774 tempore

497 1799 573 1835 (1110
620 1787 841 1835 predictum
891 1788 1114 1825 manerium
1167 1789 1300 1827 extitit
1352 1789 1393 1826 in
1451 1802 1576 1827 manu
1626 1789 1794 1839 predicti
1845 1787 2026 1837 Philippi
2063 1790 2102 1826 et
2140 1788 2187 1825 de

497 1851 672 1896 tempore
727 1861 803 1897 quo
859 1849 1044 1898 deinceps
1093 1850 1193 1888 illud
1242 1850 1406 1897 tenebit,
1459 1854 1502 1889 ut
1560 1852 1785 1900 predictum
1842 1853 1914 1896 est⁷
1966 1850 2013 1887 de
2070 1849 2188 1888 sectis

495 1910 760 1947 comitatuum
823 1913 860 1948 et
920 1912 1219 1950 hundredorum
1290 1916 1328 1950 ct
1388 1914 1435 1951 de
1494 1914 1654 1951 auxiliis
1711 1913 1994 1952 vicecomitum
2052 1912 2186 1961 ipsum

495 1971 729 2020 Philippum
758 1972 938 2021 quietum
968 1986 1051 2011 esse
1085 1974 1308 2023 permittas.
1386 1976 1502 2014 Teste
1542 1989 1630 2025 rege
1670 1976 1775 2025 apud
1809 1975 1997 2024 Rading’,
2037 1974 2095 2024 iij.
2126 1974 2189 2012 die

495 2033 738 2071 Decembris.

601 2149 680 2186 Pro
738 2163 847 2186 lurore
899 2152 1053 2199 liudulfi
1082 2154 1167 2200 filii
1222 2153 1413 2199 Nicleolai,
1456 2155 1496 2190 de
1543 2156 1646 2191 bissis
1713 2162 1746 2191 et
1812 2155 1965 2203 [16111113]
2020 2155 2189 2190 datis.—

496 2209 733 2248 Mandatum
771 2214 830 2249 est
864 2212 1035 2251 Roberto
1072 2214 1119 2251 de
1157 2214 1432 2264 Everingham
1467 2217 1572 2266 quod
1611 2216 1651 2253 in
1692 2216 1840 2255 foresta
1868 2216 1916 2254 de
1956 2215 2189 2254 Shirevvude

494 2271 614 2309 faciat
668 2272 811 2311 habere
864 2274 977 2312 uxori
1034 2275 1193 2313 Radulfi
1251 2277 1325 2314 filii
1377 2278 1563 2316 Nicholai
1616 2281 1695 2316 tres
1745 2277 1873 2316 bissas
1921 2280 1960 2315 et
2010 2277 2187 2326 quinque

494 2333 631 2371 damas
668 2338 806 2372 contra
843 2335 1000 2374 instans
1039 2337 1184 2375 festum
1235 2339 1389 2377 Natalis
1438 2339 1605 2378 Domini
1644 2340 1691 2378 de
1730 2340 1834 2378 dono
1873 2339 1991 2389 regis.
2069 2339 2187 2377 Teste

495 2408 584 2444 rege
616 2396 721 2445 apud
760 2397 945 2447 Rading’,
976 2412 1012 2436 v.
1053 2399 1115 2437 die
1153 2400 1242 2438 die*
1280 2401 1523 2440 Decembris.

603 2516 679 2552 Pro
721 2518 911 2563 fratribus
951 2520 1152 2556 minoribus
1191 2521 1754 2568 Natinssleam'.—Mandatum
1804 2523 1863 2560 est
1913 2521 2091 2559 Henrico
2137 2521 2185 2559 de

495 2575 712 2625 Lameleg'‚
745 2578 898 2616 custodi
929 2579 1029 2629 haye
1065 2581 1169 2630 regis
1206 2582 1253 2619 de
1282 2582 1488 2633 Lyndeby,
1524 2584 1629 2633 quod
1668 2583 1813 2622 habere
1842 2583 1963 2621 faciat
1996 2582 2187 2621 fratribus

495 2638 715 2676 minoribus
753 2641 1092 2680 commorantibus
1123 2644 1227 2692 apud
1258 2644 1421 2694 Noting’
1460 2646 1724 2683 maeremium
1758 2647 1805 2684 de
1836 2645 1946 2695 TeyL
1987 2649 2185 2694 quantum

494 2711 650 2737 necesse
684 2700 803 2739 fuerit
839 2702 886 2739 ad
927 2703 1065 2742 stallos
1116 2717 1207 2743 suos
1260 2705 1476 2753 faciendos,
1518 2708 1565 2745 de
1603 2708 1708 2746 (10110
1751 2707 1867 2758 regis.
1946 2707 2062 2745 Teste
2097 2720 2187 2757 rege

495 2763 539 2798 ut
577 2774 707 2811 supra.

601 2874 679 2911 Pro
720 2876 899 2922 &alfrido
938 2879 978 2913 «lc
1016 2879 1132 2926 Lucgs,
1160 2880 1243 2926 silio
1285 2882 1332 2918 (τ’.
1364 2883 1406 2918 de
1436 2881 1820 2929 Lchsoe—Galfridus
1849 2881 1896 2920 de
1925 2883 2048 2932 Lucy,
2080 2881 2188 2920 filius

494 2937 532 2972 et
569 2935 681 2973 heres
720 2936 889 2974 Galfridi
936 2938 982 2976 de
1029 2939 1153 2990 Lucy,
1202 2941 1438 2980 fidelitatem
1486 2944 1580 2981 fecit
1628 2944 1792 2982 domino
1838 2944 1921 2993 regi
1969 2944 2016 2982 (16
2063 2943 2187 2982 feodis

493 2999 662 3044 quatuor
698 2997 874 3036 militum
912 3012 986 3049 que
1025 3003 1157 3039 tenere
1194 3001 1309 3041 debet
1347 3004 1394 3041 de
1432 3004 1516 3042 filio
1555 3008 1593 3043 et
1632 3005 1776 3043 herede
1819 3005 1978 3044 comitis
2027 3006 2182 3051 Glouc’‚

494 3057 560 3105 qui
597 3060 656 3095 est
693 3057 734 3095 in
772 3060 951 3098 custodia
990 3062 1104 3112 regis.
1197 3064 1253 3102 Et
1291 3066 1530 3103 mandatum
1569 3070 1629 3105 est
1667 3067 1839 3105 Ricardo
1886 3068 1933 3105 (16
1991 3067 2030 3105 la
2075 3067 2185 3105 Lade

494 3119 597 3166 quod
649 3120 692 3156 de
744 3120 928 3168 predictis
985 3126 1155 3172 quatuor
1202 3125 1326 3163 feodis
1385 3126 1562 3165 militum
1621 3128 1743 3166 talem
1791 3128 1980 3166 seisinam
2038 3127 2184 3166 habere

493 3179 668 3217 faciant*
715 3182 890 3229 predicto
947 3184 1128 3223 Galfrido
1166 3186 1329 3236 juniori,
1368 3188 1528 3237 qualem
1585 3189 1786 3239 predictus
1826 3190 2034 3228 Galfridus
2072 3191 2186 3239 pater

494 3253 588 3278 suus
621 3241 761 3280 habuit
798 3243 860 3281 die
898 3257 975 3293 quo
1014 3245 1125 3285 obiit.
1203 3248 1318 3286 Teste
1357 3252 1401 3287 ut
1440 3262 1573 3299 supra.
1632 3251 1707 3289 Per
1746 3251 1808 3290 W.
1849 3251 1896 3289 de
1934 3252 2037 3290 Ral'.

1216 3345 1230 3360 *
1258 3344 1312 3375 Sic
1337 3346 1372 3376 in
1395 3345 1466 3377 MS.
