2375 3587
174 303 318 351 1235.

188 371 248 415 [m.
268 370 313 410 1.]

1066 178 1117 216 19
1160 175 1365 219 HENRY
1406 178 1487 219 ΠΙ.
2034 184 2115 223 153

378 370 633 409 ›Willelmi’ssss
689 370 889 408 invenerit
947 371 981 408 ei
1039 371 1108 420 xij.
1167 371 1311 421 probos
1369 376 1406 410 et
1463 373 1611 420 legales
1670 375 1854 414 homines
1913 379 1987 415 etc.
2045 378 2113 427 qui

411 432 699 481 manucapiant
736 431 883 470 habere
921 435 1011 479 etc.‚
1049 436 1145 472 tunc
1184 446 1250 472 eos
1290 435 1421 472 tradat
1460 435 1500 472 in
1537 435 1718 483 ballium,
1752 438 1855 476 sicut
1889 439 2114 488 predictum

410 497 484 533 est.
544 494 662 533 Teste
701 497 747 532 ut
784 507 917 544 supra.

528 583 639 631 [Pru]
681 583 806 618 herede
836 583 999 619 Ricardi
1028 583 1070 619 de
1105 584 1411 621 [sturton-dt&
1441 585 1638 622 concessit
1678 585 1852 624 Roberto
1882 587 1929 625 de
1960 582 2113 638 Pavyll’

407 643 526 692 quod,
562 643 756 692 quamdiu
806 643 1000 692 Rogerus,
1051 643 1160 681 filius
1210 647 1248 682 et
1301 644 1414 683 heres
1469 645 1629 684 Ricardi
1682 647 1729 684 de
1779 647 1965 694 Lrwetot,
2007 649 2113 687 infra

408 708 556 742 etatem
591 709 629 742 et
668 704 709 741 in
753 704 937 743 custodia
985 717 1057 742 sua
1108 704 1246 752 fuerit,
1300 719 1382 745 non
1436 710 1600 745 currant
1639 721 1758 746 usure
1802 709 1849 747 de
1899 709 2033 748 debito
2072 711 2112 748 in

407 778 486 815 quo
543 766 746 816 predictus
804 766 1001 804 Ricardus
1058 766 1272 806 tenebatur
1327 768 1457 807 David
1511 769 1639 807 Judeo
1695 770 1743 808 de
1799 771 1980 821 Noting’.
2058 773 2113 811 Et

408 828 648 866 mandatum
696 831 755 866 est
801 828 1037 878 justiciariis
1086 829 1135 867 ad
1188 830 1412 868 custodiam
1467 830 1688 869 Judeorum
1739 833 1956 882 assignatis
2007 835 2113 884 quod

407 889 464 929 sic
499 890 586 928 fieri
624 893 663 929 et
703 890 915 929 inrotulari
956 890 1120 938 faciant.
1199 891 1315 930 Teste
1354 895 1399 930 ut
1439 906 1572 942 supra.

515 979 571 1014 De
622 978 894 1026 perdonatione
948 980 1062 1026 facta
1123 979 1306 1016 Willelmo
1373 981 1414 1016 (Ia
1480 981 1811 1019 Rimmon—Rex
1875 982 2112 1031 perdonavit

408 1039 614 1079 Willelmo
651 1039 699 1078 de
738 1038 920 1078 Eboraco
972 1053 1063 1078 xxv.
1104 1053 1273 1088 marcas,
1312 1054 1388 1090 que
1438 1041 1658 1091 exiguntur
1707 1042 1756 1081 ab
1794 1056 1839 1082 eo
1884 1057 1953 1093 per
2004 1058 2111 1083 sum-

407 1101 674 1140 monitionem
716 1101 913 1140 Scaccarii
951 1114 1022 1151 pro
1061 1102 1289 1152 Margareta
1327 1103 1374 1141 de
1413 1104 1451 1141 la
1490 1104 1620 1142 Ferte.
1697 1105 1941 1144 Perdonavit
1989 1107 2112 1145 etiam

407 1164 534 1202 eidem
576 1164 637 1202 W.
669 1163 815 1213 viginti
854 1176 1011 1202 marcas
1048 1177 1124 1214 que
1168 1165 1385 1214 exiguntur
1423 1179 1492 1215 per
1522 1167 1884 1206 summonitionem
1917 1168 2113 1208 Scaccarii

408 1225 457 1264 ab
509 1226 647 1264 eodem
699 1239 770 1275 pro
824 1225 887 1264 W.
938 1225 1184 1265 Eboracensi
1248 1227 1560 1278 archiepiscopo.
1647 1228 1703 1267 Et
1763 1230 2004 1269 mandatum
2054 1235 2114 1270 est

407 1287 624 1326 baronibus
655 1288 701 1326 de
733 1288 942 1327 Scaccario
970 1288 1075 1338 quod
1105 1289 1152 1326 de
1181 1289 1369 1338 predictis
1397 1303 1487 1328 xxv.
1510 1290 1656 1329 marcis
1685 1293 1724 1329 et
1754 1291 1801 1329 de
1827 1293 2017 1341 predictis
2047 1307 2111 1331 xx.

407 1350 554 1389 marcis
588 1350 720 1400 ipsos†
752 1350 908 1400 quietos
939 1363 1024 1389 esse
1057 1351 1220 1391 faciant.
1281 1351 1396 1391 Teste
1429 1365 1519 1402 rege
1551 1353 1656 1402 apud
1690 1353 2112 1401 Westmonasterium,

407 1412 504 1462 xxij.
544 1412 607 1450 die
648 1411 845 1451 Octobris.

517 1501 595 1536 Pro
647 1501 858 1537 hominibus
915 1502 956 1536 de.
1008 1500 1571 1538 Kaermwdin.—Mandatum
1624 1504 1683 1540 est
1727 1501 1886 1541 ballivis
1931 1503 2112 1542 Bristolli

406 1561 511 1610 quod
549 1561 788 1610 permittant
826 1561 1011 1600 homines
1050 1561 1096 1599 de
1135 1561 1399 1600 Kaermerdin
1439 1561 1586 1600 habere
1635 1564 1795 1601 easdem
1835 1564 2041 1604 libertates
2075 1569 2114 1605 et

406 1622 717 1661 consuetudines
778 1623 819 1659 in
877 1622 973 1660 villa
1031 1623 1213 1661 Bristolli
1271 1623 1416 1673 quibus
1469 1623 1530 1662 usi
1584 1624 1747 1663 fuerunt
1805 1628 1984 1675 tempore
2035 1641 2113 1678 quo

406 1684 572 1723 fuerunt
610 1684 652 1721 in
703 1696 829 1722 manu
882 1684 998 1734 regis.
1084 1684 1202 1723 Teste
1241 1688 1286 1723 ut
1318 1698 1452 1734 supra.

526 1773 637 1822 [Pro]
684 1773 841 1809 Robfrco
876 1774 918 1809 (le
952 1773 1090 1810 Insula
1122 1780 1156 1810 et
1195 1774 1354 1811 Rota-to
1391 1774 1695 1812 &iant—Rex
1729 1775 1901 1813 reddidit
1941 1775 2113 1815 Roberto

406 1833 454 1872 de
492 1834 633 1872 Insula
680 1837 719 1872 et
766 1834 944 1873 Roberto
991 1835 1146 1882 Briani‚
1198 1835 1413 1874 heredibus
1467 1836 1642 1874 Galfridi
1702 1837 1941 1884 Gibbewin⁷‚
1992 1852 2111 1877 unam

405 1896 605 1945 virgatam
645 1899 748 1934 terre
782 1909 875 1934 cum
913 1896 1173 1946 pertinentiis
1213 1897 1254 1935 in
1294 1898 1552 1944 Bensinton'‚
1587 1912 1709 1948 quam
1748 1899 1855 1938 idem
1901 1900 2111 1940 Galfridus

405 1958 452 1995 de
504 1971 594 2008 rege
646 1958 779 1997 tenuit
828 1959 870 1996 in
923 1959 1053 2008 capite
1103 1962 1142 1997 et
1198 1972 1274 2009 que
1325 1973 1391 1998 eos
1448 1960 1688 1999 hereditarie
1743 1962 1958 2012 contingit.
2054 1963 2110 2002 Et

405 2021 646 2058 mandatum
680 2024 739 2059 est
778 2021 1007 2071 Engelardo
1043 2022 1089 2059 de
1129 2021 1311 2072 Cigoyny
1350 2022 1456 2072 quod
1494 2023 1542 2061 dc
1581 2023 1760 2073 predicta
1799 2024 1957 2074 virgata
2006 2028 2110 2064 terre

404 2096 496 2121 cum
543 2083 797 2133 pertinentiis
845 2084 1008 2133 plenam
1057 2083 1114 2122 eis
1161 2084 1352 2123 seisinam
1399 2084 1544 2123 habere
1592 2085 1728 2133 faciat,
1769 2089 1808 2124 et
1847 2087 1894 2125 de
1934 2088 2111 2138 quinque

402 2145 554 2191 solidis,
595 2145 663 2195 qui
703 2146 752 2184 ad
791 2159 926 2195 regem
965 2146 1170 2195 pertinent
1209 2147 1256 2184 de
1296 2147 1442 2185 relevio
1476 2148 1653 2197 predicte
1691 2151 1794 2187 terre
1828 2152 1867 2188 et
1901 2162 2001 2199 quos
2042 2163 2110 2188 rex

402 2206 438 2245 ei
476 2208 713 2257 perdonavit
751 2208 801 2246 ad
839 2208 1083 2246 instantiam
1121 2208 1339 2247 Alexandri
1379 2210 1427 2248 de
1468 2210 1645 2256 Sweref’,
1686 2224 1826 2261 pacem
1865 2211 1922 2250 eis
1962 2211 2109 2251 habere

404 2269 629 2319 permittat.
707 2270 824 2309 Teste
862 2272 907 2308 ut
945 2283 1079 2319 supra.

510 2348 594 2386 Rex
631 2348 778 2387 dilecto
816 2351 855 2387 et
893 2348 1003 2386 fideli
1041 2362 1114 2387 suo
1146 2348 1327 2387 Johanni
1366 2349 1450 2387 filio
1490 2350 1664 2388 Galfridi
1704 2351 1891 2390 salutem.
1966 2353 2110 2392 Sciatis

402 2409 507 2459 quod
546 2410 833 2448 constituimus
870 2411 1063 2448 dilectum
1103 2414 1143 2449 et
1182 2410 1342 2449 fidelem
1382 2414 1567 2450 nostrum
1608 2412 1839 2451 Johannem
1878 2414 1926 2452 de
1965 2414 2109 2454 Nevill’

402 2472 617 2521 capitalem
668 2473 927 2511 forestarium
978 2477 1017 2511 et
1063 2473 1336 2523 justiciarium
1384 2476 1571 2512 nostrum
1622 2475 1670 2513 ad
1724 2478 1852 2514 totam
1910 2476 2105 2515 forestam

404 2536 587 2572 nostram
633 2547 702 2584 per
750 2535 943 2585 Angliam
990 2535 1314 2582 custodiendam,
1363 2536 1558 2586 quamdiu
1605 2536 1723 2575 nobis
1771 2538 1978 2587 placuerit.
2054 2539 2110 2579 Et

402 2595 491 2635 ideo
528 2595 640 2635 vobis
679 2597 923 2636 mandamus
960 2597 1066 2647 quod
1114 2598 1161 2636 de
1205 2600 1290 2636 tota
1338 2597 1487 2637 foresta
1529 2599 1748 2638 comitatus
1796 2600 1983 2647 Eboraci,
2033 2614 2109 2651 que

403 2661 463 2697 est
494 2659 536 2696 in
570 2659 754 2697 custodia
785 2662 932 2705 vestra,
966 2659 1096 2698 eidem
1131 2659 1312 2698 Johanni
1347 2660 1410 2698 vel
1442 2663 1550 2699 certo
1580 2661 1727 2700 nuntio
1763 2675 1834 2701 suo
1866 2663 1940 2701 has
1971 2663 2110 2702 literas

402 2723 561 2759 nostras
617 2721 829 2768 deferenti,
883 2721 969 2760 sine
1017 2721 1212 2760 dilatione
1268 2721 1431 2772 plenam
1488 2722 1681 2761 seisinam
1738 2723 1884 2763 habere
1936 2724 2108 2764 faciatis.

403 2783 521 2821 Teste
560 2786 604 2821 ut
644 2796 779 2833 supra.

513 2873 607 2920 [Pro
627 2872 824 2921 J0]hanne
850 2874 892 2909 cle
912 2872 1066 2919 Nevill‘,
1089 2874 1131 2909 de
1160 2874 1300 2915 foresta
1328 2881 1362 2910 et
1390 2875 1432 2909 cle
1457 2874 1859 2922 inqu[sicimam—Rex
1885 2874 2109 2913 vicecomiti

403 2932 545 2972 Cumb’
577 2933 763 2972 salutem.
821 2933 1069 2983 Precipimus
1104 2933 1177 2972 tibi
1211 2934 1316 2984 quod
1349 2934 1469 2973 certis
1507 2933 1571 2972 die
1608 2938 1647 2972 et
1686 2935 1773 2973 loco
1807 2948 1906 2984 quos
1938 2936 2108 2975 dilectus

402 2997 441 3032 et
491 2995 621 3033 fidelis
671 2998 806 3034 noster
854 2995 1062 3034 <lohannes
1110 2996 1157 3034 de
1205 2996 1364 3042 Nevill',
1414 3009 1534 3045 quem
1573 2996 1860 3035 constituimus
1891 2997 2106 3047 capitalem

401 3056 659 3095 forestarium
689 3059 727 3095 et
757 3057 1030 3107 justiciarium
1061 3057 1188 3096 totius
1222 3057 1367 3096 foreste
1396 3061 1533 3096 nostre
1562 3071 1631 3107 per
1660 3058 1864 3108 Angliam,
1896 3058 1970 3097 tibi
2005 3059 2105 3098 scire

402 3118 541 3157 fecerit
588 3131 636 3156 ex
684 3122 797 3168 parte
844 3121 995 3164 nostra,
1036 3119 1172 3157 venire
1220 3119 1344 3158 facias
1392 3132 1526 3158 coram
1573 3120 1660 3169 ipso
1708 3119 1782 3170 iiij.
1827 3120 2019 3159 discretos
2065 3124 2105 3160 et

401 3181 549 3230 legales
578 3180 730 3219 milites
759 3181 806 3218 de
835 3180 1031 3219 comitatu
1060 3183 1130 3219 tuo
1158 3181 1209 3219 ad
1237 3181 1456 3220 videndum
1487 3194 1570 3220 una
1599 3184 1732 3220 tecum
1762 3184 1890 3219 totam
1915 3182 2107 3221 forestam

490 3278 504 3294 *
528 3277 679 3318 ‘Singuli
705 3301 926 3311 ......
955 3277 1137 3310 Willehni’
1163 3279 1191 3310 is
1215 3290 1234 3310 a
1255 3280 1446 3311 correction
1467 3279 1556 3311 from
1583 3280 1590 3293 ‘
1605 3282 1746 3319 uterque
1768 3289 1882 3310 eorum
1905 3278 2043 3312 Radulfi
2073 3285 2105 3311 et

403 3328 594 3360 willelmi)

491 3382 505 3419 †
520 3380 573 3412 Sic
595 3380 630 3412 in
653 3379 725 3412 Ms.
