<?xml version="1.0" encoding="UTF-8"?>
<!DOCTYPE html PUBLIC "-//W3C//DTD XHTML 1.0 Transitional//EN"
    "http://www.w3.org/TR/xhtml1/DTD/xhtml1-transitional.dtd">
<html xmlns="http://www.w3.org/1999/xhtml" xml:lang="en" lang="en">
 <head>
  <title>
</title>
<meta http-equiv="Content-Type" content="text/html;charset=utf-8" />
  <meta name='ocr-system' content='tesseract 3.04.00' />
  <meta name='ocr-capabilities' content='ocr_page ocr_carea ocr_par ocr_line ocrx_word'/>
</head>
<body>
  <div class='ocr_page' id='page_1' title='image "./closerollsofreig03grea_0301.png"; bbox 0 0 2375 3587; ppageno 0'>
   <div class='ocr_carea' id='block_1_1' title="bbox 190 347 331 395">
    <p class='ocr_par' dir='ltr' id='par_1_1' title="bbox 190 347 331 395">
     <span class='ocr_line' id='line_1_1' title="bbox 190 347 331 395; baseline 0.014 -2"><span class='ocrx_word' id='word_1_1' title='bbox 190 347 331 395; x_wconf 81' lang='lat'>1236.</span> 
     </span>
    </p>
   </div>
   <div class='ocr_carea' id='block_1_2' title="bbox 195 413 328 455">
    <p class='ocr_par' dir='ltr' id='par_1_2' title="bbox 195 413 328 455">
     <span class='ocr_line' id='line_1_2' title="bbox 195 413 328 455; baseline 0 -9"><span class='ocrx_word' id='word_1_2' title='bbox 195 413 254 454; x_wconf 79' lang='lat' dir='ltr'>[m.</span> <span class='ocrx_word' id='word_1_3' title='bbox 280 416 328 455; x_wconf 79' lang='lat'>8.]</span> 
     </span>
    </p>
   </div>
   <div class='ocr_carea' id='block_1_3' title="bbox 1081 219 2136 264">
    <p class='ocr_par' dir='ltr' id='par_1_3' title="bbox 1081 219 2136 264">
     <span class='ocr_line' id='line_1_3' title="bbox 1081 219 2136 264; baseline 0.002 -5"><span class='ocrx_word' id='word_1_4' title='bbox 1081 221 1136 260; x_wconf 80' lang='lat'>20</span> <span class='ocrx_word' id='word_1_5' title='bbox 1177 219 1383 261; x_wconf 74' lang='lat' dir='ltr'>HENRY</span> <span class='ocrx_word' id='word_1_6' title='bbox 1424 220 1507 262; x_wconf 87' lang='grc' dir='ltr'><strong>ΙΙΙ.</strong></span> <span class='ocrx_word' id='word_1_7' title='bbox 2054 224 2136 264; x_wconf 68' lang='lat'>289</span> 
     </span>
    </p>
   </div>
   <div class='ocr_carea' id='block_1_4' title="bbox 939 318 1108 322">
    <p class='ocr_par' dir='ltr' id='par_1_4' title="bbox 939 318 1108 322">
     <span class='ocr_line' id='line_1_4' title="bbox 939 318 1108 322; baseline 0 0"><span class='ocrx_word' id='word_1_8' title='bbox 939 318 1108 322; x_wconf 95' lang='lat' dir='ltr'> </span> 
     </span>
    </p>
   </div>
   <div class='ocr_carea' id='block_1_5' title="bbox 1111 317 1283 323">
    <p class='ocr_par' dir='ltr' id='par_1_5' title="bbox 1111 317 1283 323">
     <span class='ocr_line' id='line_1_5' title="bbox 1111 317 1283 323; baseline 0 0"><span class='ocrx_word' id='word_1_9' title='bbox 1111 317 1283 323; x_wconf 95' lang='lat' dir='ltr'> </span> 
     </span>
    </p>
   </div>
   <div class='ocr_carea' id='block_1_6' title="bbox 1400 319 1629 326">
    <p class='ocr_par' dir='ltr' id='par_1_6' title="bbox 1400 319 1629 326">
     <span class='ocr_line' id='line_1_6' title="bbox 1400 319 1629 326; baseline 0 0"><span class='ocrx_word' id='word_1_10' title='bbox 1400 319 1629 326; x_wconf 95' lang='lat' dir='ltr'> </span> 
     </span>
    </p>
   </div>
   <div class='ocr_carea' id='block_1_7' title="bbox 424 416 2132 842">
    <p class='ocr_par' dir='ltr' id='par_1_7' title="bbox 424 416 2132 842">
     <span class='ocr_line' id='line_1_7' title="bbox 536 416 2132 469; baseline 0.004 -18"><span class='ocrx_word' id='word_1_11' title='bbox 536 416 616 452; x_wconf 74' lang='lat' dir='ltr'>Pro</span> <span class='ocrx_word' id='word_1_12' title='bbox 657 417 782 453; x_wconf 67' lang='lat' dir='ltr'>abbate</span> <span class='ocrx_word' id='word_1_13' title='bbox 819 424 850 453; x_wconf 68' lang='lat' dir='ltr'>et</span> <span class='ocrx_word' id='word_1_14' title='bbox 883 418 1073 455; x_wconf 60' lang='lat' dir='ltr'>monachis</span> <span class='ocrx_word' id='word_1_15' title='bbox 1112 419 1154 454; x_wconf 69' lang='lat' dir='ltr'>de</span> <span class='ocrx_word' id='word_1_16' title='bbox 1189 418 1593 456; x_wconf 54' lang='lat' dir='ltr'>lun-osb&#39;.—D0111inus</span> <span class='ocrx_word' id='word_1_17' title='bbox 1628 432 1694 457; x_wconf 75' lang='lat' dir='ltr'>rex</span> <span class='ocrx_word' id='word_1_18' title='bbox 1729 420 1963 469; x_wconf 81' lang='lat' dir='ltr'>replegiavit</span> <span class='ocrx_word' id='word_1_19' title='bbox 1997 419 2132 459; x_wconf 77' lang='lat' dir='ltr'>abbati</span> 
     </span>
     <span class='ocr_line' id='line_1_8' title="bbox 427 477 2130 532; baseline 0.004 -18"><span class='ocrx_word' id='word_1_20' title='bbox 427 479 466 514; x_wconf 86' lang='lat' dir='ltr'>et</span> <span class='ocrx_word' id='word_1_21' title='bbox 504 477 714 515; x_wconf 87' lang='lat' dir='ltr'>monachis</span> <span class='ocrx_word' id='word_1_22' title='bbox 751 478 798 516; x_wconf 90' lang='lat' dir='ltr'>de</span> <span class='ocrx_word' id='word_1_23' title='bbox 846 479 1046 517; x_wconf 74' lang='lat' dir='ltr'>Evesham</span> <span class='ocrx_word' id='word_1_24' title='bbox 1085 479 1225 517; x_wconf 77' lang='lat' dir='ltr'>villam</span> <span class='ocrx_word' id='word_1_25' title='bbox 1262 480 1309 518; x_wconf 88' lang='lat' dir='ltr'>de</span> <span class='ocrx_word' id='word_1_26' title='bbox 1357 480 1561 518; x_wconf 75' lang='lat' dir='ltr'>Evesham</span> <span class='ocrx_word' id='word_1_27' title='bbox 1606 484 1644 519; x_wconf 85' lang='lat' dir='ltr'>et</span> <span class='ocrx_word' id='word_1_28' title='bbox 1682 480 1887 520; x_wconf 75' lang='lat' dir='ltr'>libertates</span> <span class='ocrx_word' id='word_1_29' title='bbox 1924 494 2017 520; x_wconf 84' lang='lat' dir='ltr'>suas</span> <span class='ocrx_word' id='word_1_30' title='bbox 2055 494 2130 532; x_wconf 88' lang='lat' dir='ltr'>que</span> 
     </span>
     <span class='ocr_line' id='line_1_9' title="bbox 428 540 2129 591; baseline 0.004 -16"><span class='ocrx_word' id='word_1_31' title='bbox 428 542 542 587; x_wconf 85' lang='lat' dir='ltr'>capte</span> <span class='ocrx_word' id='word_1_32' title='bbox 594 540 758 578; x_wconf 86' lang='lat' dir='ltr'>fuerunt</span> <span class='ocrx_word' id='word_1_33' title='bbox 810 541 851 578; x_wconf 93' lang='lat' dir='ltr'>in</span> <span class='ocrx_word' id='word_1_34' title='bbox 905 554 1072 579; x_wconf 84' lang='lat' dir='ltr'>manum</span> <span class='ocrx_word' id='word_1_35' title='bbox 1124 541 1228 591; x_wconf 82' lang='lat' dir='ltr'>regis</span> <span class='ocrx_word' id='word_1_36' title='bbox 1285 542 1492 580; x_wconf 82' lang='lat' dir='ltr'>occasione</span> <span class='ocrx_word' id='word_1_37' title='bbox 1549 544 1879 591; x_wconf 65' lang='lat' dir='ltr'>transgressionis</span> <span class='ocrx_word' id='word_1_38' title='bbox 1932 544 2035 582; x_wconf 81' lang='lat' dir='ltr'>facte</span> <span class='ocrx_word' id='word_1_39' title='bbox 2087 545 2129 582; x_wconf 89' lang='lat' dir='ltr'>in</span> 
     </span>
     <span class='ocr_line' id='line_1_10' title="bbox 427 601 2131 654; baseline 0.003 -16"><span class='ocrx_word' id='word_1_40' title='bbox 427 601 563 639; x_wconf 82' lang='lat' dir='ltr'>eadem</span> <span class='ocrx_word' id='word_1_41' title='bbox 599 602 694 640; x_wconf 70' lang='lat' dir='ltr'>villa</span> <span class='ocrx_word' id='word_1_42' title='bbox 727 603 773 641; x_wconf 86' lang='lat' dir='ltr'>de</span> <span class='ocrx_word' id='word_1_43' title='bbox 808 603 919 641; x_wconf 73' lang='lat' dir='ltr'>falsis</span> <span class='ocrx_word' id='word_1_44' title='bbox 950 604 1150 642; x_wconf 77' lang='lat' dir='ltr'>mensuris</span> <span class='ocrx_word' id='word_1_45' title='bbox 1181 603 1325 654; x_wconf 84' lang='lat' dir='ltr'>quibus</span> <span class='ocrx_word' id='word_1_46' title='bbox 1360 604 1546 642; x_wconf 85' lang='lat' dir='ltr'>homines</span> <span class='ocrx_word' id='word_1_47' title='bbox 1577 605 1755 654; x_wconf 69' lang='lat' dir='ltr'>ejusdem</span> <span class='ocrx_word' id='word_1_48' title='bbox 1788 606 1881 644; x_wconf 80' lang='lat' dir='ltr'>ville</span> <span class='ocrx_word' id='word_1_49' title='bbox 1912 605 2131 645; x_wconf 84' lang='lat' dir='ltr'>utebantur</span> 
     </span>
     <span class='ocr_line' id='line_1_11' title="bbox 426 662 2131 717; baseline 0.004 -17"><span class='ocrx_word' id='word_1_50' title='bbox 426 662 466 700; x_wconf 89' lang='lat' dir='ltr'>in</span> <span class='ocrx_word' id='word_1_51' title='bbox 521 664 696 703; x_wconf 77' lang='lat' dir='ltr'>adventu</span> <span class='ocrx_word' id='word_1_52' title='bbox 749 667 851 715; x_wconf 77' lang='lat' dir='ltr'>regis</span> <span class='ocrx_word' id='word_1_53' title='bbox 904 666 1066 705; x_wconf 79' lang='lat' dir='ltr'>ibidem.</span> <span class='ocrx_word' id='word_1_54' title='bbox 1151 669 1204 705; x_wconf 85' lang='lat' dir='ltr'>Et</span> <span class='ocrx_word' id='word_1_55' title='bbox 1252 667 1492 705; x_wconf 86' lang='lat' dir='ltr'>mandatum</span> <span class='ocrx_word' id='word_1_56' title='bbox 1545 670 1605 705; x_wconf 89' lang='lat' dir='ltr'>est</span> <span class='ocrx_word' id='word_1_57' title='bbox 1653 667 1875 706; x_wconf 82' lang='lat' dir='ltr'>vicecomiti</span> <span class='ocrx_word' id='word_1_58' title='bbox 1925 668 2131 717; x_wconf 80' lang='lat' dir='ltr'>Wigornie</span> 
     </span>
     <span class='ocr_line' id='line_1_12' title="bbox 425 727 2130 778; baseline 0.003 -15"><span class='ocrx_word' id='word_1_59' title='bbox 425 727 531 774; x_wconf 91' lang='lat' dir='ltr'>quod</span> <span class='ocrx_word' id='word_1_60' title='bbox 578 727 625 765; x_wconf 90' lang='lat' dir='ltr'>de</span> <span class='ocrx_word' id='word_1_61' title='bbox 673 728 852 777; x_wconf 84' lang='lat' dir='ltr'>predicta</span> <span class='ocrx_word' id='word_1_62' title='bbox 899 728 995 766; x_wconf 80' lang='lat' dir='ltr'>villa</span> <span class='ocrx_word' id='word_1_63' title='bbox 1041 741 1134 767; x_wconf 89' lang='lat' dir='ltr'>cum</span> <span class='ocrx_word' id='word_1_64' title='bbox 1183 728 1436 767; x_wconf 76' lang='lat' dir='ltr'>libertatibus</span> <span class='ocrx_word' id='word_1_65' title='bbox 1483 729 1565 767; x_wconf 84' lang='lat' dir='ltr'>suis</span> <span class='ocrx_word' id='word_1_66' title='bbox 1618 729 1779 778; x_wconf 77' lang='lat' dir='ltr'>plenam</span> <span class='ocrx_word' id='word_1_67' title='bbox 1831 729 1887 767; x_wconf 85' lang='lat' dir='ltr'>eis</span> <span class='ocrx_word' id='word_1_68' title='bbox 1939 730 2130 770; x_wconf 81' lang='lat' dir='ltr'>seisinam</span> 
     </span>
     <span class='ocr_line' id='line_1_13' title="bbox 424 787 1860 842; baseline 0.003 -17"><span class='ocrx_word' id='word_1_69' title='bbox 424 787 570 827; x_wconf 85' lang='lat' dir='ltr'>habere</span> <span class='ocrx_word' id='word_1_70' title='bbox 609 790 745 828; x_wconf 83' lang='lat' dir='ltr'>faciat.</span> <span class='ocrx_word' id='word_1_71' title='bbox 832 790 949 828; x_wconf 83' lang='lat' dir='ltr'>Teste</span> <span class='ocrx_word' id='word_1_72' title='bbox 988 803 1078 840; x_wconf 81' lang='lat' dir='ltr'>rege</span> <span class='ocrx_word' id='word_1_73' title='bbox 1117 792 1224 840; x_wconf 87' lang='lat' dir='ltr'>apud</span> <span class='ocrx_word' id='word_1_74' title='bbox 1264 791 1453 836; x_wconf 86' lang='lat' dir='ltr'>Fecham,</span> <span class='ocrx_word' id='word_1_75' title='bbox 1494 791 1603 842; x_wconf 74' lang='lat' dir='ltr'>xviij.</span> <span class='ocrx_word' id='word_1_76' title='bbox 1645 791 1707 830; x_wconf 89' lang='lat' dir='ltr'>die</span> <span class='ocrx_word' id='word_1_77' title='bbox 1747 791 1860 830; x_wconf 83' lang='lat' dir='ltr'>Julii.</span> 
     </span>
    </p>
   </div>
   <div class='ocr_carea' id='block_1_8' title="bbox 423 903 2131 1200">
    <p class='ocr_par' dir='ltr' id='par_1_8' title="bbox 423 903 2131 1200">
     <span class='ocr_line' id='line_1_14' title="bbox 531 903 2131 953; baseline 0.004 -13"><span class='ocrx_word' id='word_1_78' title='bbox 531 904 587 940; x_wconf 60' lang='lat' dir='ltr'>De</span> <span class='ocrx_word' id='word_1_79' title='bbox 623 903 1047 951; x_wconf 53' lang='lat' dir='ltr'>perdens!tionem-Rex</span> <span class='ocrx_word' id='word_1_80' title='bbox 1081 904 1315 953; x_wconf 76' lang='lat' dir='ltr'>perdonavit</span> <span class='ocrx_word' id='word_1_81' title='bbox 1350 904 1538 953; x_wconf 88' lang='lat' dir='ltr'>Philippo</span> <span class='ocrx_word' id='word_1_82' title='bbox 1572 905 1608 943; x_wconf 93' lang='lat' dir='ltr'>le</span> <span class='ocrx_word' id='word_1_83' title='bbox 1641 906 1737 943; x_wconf 85' lang='lat' dir='ltr'>Bret</span> <span class='ocrx_word' id='word_1_84' title='bbox 1769 905 1869 943; x_wconf 84' lang='lat' dir='ltr'>(luas</span> <span class='ocrx_word' id='word_1_85' title='bbox 1903 918 2059 945; x_wconf 85' lang='lat' dir='ltr'>marcas</span> <span class='ocrx_word' id='word_1_86' title='bbox 2093 910 2131 946; x_wconf 85' lang='lat' dir='ltr'>et</span> 
     </span>
     <span class='ocr_line' id='line_1_15' title="bbox 424 963 2129 1016; baseline 0.005 -16"><span class='ocrx_word' id='word_1_87' title='bbox 424 963 632 1002; x_wconf 75' lang='lat' dir='ltr'>dimidiam</span> <span class='ocrx_word' id='word_1_88' title='bbox 665 978 763 1015; x_wconf 88' lang='lat' dir='ltr'>quas</span> <span class='ocrx_word' id='word_1_89' title='bbox 794 965 964 1004; x_wconf 82' lang='lat' dir='ltr'>barones</span> <span class='ocrx_word' id='word_1_90' title='bbox 995 966 1042 1004; x_wconf 90' lang='lat' dir='ltr'>de</span> <span class='ocrx_word' id='word_1_91' title='bbox 1076 966 1282 1005; x_wconf 79' lang='lat' dir='ltr'>Scaccario</span> <span class='ocrx_word' id='word_1_92' title='bbox 1314 966 1363 1004; x_wconf 87' lang='lat' dir='ltr'>ab</span> <span class='ocrx_word' id='word_1_93' title='bbox 1394 979 1438 1005; x_wconf 91' lang='lat' dir='ltr'>eo</span> <span class='ocrx_word' id='word_1_94' title='bbox 1469 967 1638 1015; x_wconf 77' lang='lat' dir='ltr'>exigunt</span> <span class='ocrx_word' id='word_1_95' title='bbox 1671 980 1740 1016; x_wconf 88' lang='lat' dir='ltr'>per</span> <span class='ocrx_word' id='word_1_96' title='bbox 1770 968 2129 1008; x_wconf 87' lang='lat' dir='ltr'>summonitionem</span> 
     </span>
     <span class='ocr_line' id='line_1_16' title="bbox 426 1026 2131 1079; baseline 0.004 -15"><span class='ocrx_word' id='word_1_97' title='bbox 426 1026 625 1065; x_wconf 80' lang='lat' dir='ltr'>Scaocarii</span> <span class='ocrx_word' id='word_1_98' title='bbox 667 1028 715 1066; x_wconf 87' lang='lat' dir='ltr'>de</span> <span class='ocrx_word' id='word_1_99' title='bbox 758 1028 924 1077; x_wconf 85' lang='lat' dir='ltr'>prestito</span> <span class='ocrx_word' id='word_1_100' title='bbox 964 1027 1121 1066; x_wconf 84' lang='lat' dir='ltr'>Wallie.</span> <span class='ocrx_word' id='word_1_101' title='bbox 1207 1029 1262 1067; x_wconf 87' lang='lat' dir='ltr'>Et</span> <span class='ocrx_word' id='word_1_102' title='bbox 1301 1029 1540 1067; x_wconf 86' lang='lat' dir='ltr'>mandatum</span> <span class='ocrx_word' id='word_1_103' title='bbox 1584 1032 1643 1067; x_wconf 82' lang='lat' dir='ltr'>est</span> <span class='ocrx_word' id='word_1_104' title='bbox 1687 1029 1876 1079; x_wconf 83' lang='lat' dir='ltr'>predictis</span> <span class='ocrx_word' id='word_1_105' title='bbox 1915 1029 2131 1070; x_wconf 79' lang='lat' dir='ltr'>baronibus</span> 
     </span>
     <span class='ocr_line' id='line_1_17' title="bbox 423 1089 2130 1143; baseline 0.003 -17"><span class='ocrx_word' id='word_1_106' title='bbox 423 1089 528 1137; x_wconf 89' lang='lat' dir='ltr'>quod</span> <span class='ocrx_word' id='word_1_107' title='bbox 566 1089 699 1138; x_wconf 87' lang='lat' dir='ltr'>ipsum</span> <span class='ocrx_word' id='word_1_108' title='bbox 739 1089 976 1139; x_wconf 85' lang='lat' dir='ltr'>Philippum</span> <span class='ocrx_word' id='word_1_109' title='bbox 1015 1090 1108 1129; x_wconf 85' lang='lat' dir='ltr'>inde</span> <span class='ocrx_word' id='word_1_110' title='bbox 1147 1090 1328 1140; x_wconf 83' lang='lat' dir='ltr'>quietum</span> <span class='ocrx_word' id='word_1_111' title='bbox 1368 1103 1452 1129; x_wconf 83' lang='lat' dir='ltr'>esse</span> <span class='ocrx_word' id='word_1_112' title='bbox 1492 1091 1653 1129; x_wconf 81' lang='lat' dir='ltr'>facient.</span> <span class='ocrx_word' id='word_1_113' title='bbox 1742 1092 1858 1130; x_wconf 85' lang='lat' dir='ltr'>Teste</span> <span class='ocrx_word' id='word_1_114' title='bbox 1897 1105 1986 1142; x_wconf 79' lang='lat' dir='ltr'>rege</span> <span class='ocrx_word' id='word_1_115' title='bbox 2024 1094 2130 1143; x_wconf 85' lang='lat' dir='ltr'>apud</span> 
     </span>
     <span class='ocr_line' id='line_1_18' title="bbox 424 1150 1067 1200; baseline 0.003 -12"><span class='ocrx_word' id='word_1_116' title='bbox 424 1150 690 1200; x_wconf 80' lang='lat' dir='ltr'>Wigorniam,</span> <span class='ocrx_word' id='word_1_117' title='bbox 731 1152 810 1192; x_wconf 82' lang='lat' dir='ltr'>xix.</span> <span class='ocrx_word' id='word_1_118' title='bbox 852 1153 914 1191; x_wconf 88' lang='lat' dir='ltr'>die</span> <span class='ocrx_word' id='word_1_119' title='bbox 954 1153 1067 1191; x_wconf 77' lang='lat' dir='ltr'>Julii.</span> 
     </span>
    </p>
   </div>
   <div class='ocr_carea' id='block_1_9' title="bbox 422 1230 2130 1345">
    <p class='ocr_par' dir='ltr' id='par_1_9' title="bbox 422 1230 2130 1345">
     <span class='ocr_line' id='line_1_19' title="bbox 531 1230 2130 1284; baseline 0.003 -16"><span class='ocrx_word' id='word_1_120' title='bbox 531 1230 587 1269; x_wconf 87' lang='lat' dir='ltr'>Et</span> <span class='ocrx_word' id='word_1_121' title='bbox 625 1231 866 1270; x_wconf 86' lang='lat' dir='ltr'>mandatum</span> <span class='ocrx_word' id='word_1_122' title='bbox 904 1235 963 1271; x_wconf 84' lang='lat' dir='ltr'>est</span> <span class='ocrx_word' id='word_1_123' title='bbox 1003 1232 1228 1272; x_wconf 83' lang='lat' dir='ltr'>vicecomiti</span> <span class='ocrx_word' id='word_1_124' title='bbox 1268 1232 1404 1271; x_wconf 82' lang='lat' dir='ltr'>Heref&#39;</span> <span class='ocrx_word' id='word_1_125' title='bbox 1444 1233 1549 1282; x_wconf 85' lang='lat' dir='ltr'>quod</span> <span class='ocrx_word' id='word_1_126' title='bbox 1597 1234 1631 1271; x_wconf 92' lang='lat' dir='ltr'>ei</span> <span class='ocrx_word' id='word_1_127' title='bbox 1680 1233 1772 1272; x_wconf 88' lang='lat' dir='ltr'>inde</span> <span class='ocrx_word' id='word_1_128' title='bbox 1808 1246 1947 1284; x_wconf 83' lang='lat' dir='ltr'>pacem</span> <span class='ocrx_word' id='word_1_129' title='bbox 1986 1234 2130 1274; x_wconf 85' lang='lat' dir='ltr'>habere</span> 
     </span>
     <span class='ocr_line' id='line_1_20' title="bbox 422 1293 1104 1345; baseline 0.004 -15"><span class='ocrx_word' id='word_1_130' title='bbox 422 1293 645 1342; x_wconf 82' lang='lat' dir='ltr'>permittat.</span> <span class='ocrx_word' id='word_1_131' title='bbox 732 1295 849 1333; x_wconf 86' lang='lat' dir='ltr'>Teste</span> <span class='ocrx_word' id='word_1_132' title='bbox 887 1297 932 1333; x_wconf 87' lang='lat' dir='ltr'>ut</span> <span class='ocrx_word' id='word_1_133' title='bbox 971 1307 1104 1345; x_wconf 82' lang='lat' dir='ltr'>supra.</span> 
     </span>
    </p>
   </div>
   <div class='ocr_carea' id='block_1_10' title="bbox 423 1410 2133 1636">
    <p class='ocr_par' dir='ltr' id='par_1_10' title="bbox 423 1410 2133 1636">
     <span class='ocr_line' id='line_1_21' title="bbox 530 1410 2133 1464; baseline 0.003 -18"><span class='ocrx_word' id='word_1_134' title='bbox 530 1410 586 1446; x_wconf 69' lang='lat' dir='ltr'>De</span> <span class='ocrx_word' id='word_1_135' title='bbox 634 1412 755 1447; x_wconf 62' lang='lat' dir='ltr'>damis</span> <span class='ocrx_word' id='word_1_136' title='bbox 802 1410 1218 1449; x_wconf 52' lang='lat' dir='ltr'>datia-Mandatum</span> <span class='ocrx_word' id='word_1_137' title='bbox 1265 1414 1325 1449; x_wconf 84' lang='lat' dir='ltr'>est</span> <span class='ocrx_word' id='word_1_138' title='bbox 1370 1411 1552 1450; x_wconf 82' lang='lat' dir='ltr'>Johanni</span> <span class='ocrx_word' id='word_1_139' title='bbox 1599 1412 1646 1450; x_wconf 85' lang='lat' dir='ltr'>de</span> <span class='ocrx_word' id='word_1_140' title='bbox 1700 1412 1862 1459; x_wconf 78' lang='lat' dir='ltr'>Nevffl&#39;,</span> <span class='ocrx_word' id='word_1_141' title='bbox 1910 1412 2133 1464; x_wconf 82' lang='lat' dir='ltr'>justiciario</span> 
     </span>
     <span class='ocr_line' id='line_1_22' title="bbox 423 1470 2133 1522; baseline 0.004 -15"><span class='ocrx_word' id='word_1_142' title='bbox 423 1470 581 1518; x_wconf 73' lang='lat' dir='ltr'>foreste,</span> <span class='ocrx_word' id='word_1_143' title='bbox 629 1473 733 1522; x_wconf 86' lang='lat' dir='ltr'>quod</span> <span class='ocrx_word' id='word_1_144' title='bbox 790 1473 831 1510; x_wconf 89' lang='grc'>111</span> <span class='ocrx_word' id='word_1_145' title='bbox 881 1473 1031 1511; x_wconf 79' lang='lat' dir='ltr'>foresta</span> <span class='ocrx_word' id='word_1_146' title='bbox 1079 1473 1126 1510; x_wconf 90' lang='lat' dir='ltr'>de</span> <span class='ocrx_word' id='word_1_147' title='bbox 1174 1473 1412 1512; x_wconf 81' lang='lat' dir='ltr'>Bernewud’</span> <span class='ocrx_word' id='word_1_148' title='bbox 1463 1474 1585 1512; x_wconf 81' lang='lat' dir='ltr'>faciat</span> <span class='ocrx_word' id='word_1_149' title='bbox 1633 1474 1778 1512; x_wconf 86' lang='lat' dir='ltr'>habere</span> <span class='ocrx_word' id='word_1_150' title='bbox 1825 1474 2001 1513; x_wconf 87' lang='lat' dir='ltr'>Radulfo</span> <span class='ocrx_word' id='word_1_151' title='bbox 2049 1475 2133 1514; x_wconf 89' lang='lat' dir='ltr'>filio</span> 
     </span>
     <span class='ocr_line' id='line_1_23' title="bbox 423 1533 2131 1587; baseline 0.003 -17"><span class='ocrx_word' id='word_1_152' title='bbox 423 1533 618 1572; x_wconf 81' lang='lat' dir='ltr'>Bernardi</span> <span class='ocrx_word' id='word_1_153' title='bbox 667 1536 766 1573; x_wconf 84' lang='lat' dir='ltr'>duos</span> <span class='ocrx_word' id='word_1_154' title='bbox 814 1536 953 1574; x_wconf 85' lang='lat' dir='ltr'>damos</span> <span class='ocrx_word' id='word_1_155' title='bbox 991 1536 1038 1574; x_wconf 91' lang='lat' dir='ltr'>de</span> <span class='ocrx_word' id='word_1_156' title='bbox 1078 1535 1182 1573; x_wconf 91' lang='lat' dir='ltr'>dono</span> <span class='ocrx_word' id='word_1_157' title='bbox 1221 1536 1337 1585; x_wconf 77' lang='lat' dir='ltr'>regis.</span> <span class='ocrx_word' id='word_1_158' title='bbox 1416 1536 1533 1574; x_wconf 82' lang='lat' dir='ltr'>Teste</span> <span class='ocrx_word' id='word_1_159' title='bbox 1581 1550 1671 1586; x_wconf 84' lang='lat' dir='ltr'>rege</span> <span class='ocrx_word' id='word_1_160' title='bbox 1721 1537 1827 1586; x_wconf 87' lang='lat' dir='ltr'>apud</span> <span class='ocrx_word' id='word_1_161' title='bbox 1866 1537 2131 1587; x_wconf 83' lang='lat' dir='ltr'>Wigorniam‚</span> 
     </span>
     <span class='ocr_line' id='line_1_24' title="bbox 423 1596 739 1636; baseline 0.003 -3"><span class='ocrx_word' id='word_1_162' title='bbox 423 1609 487 1635; x_wconf 79' lang='lat' dir='ltr'>xx.</span> <span class='ocrx_word' id='word_1_163' title='bbox 527 1596 587 1636; x_wconf 88' lang='lat' dir='ltr'>die</span> <span class='ocrx_word' id='word_1_164' title='bbox 626 1597 739 1635; x_wconf 81' lang='lat' dir='ltr'>Julii.</span> 
     </span>
    </p>
   </div>
   <div class='ocr_carea' id='block_1_11' title="bbox 422 1675 2132 1853">
    <p class='ocr_par' dir='ltr' id='par_1_11' title="bbox 422 1675 2132 1853">
     <span class='ocr_line' id='line_1_25' title="bbox 531 1675 2132 1728; baseline 0.003 -15"><span class='ocrx_word' id='word_1_165' title='bbox 531 1676 771 1714; x_wconf 60' lang='lat' dir='ltr'>&#39;illaudatum</span> <span class='ocrx_word' id='word_1_166' title='bbox 805 1679 864 1714; x_wconf 78' lang='lat' dir='ltr'>est</span> <span class='ocrx_word' id='word_1_167' title='bbox 903 1675 1075 1714; x_wconf 85' lang='lat' dir='ltr'>Ricardo</span> <span class='ocrx_word' id='word_1_168' title='bbox 1113 1676 1159 1714; x_wconf 88' lang='lat' dir='ltr'>de</span> <span class='ocrx_word' id='word_1_169' title='bbox 1198 1676 1236 1714; x_wconf 83' lang='lat' dir='ltr'>la</span> <span class='ocrx_word' id='word_1_170' title='bbox 1275 1677 1396 1722; x_wconf 86' lang='lat' dir='ltr'>Lade,</span> <span class='ocrx_word' id='word_1_171' title='bbox 1433 1678 1588 1715; x_wconf 83' lang='lat' dir='ltr'>custodi</span> <span class='ocrx_word' id='word_1_172' title='bbox 1623 1680 1820 1716; x_wconf 87' lang='lat' dir='ltr'>terrarum</span> <span class='ocrx_word' id='word_1_173' title='bbox 1854 1691 1930 1728; x_wconf 89' lang='lat' dir='ltr'>que</span> <span class='ocrx_word' id='word_1_174' title='bbox 1968 1678 2132 1718; x_wconf 81' lang='lat' dir='ltr'>suerunt</span> 
     </span>
     <span class='ocr_line' id='line_1_26' title="bbox 423 1738 2132 1793; baseline 0.003 -17"><span class='ocrx_word' id='word_1_175' title='bbox 423 1738 472 1776; x_wconf 79' lang='lat' dir='ltr'>G.</span> <span class='ocrx_word' id='word_1_176' title='bbox 513 1738 672 1777; x_wconf 81' lang='lat' dir='ltr'>comitis</span> <span class='ocrx_word' id='word_1_177' title='bbox 710 1738 866 1785; x_wconf 85' lang='lat' dir='ltr'>Glouc’‚</span> <span class='ocrx_word' id='word_1_178' title='bbox 907 1739 1010 1788; x_wconf 83' lang='lat' dir='ltr'>quod</span> <span class='ocrx_word' id='word_1_179' title='bbox 1050 1739 1091 1776; x_wconf 86' lang='lat' dir='ltr'>in</span> <span class='ocrx_word' id='word_1_180' title='bbox 1133 1751 1252 1788; x_wconf 87' lang='lat' dir='ltr'>parco</span> <span class='ocrx_word' id='word_1_181' title='bbox 1290 1739 1338 1778; x_wconf 87' lang='lat' dir='ltr'>de</span> <span class='ocrx_word' id='word_1_182' title='bbox 1378 1740 1598 1790; x_wconf 88' lang='lat' dir='ltr'>Hunyden’</span> <span class='ocrx_word' id='word_1_183' title='bbox 1641 1740 1763 1779; x_wconf 85' lang='lat' dir='ltr'>faciat</span> <span class='ocrx_word' id='word_1_184' title='bbox 1795 1740 1939 1779; x_wconf 85' lang='lat' dir='ltr'>habere</span> <span class='ocrx_word' id='word_1_185' title='bbox 1976 1741 2132 1793; x_wconf 83' lang='lat' dir='ltr'>Rogero</span> 
     </span>
     <span class='ocr_line' id='line_1_27' title="bbox 422 1801 1768 1853; baseline 0.003 -15"><span class='ocrx_word' id='word_1_186' title='bbox 422 1801 469 1839; x_wconf 84' lang='lat' dir='ltr'>de</span> <span class='ocrx_word' id='word_1_187' title='bbox 508 1801 610 1840; x_wconf 81' lang='lat' dir='ltr'>Clar&#39;</span> <span class='ocrx_word' id='word_1_188' title='bbox 651 1802 750 1840; x_wconf 85' lang='lat' dir='ltr'>duos</span> <span class='ocrx_word' id='word_1_189' title='bbox 789 1802 928 1840; x_wconf 89' lang='lat' dir='ltr'>damos</span> <span class='ocrx_word' id='word_1_190' title='bbox 967 1802 1014 1840; x_wconf 89' lang='lat' dir='ltr'>de</span> <span class='ocrx_word' id='word_1_191' title='bbox 1053 1802 1158 1840; x_wconf 88' lang='lat' dir='ltr'>dono</span> <span class='ocrx_word' id='word_1_192' title='bbox 1195 1801 1313 1852; x_wconf 79' lang='lat' dir='ltr'>regis,</span> <span class='ocrx_word' id='word_1_193' title='bbox 1392 1803 1510 1841; x_wconf 86' lang='lat' dir='ltr'>Teste</span> <span class='ocrx_word' id='word_1_194' title='bbox 1550 1806 1594 1842; x_wconf 87' lang='lat' dir='ltr'>ut</span> <span class='ocrx_word' id='word_1_195' title='bbox 1635 1816 1768 1853; x_wconf 87' lang='lat' dir='ltr'>supra.</span> 
     </span>
    </p>
   </div>
   <div class='ocr_carea' id='block_1_12' title="bbox 421 1918 2133 2093">
    <p class='ocr_par' dir='ltr' id='par_1_12' title="bbox 421 1918 2133 2093">
     <span class='ocr_line' id='line_1_28' title="bbox 529 1918 2131 1971; baseline 0.003 -16"><span class='ocrx_word' id='word_1_196' title='bbox 529 1920 586 1956; x_wconf 69' lang='lat' dir='ltr'>De</span> <span class='ocrx_word' id='word_1_197' title='bbox 624 1921 738 1956; x_wconf 63' lang='lat' dir='ltr'>verris</span> <span class='ocrx_word' id='word_1_198' title='bbox 773 1918 1170 1957; x_wconf 76' lang='lat' dir='ltr'>‹Iata&#39;s.—Mandatui·</span> <span class='ocrx_word' id='word_1_199' title='bbox 1209 1919 1510 1958; x_wconf 79' lang='lat' dir='ltr'>constabulario</span> <span class='ocrx_word' id='word_1_200' title='bbox 1546 1919 1687 1959; x_wconf 76' lang='lat' dir='ltr'>Sancti</span> <span class='ocrx_word' id='word_1_201' title='bbox 1722 1920 1912 1960; x_wconf 85' lang='lat' dir='ltr'>Briavelli</span> <span class='ocrx_word' id='word_1_202' title='bbox 1950 1922 2056 1971; x_wconf 87' lang='lat' dir='ltr'>quod</span> <span class='ocrx_word' id='word_1_203' title='bbox 2090 1922 2131 1960; x_wconf 90' lang='lat' dir='ltr'>in</span> 
     </span>
     <span class='ocr_line' id='line_1_29' title="bbox 421 1980 2133 2023; baseline 0.002 -4"><span class='ocrx_word' id='word_1_204' title='bbox 421 1982 569 2020; x_wconf 78' lang='lat' dir='ltr'>foresta</span> <span class='ocrx_word' id='word_1_205' title='bbox 618 1982 665 2019; x_wconf 88' lang='lat' dir='ltr'>de</span> <span class='ocrx_word' id='word_1_206' title='bbox 712 1981 814 2019; x_wconf 88' lang='lat' dir='ltr'>Den&#39;</span> <span class='ocrx_word' id='word_1_207' title='bbox 862 1981 983 2020; x_wconf 86' lang='lat' dir='ltr'>faciat</span> <span class='ocrx_word' id='word_1_208' title='bbox 1031 1980 1177 2019; x_wconf 85' lang='lat' dir='ltr'>habere</span> <span class='ocrx_word' id='word_1_209' title='bbox 1227 1981 1407 2019; x_wconf 83' lang='lat' dir='ltr'>Johanni</span> <span class='ocrx_word' id='word_1_210' title='bbox 1457 1982 1504 2020; x_wconf 85' lang='lat' dir='ltr'>de</span> <span class='ocrx_word' id='word_1_211' title='bbox 1553 1984 1729 2020; x_wconf 86' lang='lat' dir='ltr'>Monem&#39;</span> <span class='ocrx_word' id='word_1_212' title='bbox 1775 1984 1875 2022; x_wconf 84' lang='lat' dir='ltr'>duos</span> <span class='ocrx_word' id='word_1_213' title='bbox 1918 1997 2056 2023; x_wconf 82' lang='lat' dir='ltr'>cervos</span> <span class='ocrx_word' id='word_1_214' title='bbox 2094 1988 2133 2023; x_wconf 85' lang='lat' dir='ltr'>et</span> 
     </span>
     <span class='ocr_line' id='line_1_30' title="bbox 421 2043 1592 2093; baseline 0 -12"><span class='ocrx_word' id='word_1_215' title='bbox 421 2056 547 2081; x_wconf 87' lang='lat' dir='ltr'>unum</span> <span class='ocrx_word' id='word_1_216' title='bbox 586 2044 752 2081; x_wconf 84' lang='lat' dir='ltr'>damum</span> <span class='ocrx_word' id='word_1_217' title='bbox 791 2043 839 2082; x_wconf 89' lang='lat' dir='ltr'>de</span> <span class='ocrx_word' id='word_1_218' title='bbox 877 2044 981 2082; x_wconf 91' lang='lat' dir='ltr'>dono</span> <span class='ocrx_word' id='word_1_219' title='bbox 1020 2043 1137 2093; x_wconf 70' lang='lat' dir='ltr'>regis.</span> <span class='ocrx_word' id='word_1_220' title='bbox 1214 2043 1330 2082; x_wconf 81' lang='lat' dir='ltr'>Teste</span> <span class='ocrx_word' id='word_1_221' title='bbox 1372 2046 1416 2082; x_wconf 88' lang='lat' dir='ltr'>ut</span> <span class='ocrx_word' id='word_1_222' title='bbox 1456 2057 1592 2093; x_wconf 84' lang='lat' dir='ltr'>supra.</span> 
     </span>
    </p>
   </div>
   <div class='ocr_carea' id='block_1_13' title="bbox 418 2156 2131 2456">
    <p class='ocr_par' dir='ltr' id='par_1_13' title="bbox 418 2156 2131 2456">
     <span class='ocr_line' id='line_1_31' title="bbox 528 2156 2127 2209; baseline 0.001 -14"><span class='ocrx_word' id='word_1_223' title='bbox 528 2159 607 2195; x_wconf 76' lang='lat' dir='ltr'>Pro</span> <span class='ocrx_word' id='word_1_224' title='bbox 646 2160 773 2195; x_wconf 74' lang='lat' dir='ltr'>abbate</span> <span class='ocrx_word' id='word_1_225' title='bbox 812 2160 853 2194; x_wconf 59' lang='lat' dir='ltr'>tle</span> <span class='ocrx_word' id='word_1_226' title='bbox 892 2156 1321 2195; x_wconf 42' lang='lat' dir='ltr'>Thema-’.ssMandatur</span> <span class='ocrx_word' id='word_1_227' title='bbox 1360 2157 1532 2196; x_wconf 84' lang='lat' dir='ltr'>Ricardo</span> <span class='ocrx_word' id='word_1_228' title='bbox 1572 2158 1618 2196; x_wconf 90' lang='lat' dir='ltr'>de</span> <span class='ocrx_word' id='word_1_229' title='bbox 1658 2158 1696 2196; x_wconf 84' lang='lat' dir='ltr'>la</span> <span class='ocrx_word' id='word_1_230' title='bbox 1745 2159 1843 2196; x_wconf 79' lang='lat' dir='ltr'>Lad’</span> <span class='ocrx_word' id='word_1_231' title='bbox 1894 2160 1999 2209; x_wconf 83' lang='lat' dir='ltr'>quod</span> <span class='ocrx_word' id='word_1_232' title='bbox 2048 2172 2127 2197; x_wconf 91' lang='lat' dir='ltr'>non</span> 
     </span>
     <span class='ocr_line' id='line_1_32' title="bbox 420 2219 2129 2269; baseline 0.002 -12"><span class='ocrx_word' id='word_1_233' title='bbox 420 2220 613 2269; x_wconf 89' lang='lat' dir='ltr'>impediat</span> <span class='ocrx_word' id='word_1_234' title='bbox 648 2219 834 2258; x_wconf 76' lang='lat' dir='ltr'>abbatem</span> <span class='ocrx_word' id='word_1_235' title='bbox 866 2219 913 2258; x_wconf 90' lang='lat' dir='ltr'>de</span> <span class='ocrx_word' id='word_1_236' title='bbox 945 2219 1095 2258; x_wconf 80' lang='lat' dir='ltr'>Theok&#39;</span> <span class='ocrx_word' id='word_1_237' title='bbox 1132 2220 1230 2269; x_wconf 88' lang='lat' dir='ltr'>quin</span> <span class='ocrx_word' id='word_1_238' title='bbox 1270 2219 1392 2257; x_wconf 88' lang='lat' dir='ltr'>libere</span> <span class='ocrx_word' id='word_1_239' title='bbox 1432 2220 1560 2269; x_wconf 73' lang='lat' dir='ltr'>possit</span> <span class='ocrx_word' id='word_1_240' title='bbox 1599 2220 1745 2258; x_wconf 87' lang='lat' dir='ltr'>habere</span> <span class='ocrx_word' id='word_1_241' title='bbox 1784 2220 1991 2260; x_wconf 82' lang='lat' dir='ltr'>libertates</span> <span class='ocrx_word' id='word_1_242' title='bbox 2036 2234 2129 2260; x_wconf 80' lang='lat' dir='ltr'>suas</span> 
     </span>
     <span class='ocr_line' id='line_1_33' title="bbox 420 2282 2127 2333; baseline 0.001 -12"><span class='ocrx_word' id='word_1_243' title='bbox 420 2284 462 2321; x_wconf 90' lang='lat' dir='ltr'>in</span> <span class='ocrx_word' id='word_1_244' title='bbox 497 2283 615 2322; x_wconf 81' lang='lat' dir='ltr'>terris</span> <span class='ocrx_word' id='word_1_245' title='bbox 652 2295 727 2332; x_wconf 87' lang='lat' dir='ltr'>que</span> <span class='ocrx_word' id='word_1_246' title='bbox 767 2283 931 2320; x_wconf 79' lang='lat' dir='ltr'>fuerunt</span> <span class='ocrx_word' id='word_1_247' title='bbox 971 2282 1020 2320; x_wconf 82' lang='lat' dir='ltr'>G.</span> <span class='ocrx_word' id='word_1_248' title='bbox 1060 2283 1266 2332; x_wconf 84' lang='lat' dir='ltr'>quondam</span> <span class='ocrx_word' id='word_1_249' title='bbox 1315 2282 1475 2321; x_wconf 81' lang='lat' dir='ltr'>comitis</span> <span class='ocrx_word' id='word_1_250' title='bbox 1524 2282 1682 2329; x_wconf 79' lang='lat' dir='ltr'>Glouc&#39;,</span> <span class='ocrx_word' id='word_1_251' title='bbox 1729 2290 1772 2322; x_wconf 85' lang='lat' dir='ltr'>ut</span> <span class='ocrx_word' id='word_1_252' title='bbox 1823 2284 1862 2321; x_wconf 91' lang='lat' dir='ltr'>in</span> <span class='ocrx_word' id='word_1_253' title='bbox 1912 2283 2127 2333; x_wconf 78' lang='lat' dir='ltr'>herbagiis,</span> 
     </span>
     <span class='ocr_line' id='line_1_34' title="bbox 420 2344 2131 2396; baseline 0.001 -13"><span class='ocrx_word' id='word_1_254' title='bbox 420 2346 633 2396; x_wconf 77' lang='lat' dir='ltr'>pannagiis</span> <span class='ocrx_word' id='word_1_255' title='bbox 685 2348 722 2383; x_wconf 85' lang='lat' dir='ltr'>et</span> <span class='ocrx_word' id='word_1_256' title='bbox 773 2345 860 2382; x_wconf 84' lang='lat' dir='ltr'>aliis</span> <span class='ocrx_word' id='word_1_257' title='bbox 909 2357 1008 2394; x_wconf 77' lang='lat' dir='ltr'>quas</span> <span class='ocrx_word' id='word_1_258' title='bbox 1057 2344 1200 2383; x_wconf 80' lang='lat' dir='ltr'>habuit</span> <span class='ocrx_word' id='word_1_259' title='bbox 1249 2345 1288 2382; x_wconf 89' lang='lat' dir='ltr'>in</span> <span class='ocrx_word' id='word_1_260' title='bbox 1340 2344 1489 2382; x_wconf 84' lang='lat' dir='ltr'>eisdem</span> <span class='ocrx_word' id='word_1_261' title='bbox 1540 2345 1654 2383; x_wconf 80' lang='lat' dir='ltr'>terris</span> <span class='ocrx_word' id='word_1_262' title='bbox 1702 2345 1763 2383; x_wconf 88' lang='lat' dir='ltr'>die</span> <span class='ocrx_word' id='word_1_263' title='bbox 1803 2359 1881 2396; x_wconf 89' lang='lat' dir='ltr'>quo</span> <span class='ocrx_word' id='word_1_264' title='bbox 1929 2347 2131 2396; x_wconf 83' lang='lat' dir='ltr'>predictus</span> 
     </span>
     <span class='ocr_line' id='line_1_35' title="bbox 418 2407 1152 2456; baseline -0.004 -9"><span class='ocrx_word' id='word_1_265' title='bbox 418 2421 550 2447; x_wconf 80' lang='lat' dir='ltr'>comes</span> <span class='ocrx_word' id='word_1_266' title='bbox 588 2407 701 2446; x_wconf 89' lang='lat' dir='ltr'>obiit.</span> <span class='ocrx_word' id='word_1_267' title='bbox 779 2408 896 2445; x_wconf 84' lang='lat' dir='ltr'>Teste</span> <span class='ocrx_word' id='word_1_268' title='bbox 935 2410 979 2445; x_wconf 88' lang='lat' dir='ltr'>ut</span> <span class='ocrx_word' id='word_1_269' title='bbox 1018 2420 1152 2456; x_wconf 85' lang='lat' dir='ltr'>supra.</span> 
     </span>
    </p>
   </div>
   <div class='ocr_carea' id='block_1_14' title="bbox 416 2519 2126 3005">
    <p class='ocr_par' dir='ltr' id='par_1_14' title="bbox 416 2519 2126 3005">
     <span class='ocr_line' id='line_1_36' title="bbox 528 2519 2126 2561; baseline 0.001 -3"><span class='ocrx_word' id='word_1_270' title='bbox 528 2523 607 2558; x_wconf 74' lang='lat' dir='ltr'>I&#39;ro</span> <span class='ocrx_word' id='word_1_271' title='bbox 651 2523 790 2557; x_wconf 61' lang='lat' dir='ltr'>duobus</span> <span class='ocrx_word' id='word_1_272' title='bbox 842 2519 1390 2557; x_wconf 64' lang='lat' dir='ltr'>11&#39;alens1·l›ns.—]x[a11datu1n</span> <span class='ocrx_word' id='word_1_273' title='bbox 1441 2523 1499 2557; x_wconf 82' lang='lat' dir='ltr'>est</span> <span class='ocrx_word' id='word_1_274' title='bbox 1548 2519 1849 2559; x_wconf 78' lang='lat' dir='ltr'>constabulario</span> <span class='ocrx_word' id='word_1_275' title='bbox 1896 2521 1942 2559; x_wconf 91' lang='lat' dir='ltr'>de</span> <span class='ocrx_word' id='word_1_276' title='bbox 1990 2522 2126 2561; x_wconf 86' lang='lat' dir='ltr'>Munt-</span> 
     </span>
     <span class='ocr_line' id='line_1_37' title="bbox 416 2581 2126 2634; baseline 0.001 -12"><span class='ocrx_word' id='word_1_277' title='bbox 416 2597 583 2634; x_wconf 84' lang='lat' dir='ltr'>gumery</span> <span class='ocrx_word' id='word_1_278' title='bbox 616 2584 722 2634; x_wconf 87' lang='lat' dir='ltr'>quod</span> <span class='ocrx_word' id='word_1_279' title='bbox 757 2582 956 2621; x_wconf 86' lang='lat' dir='ltr'>Wrennoe</span> <span class='ocrx_word' id='word_1_280' title='bbox 991 2584 1030 2620; x_wconf 92' lang='lat' dir='ltr'>et</span> <span class='ocrx_word' id='word_1_281' title='bbox 1065 2581 1240 2628; x_wconf 81' lang='lat' dir='ltr'>Griffin’‚</span> <span class='ocrx_word' id='word_1_282' title='bbox 1277 2581 1382 2620; x_wconf 85' lang='lat' dir='ltr'>filios</span> <span class='ocrx_word' id='word_1_283' title='bbox 1423 2581 1592 2620; x_wconf 80' lang='lat' dir='ltr'>Maddoc</span> <span class='ocrx_word' id='word_1_284' title='bbox 1631 2582 1698 2621; x_wconf 90' lang='lat' dir='ltr'>des</span> <span class='ocrx_word' id='word_1_285' title='bbox 1733 2583 1873 2630; x_wconf 86' lang='lat' dir='ltr'>Oures,</span> <span class='ocrx_word' id='word_1_286' title='bbox 1907 2584 2126 2632; x_wconf 84' lang='lat' dir='ltr'>Walenses,</span> 
     </span>
     <span class='ocr_line' id='line_1_38' title="bbox 416 2645 2124 2694; baseline 0.001 -10"><span class='ocrx_word' id='word_1_287' title='bbox 416 2646 538 2686; x_wconf 89' lang='lat' dir='ltr'>libere</span> <span class='ocrx_word' id='word_1_288' title='bbox 577 2649 615 2685; x_wconf 87' lang='lat' dir='ltr'>et</span> <span class='ocrx_word' id='word_1_289' title='bbox 654 2646 739 2684; x_wconf 87' lang='lat' dir='ltr'>sine</span> <span class='ocrx_word' id='word_1_290' title='bbox 778 2645 1070 2694; x_wconf 87' lang='lat' dir='ltr'>impedimento</span> <span class='ocrx_word' id='word_1_291' title='bbox 1110 2645 1159 2683; x_wconf 88' lang='lat' dir='ltr'>ad</span> <span class='ocrx_word' id='word_1_292' title='bbox 1197 2647 1332 2694; x_wconf 84' lang='lat' dir='ltr'>partes</span> <span class='ocrx_word' id='word_1_293' title='bbox 1371 2657 1464 2683; x_wconf 84' lang='lat' dir='ltr'>suas</span> <span class='ocrx_word' id='word_1_294' title='bbox 1503 2645 1631 2683; x_wconf 88' lang='lat' dir='ltr'>redire</span> <span class='ocrx_word' id='word_1_295' title='bbox 1671 2648 1709 2683; x_wconf 89' lang='lat' dir='ltr'>et</span> <span class='ocrx_word' id='word_1_296' title='bbox 1748 2646 1788 2683; x_wconf 90' lang='lat' dir='ltr'>in</span> <span class='ocrx_word' id='word_1_297' title='bbox 1828 2646 1884 2684; x_wconf 87' lang='lat' dir='ltr'>eis</span> <span class='ocrx_word' id='word_1_298' title='bbox 1932 2650 2038 2685; x_wconf 83' lang='lat' dir='ltr'>stare</span> <span class='ocrx_word' id='word_1_299' title='bbox 2086 2652 2124 2686; x_wconf 86' lang='lat' dir='ltr'>et</span> 
     </span>
     <span class='ocr_line' id='line_1_39' title="bbox 416 2706 2124 2758; baseline 0.001 -12"><span class='ocrx_word' id='word_1_300' title='bbox 416 2709 577 2748; x_wconf 86' lang='lat' dir='ltr'>firmam</span> <span class='ocrx_word' id='word_1_301' title='bbox 614 2721 752 2758; x_wconf 83' lang='lat' dir='ltr'>pacem</span> <span class='ocrx_word' id='word_1_302' title='bbox 789 2707 893 2757; x_wconf 80' lang='lat' dir='ltr'>regis</span> <span class='ocrx_word' id='word_1_303' title='bbox 932 2706 1078 2745; x_wconf 86' lang='lat' dir='ltr'>habere</span> <span class='ocrx_word' id='word_1_304' title='bbox 1117 2707 1341 2756; x_wconf 85' lang='lat' dir='ltr'>permittat,</span> <span class='ocrx_word' id='word_1_305' title='bbox 1383 2719 1463 2745; x_wconf 87' lang='lat' dir='ltr'>non</span> <span class='ocrx_word' id='word_1_306' title='bbox 1504 2706 1689 2746; x_wconf 83' lang='lat' dir='ltr'>obstante</span> <span class='ocrx_word' id='word_1_307' title='bbox 1728 2720 1772 2746; x_wconf 91' lang='grc'>60</span> <span class='ocrx_word' id='word_1_308' title='bbox 1813 2709 1918 2757; x_wconf 86' lang='lat' dir='ltr'>quod</span> <span class='ocrx_word' id='word_1_309' title='bbox 1953 2710 2124 2758; x_wconf 82' lang='lat' dir='ltr'>quedam</span> 
     </span>
     <span class='ocr_line' id='line_1_40' title="bbox 416 2768 2121 2820; baseline 0.001 -12"><span class='ocrx_word' id='word_1_310' title='bbox 416 2771 593 2820; x_wconf 87' lang='lat' dir='ltr'>dampna</span> <span class='ocrx_word' id='word_1_311' title='bbox 630 2772 670 2809; x_wconf 86' lang='lat' dir='ltr'>et</span> <span class='ocrx_word' id='word_1_312' title='bbox 703 2769 812 2807; x_wconf 89' lang='lat' dir='ltr'>mala</span> <span class='ocrx_word' id='word_1_313' title='bbox 847 2771 1131 2818; x_wconf 86' lang='lat' dir='ltr'>perpetrarunt</span> <span class='ocrx_word' id='word_1_314' title='bbox 1163 2768 1205 2805; x_wconf 90' lang='lat' dir='ltr'>in</span> <span class='ocrx_word' id='word_1_315' title='bbox 1240 2771 1346 2806; x_wconf 84' lang='lat' dir='ltr'>terra</span> <span class='ocrx_word' id='word_1_316' title='bbox 1377 2768 1521 2817; x_wconf 87' lang='lat' dir='ltr'>prioris</span> <span class='ocrx_word' id='word_1_317' title='bbox 1556 2769 1603 2807; x_wconf 89' lang='lat' dir='ltr'>de</span> <span class='ocrx_word' id='word_1_318' title='bbox 1638 2769 1847 2816; x_wconf 79' lang='lat' dir='ltr'>Chirebir&#39;,</span> <span class='ocrx_word' id='word_1_319' title='bbox 1885 2773 1928 2808; x_wconf 90' lang='lat' dir='ltr'>ut</span> <span class='ocrx_word' id='word_1_320' title='bbox 1963 2771 2121 2818; x_wconf 87' lang='lat' dir='ltr'>dicitur,</span> 
     </span>
     <span class='ocr_line' id='line_1_41' title="bbox 416 2830 2123 2882; baseline 0.001 -11"><span class='ocrx_word' id='word_1_321' title='bbox 416 2833 462 2871; x_wconf 84' lang='lat' dir='ltr'>de</span> <span class='ocrx_word' id='word_1_322' title='bbox 500 2831 642 2871; x_wconf 64' lang='lat' dir='ltr'>ovibus</span> <span class='ocrx_word' id='word_1_323' title='bbox 681 2831 764 2870; x_wconf 82' lang='lat' dir='ltr'>suis</span> <span class='ocrx_word' id='word_1_324' title='bbox 802 2834 841 2868; x_wconf 92' lang='lat' dir='ltr'>et</span> <span class='ocrx_word' id='word_1_325' title='bbox 880 2831 971 2869; x_wconf 86' lang='lat' dir='ltr'>aliis</span> <span class='ocrx_word' id='word_1_326' title='bbox 1010 2831 1139 2869; x_wconf 88' lang='lat' dir='ltr'>eidem</span> <span class='ocrx_word' id='word_1_327' title='bbox 1178 2830 1301 2879; x_wconf 78' lang='lat' dir='ltr'>priori</span> <span class='ocrx_word' id='word_1_328' title='bbox 1341 2830 1489 2868; x_wconf 75' lang='lat' dir='ltr'>furtive</span> <span class='ocrx_word' id='word_1_329' title='bbox 1540 2830 1721 2877; x_wconf 80' lang='lat' dir='ltr'>sublatis,</span> <span class='ocrx_word' id='word_1_330' title='bbox 1763 2836 1925 2882; x_wconf 83' lang='lat' dir='ltr'>accepta</span> <span class='ocrx_word' id='word_1_331' title='bbox 1972 2833 2021 2871; x_wconf 89' lang='lat' dir='ltr'>ab</span> <span class='ocrx_word' id='word_1_332' title='bbox 2068 2835 2123 2873; x_wconf 86' lang='lat' dir='ltr'>eis</span> 
     </span>
     <span class='ocr_line' id='line_1_42' title="bbox 417 2893 2122 2944; baseline -0.002 -11"><span class='ocrx_word' id='word_1_333' title='bbox 417 2894 627 2933; x_wconf 81' lang='lat' dir='ltr'>securitate</span> <span class='ocrx_word' id='word_1_334' title='bbox 666 2894 771 2944; x_wconf 85' lang='lat' dir='ltr'>quod</span> <span class='ocrx_word' id='word_1_335' title='bbox 810 2893 970 2930; x_wconf 88' lang='lat' dir='ltr'>nullum</span> <span class='ocrx_word' id='word_1_336' title='bbox 1009 2894 1234 2942; x_wconf 88' lang='lat' dir='ltr'>dampnum</span> <span class='ocrx_word' id='word_1_337' title='bbox 1275 2893 1455 2931; x_wconf 87' lang='lat' dir='ltr'>decetero</span> <span class='ocrx_word' id='word_1_338' title='bbox 1494 2893 1622 2931; x_wconf 88' lang='lat' dir='ltr'>eidem</span> <span class='ocrx_word' id='word_1_339' title='bbox 1661 2893 1784 2943; x_wconf 85' lang='lat' dir='ltr'>priori</span> <span class='ocrx_word' id='word_1_340' title='bbox 1822 2894 1883 2932; x_wconf 79' lang='lat' dir='ltr'>vel</span> <span class='ocrx_word' id='word_1_341' title='bbox 1932 2894 2014 2932; x_wconf 80' lang='lat' dir='ltr'>suis</span> <span class='ocrx_word' id='word_1_342' title='bbox 2060 2893 2122 2932; x_wconf 71' lang='lat' dir='ltr'>vel</span> 
     </span>
     <span class='ocr_line' id='line_1_43' title="bbox 416 2954 2119 3005; baseline -0.001 -10"><span class='ocrx_word' id='word_1_343' title='bbox 416 2956 535 2995; x_wconf 88' lang='lat' dir='ltr'>alicui</span> <span class='ocrx_word' id='word_1_344' title='bbox 575 2956 621 2994; x_wconf 92' lang='lat' dir='ltr'>de</span> <span class='ocrx_word' id='word_1_345' title='bbox 655 2968 777 3004; x_wconf 78' lang='lat' dir='ltr'>regno</span> <span class='ocrx_word' id='word_1_346' title='bbox 816 2957 956 2993; x_wconf 89' lang='lat' dir='ltr'>contra</span> <span class='ocrx_word' id='word_1_347' title='bbox 994 2968 1134 3004; x_wconf 84' lang='lat' dir='ltr'>pacem</span> <span class='ocrx_word' id='word_1_348' title='bbox 1174 2967 1243 3004; x_wconf 86' lang='lat' dir='ltr'>per</span> <span class='ocrx_word' id='word_1_349' title='bbox 1276 2967 1343 2992; x_wconf 89' lang='lat' dir='ltr'>eos</span> <span class='ocrx_word' id='word_1_350' title='bbox 1381 2954 1551 2992; x_wconf 71' lang='lat' dir='ltr'>eveniet.</span> <span class='ocrx_word' id='word_1_351' title='bbox 1630 2955 1746 2994; x_wconf 82' lang='lat' dir='ltr'>Teste</span> <span class='ocrx_word' id='word_1_352' title='bbox 1781 2969 1871 3005; x_wconf 80' lang='lat' dir='ltr'>rege</span> <span class='ocrx_word' id='word_1_353' title='bbox 1908 2960 1952 2995; x_wconf 92' lang='lat' dir='ltr'>ut</span> <span class='ocrx_word' id='word_1_354' title='bbox 1985 2969 2119 3005; x_wconf 87' lang='lat' dir='ltr'>supra.</span> 
     </span>
    </p>
   </div>
   <div class='ocr_carea' id='block_1_15' title="bbox 415 3067 2121 3425">
    <p class='ocr_par' dir='ltr' id='par_1_15' title="bbox 415 3067 2121 3425">
     <span class='ocr_line' id='line_1_44' title="bbox 524 3067 2120 3116; baseline -0.001 -11"><span class='ocrx_word' id='word_1_355' title='bbox 524 3069 665 3106; x_wconf 67' lang='lat' dir='ltr'>Insnle.</span> <span class='ocrx_word' id='word_1_356' title='bbox 726 3069 780 3104; x_wconf 75' lang='lat' dir='ltr'>De</span> <span class='ocrx_word' id='word_1_357' title='bbox 814 3069 921 3104; x_wconf 71' lang='lat' dir='ltr'>terris</span> <span class='ocrx_word' id='word_1_358' title='bbox 956 3069 1178 3116; x_wconf 71' lang='lat' dir='ltr'>eorum·q:1i</span> <span class='ocrx_word' id='word_1_359' title='bbox 1213 3069 1392 3104; x_wconf 72' lang='lat' dir='ltr'>indic-cati</span> <span class='ocrx_word' id='word_1_360' title='bbox 1425 3069 1467 3103; x_wconf 74' lang='lat' dir='ltr'>de</span> <span class='ocrx_word' id='word_1_361' title='bbox 1499 3068 1706 3115; x_wconf 66' lang='lat' dir='ltr'>malefactis</span> <span class='ocrx_word' id='word_1_362' title='bbox 1737 3068 1944 3106; x_wconf 52' lang='lat' dir='ltr'>etex—Rex</span> <span class='ocrx_word' id='word_1_363' title='bbox 1973 3067 2120 3105; x_wconf 75' lang='lat' dir='ltr'>ballivo</span> 
     </span>
     <span class='ocr_line' id='line_1_45' title="bbox 417 3128 2119 3179; baseline -0.001 -11"><span class='ocrx_word' id='word_1_364' title='bbox 417 3131 640 3169; x_wconf 86' lang='lat' dir='ltr'>insularum</span> <span class='ocrx_word' id='word_1_365' title='bbox 672 3130 719 3166; x_wconf 83' lang='lat' dir='ltr'>de</span> <span class='ocrx_word' id='word_1_366' title='bbox 754 3129 887 3166; x_wconf 73' lang='lat' dir='ltr'>Geres&#39;</span> <span class='ocrx_word' id='word_1_367' title='bbox 920 3132 958 3166; x_wconf 91' lang='lat' dir='ltr'>et</span> <span class='ocrx_word' id='word_1_368' title='bbox 988 3129 1034 3166; x_wconf 88' lang='lat' dir='ltr'>de</span> <span class='ocrx_word' id='word_1_369' title='bbox 1066 3129 1231 3166; x_wconf 87' lang='lat' dir='ltr'>Gerner’</span> <span class='ocrx_word' id='word_1_370' title='bbox 1264 3128 1451 3166; x_wconf 74' lang='lat' dir='ltr'>salutem.</span> <span class='ocrx_word' id='word_1_371' title='bbox 1511 3129 1575 3166; x_wconf 77' lang='lat' dir='ltr'>Ex</span> <span class='ocrx_word' id='word_1_372' title='bbox 1604 3142 1682 3179; x_wconf 86' lang='lat' dir='ltr'>quo</span> <span class='ocrx_word' id='word_1_373' title='bbox 1712 3129 1775 3167; x_wconf 83' lang='lat' dir='ltr'>lex</span> <span class='ocrx_word' id='word_1_374' title='bbox 1804 3133 1842 3167; x_wconf 89' lang='lat' dir='ltr'>et</span> <span class='ocrx_word' id='word_1_375' title='bbox 1872 3130 2119 3168; x_wconf 82' lang='lat' dir='ltr'>consuetudo</span> 
     </span>
     <span class='ocr_line' id='line_1_46' title="bbox 415 3190 2121 3241; baseline -0.002 -10"><span class='ocrx_word' id='word_1_376' title='bbox 415 3196 475 3231; x_wconf 85' lang='lat' dir='ltr'>est</span> <span class='ocrx_word' id='word_1_377' title='bbox 520 3191 695 3241; x_wconf 79' lang='lat' dir='ltr'>partium</span> <span class='ocrx_word' id='word_1_378' title='bbox 743 3190 992 3228; x_wconf 85' lang='lat' dir='ltr'>Normannie</span> <span class='ocrx_word' id='word_1_379' title='bbox 1038 3190 1156 3239; x_wconf 86' lang='lat' dir='ltr'>quod,</span> <span class='ocrx_word' id='word_1_380' title='bbox 1204 3192 1419 3239; x_wconf 84' lang='lat' dir='ltr'>postquam</span> <span class='ocrx_word' id='word_1_381' title='bbox 1468 3190 1653 3229; x_wconf 86' lang='lat' dir='ltr'>indictati</span> <span class='ocrx_word' id='word_1_382' title='bbox 1695 3192 1741 3229; x_wconf 90' lang='lat' dir='ltr'>de</span> <span class='ocrx_word' id='word_1_383' title='bbox 1783 3191 2008 3229; x_wconf 84' lang='lat' dir='ltr'>malefactis</span> <span class='ocrx_word' id='word_1_384' title='bbox 2053 3204 2121 3240; x_wconf 90' lang='lat' dir='ltr'>per</span> 
     </span>
     <span class='ocr_line' id='line_1_47' title="bbox 416 3251 2120 3304; baseline -0.002 -10"><span class='ocrx_word' id='word_1_385' title='bbox 416 3254 661 3294; x_wconf 75' lang='lat' dir='ltr'>veredictum</span> <span class='ocrx_word' id='word_1_386' title='bbox 683 3253 750 3303; x_wconf 79' lang='lat' dir='ltr'>xij.</span> <span class='ocrx_word' id='word_1_387' title='bbox 769 3252 960 3300; x_wconf 81' lang='lat' dir='ltr'>legalium</span> <span class='ocrx_word' id='word_1_388' title='bbox 981 3251 1195 3289; x_wconf 83' lang='lat' dir='ltr'>hominum</span> <span class='ocrx_word' id='word_1_389' title='bbox 1217 3252 1263 3290; x_wconf 89' lang='grc'>(16</span> <span class='ocrx_word' id='word_1_390' title='bbox 1284 3252 1414 3301; x_wconf 86' lang='lat' dir='ltr'>patria</span> <span class='ocrx_word' id='word_1_391' title='bbox 1435 3253 1666 3300; x_wconf 75' lang='lat' dir='ltr'>cognoverit</span> <span class='ocrx_word' id='word_1_392' title='bbox 1686 3254 1768 3304; x_wconf 72' lang='lat' dir='ltr'><em>(sic)</em></span> <span class='ocrx_word' id='word_1_393' title='bbox 1785 3253 1985 3290; x_wconf 78' lang='lat' dir='ltr'>malitiam</span> <span class='ocrx_word' id='word_1_394' title='bbox 2006 3266 2120 3291; x_wconf 80' lang='lat' dir='ltr'>suam</span> 
     </span>
     <span class='ocr_line' id='line_1_48' title="bbox 417 3313 2117 3364; baseline -0.001 -9"><span class='ocrx_word' id='word_1_395' title='bbox 417 3320 456 3356; x_wconf 87' lang='lat' dir='ltr'>et</span> <span class='ocrx_word' id='word_1_396' title='bbox 494 3315 647 3354; x_wconf 79' lang='lat' dir='ltr'>insulas</span> <span class='ocrx_word' id='word_1_397' title='bbox 685 3314 881 3363; x_wconf 85' lang='lat' dir='ltr'>predictas</span> <span class='ocrx_word' id='word_1_398' title='bbox 913 3313 1201 3364; x_wconf 78' lang='lat' dir='ltr'>abjuraverint,</span> <span class='ocrx_word' id='word_1_399' title='bbox 1234 3326 1443 3363; x_wconf 87' lang='lat' dir='ltr'>nunquam</span> <span class='ocrx_word' id='word_1_400' title='bbox 1476 3314 1634 3352; x_wconf 84' lang='lat' dir='ltr'>restitui</span> <span class='ocrx_word' id='word_1_401' title='bbox 1670 3317 1859 3363; x_wconf 85' lang='lat' dir='ltr'>poterunt</span> <span class='ocrx_word' id='word_1_402' title='bbox 1898 3314 1946 3352; x_wconf 85' lang='lat' dir='ltr'>ad</span> <span class='ocrx_word' id='word_1_403' title='bbox 1994 3317 2117 3353; x_wconf 83' lang='lat' dir='ltr'>terras</span> 
     </span>
     <span class='ocr_line' id='line_1_49' title="bbox 416 3374 2115 3425; baseline -0.002 -9"><span class='ocrx_word' id='word_1_404' title='bbox 416 3382 453 3417; x_wconf 90' lang='lat' dir='ltr'>et</span> <span class='ocrx_word' id='word_1_405' title='bbox 492 3378 608 3416; x_wconf 84' lang='lat' dir='ltr'>feoda</span> <span class='ocrx_word' id='word_1_406' title='bbox 637 3388 708 3414; x_wconf 83' lang='lat' dir='ltr'>sua</span> <span class='ocrx_word' id='word_1_407' title='bbox 739 3375 1021 3424; x_wconf 86' lang='lat' dir='ltr'>recuperanda,</span> <span class='ocrx_word' id='word_1_408' title='bbox 1053 3375 1145 3413; x_wconf 84' lang='lat' dir='ltr'>licet</span> <span class='ocrx_word' id='word_1_409' title='bbox 1175 3374 1470 3425; x_wconf 82' lang='lat' dir='ltr'>abjurationem</span> <span class='ocrx_word' id='word_1_410' title='bbox 1502 3388 1616 3413; x_wconf 72' lang='lat' dir='ltr'>suam</span> <span class='ocrx_word' id='word_1_411' title='bbox 1647 3376 1703 3413; x_wconf 87' lang='lat' dir='ltr'>eis</span> <span class='ocrx_word' id='word_1_412' title='bbox 1733 3375 2115 3424; x_wconf 76' lang='lat' dir='ltr'>perdonaverimus3</span> 
     </span>
    </p>
   </div>
   <div class='ocr_carea' id='block_1_16' title="bbox 471 3464 2067 3497">
    <p class='ocr_par' dir='ltr' id='par_1_16' title="bbox 471 3464 2067 3497">
     <span class='ocr_line' id='line_1_50' title="bbox 471 3464 2067 3497; baseline -0.013 0"><span class='ocrx_word' id='word_1_413' title='bbox 471 3466 575 3497; x_wconf 69' lang='lat'>18690</span> <span class='ocrx_word' id='word_1_414' title='bbox 2042 3464 2067 3497; x_wconf 59' lang='lat' dir='ltr'><strong>T</strong></span> 
     </span>
    </p>
   </div>
  </div>
 </body>
</html>
