2375 3587
222 202 305 243 530

285 332 429 379 1237.

269 399 329 438 [m.
356 397 446 436 14s1.]

1158 206 1344 249 CLOSE
1383 204 1588 248 ROLLS.

628 399 830 437 Walterus
876 399 923 437 de
972 398 1196 436 Ridewar’*
1243 397 1464 436 attornavit
1512 396 1765 435 Willelmum
1813 395 1861 434 de
1908 395 2136 441 Burnham,
2185 398 2225 434 et

520 461 690 499 Matillis
729 474 828 499 uxor
865 462 952 512 ejus
990 461 1210 500 attornavit
1250 460 1503 498 XVillelmum
1532 459 1580 497 de
1609 459 1791 508 Leyham
1822 461 1962 496 contra
1994 457 2223 496 Galfridum

521 523 686 569 Pecche‚
741 523 862 561 Elam
915 525 1087 561 matrem
1137 522 1237 572 ejus,
1288 524 1327 559 et
1375 521 1597 571 Symonem
1647 520 1694 558 de
1750 519 1945 569 Skelling'
1986 519 2028 557 in
2068 519 2226 570 loquela

520 598 595 634 que
634 587 694 623 est
732 585 773 623 in
812 585 1009 624 comitatu
1052 584 1151 623 Suff’
1194 584 1300 622 inter
1338 595 1417 621 eos.
1476 582 1593 620 Teste
1634 594 1722 630 rege
1756 584 1801 619 ut
1848 593 1981 630 supra.

628 672 824 710 Ricardus
888 671 996 709 filius
1048 670 1235 709 Nicholai
1293 668 1519 707 attornavit
1576 667 1819 706 Nicholaum
1876 667 2008 705 filium
2067 667 2227 706 Ricardi

519 737 660 773 contra
705 734 923 772 Ricardum
973 733 1106 770 filium
1146 731 1341 769 Winelmi
1396 731 1437 768 111
1488 730 1648 781 loquela
1696 743 1772 780 que
1823 732 1882 768 est
1935 729 2043 768 inter
2080 743 2146 768 eos
2184 730 2226 767 in

520 797 716 835 comitatu
755 795 1012 833 Huntindon'
1064 795 1111 832 de
1160 793 1315 832 duabus
1368 792 1535 842 virgatis
1585 795 1688 830 terre
1736 805 1829 830 cum
1882 791 2139 841 pertinentiis
2185 792 2226 829 in

522 859 700 898 Lecton.’
775 858 892 896 Teste
930 871 1020 906 rege
1059 857 1165 906 apud
1205 855 1630 900 Westmonasterium,
1671 854 1758 904 xiij.
1797 854 1860 892 (110
1899 854 2011 892 Μο11.

633 945 823 982 Matheus
879 944 926 981 de
985 944 1151 994 Lovayn
1218 943 1440 982 attornavit
1508 942 1713 980 Abraham
1770 940 1903 978 filium
1969 941 2126 979 Thome
2189 944 2229 979 et

524 1007 759 1057 Philippum
804 1006 851 1044 de
896 1006 1026 1044 Stallo
1064 1006 1105 1043 in
1149 1006 1307 1056 loquela
1346 1018 1421 1054 que
1469 1007 1529 1042 est
1569 1004 1674 1041 inter
1722 1003 1855 1052 ipsum
1901 1005 1940 1040 et
1989 1003 2226 1052 Philippum

523 1071 666 1108 Basset
722 1069 763 1105 in
819 1068 1014 1106 comitatu
1072 1068 1228 1114 Essex’,
1287 1068 1334 1106 de
1387 1066 1531 1105 averiis
1588 1066 1715 1115 ipsius
1772 1065 1951 1114 Philippi
2010 1066 2139 1114 captis
2191 1069 2230 1104 et

523 1133 675 1182 injuste
711 1131 897 1169 detentis.
975 1131 1092 1168 Teste
1130 1144 1221 1180 rege
1260 1130 1365 1179 apud
1405 1128 1825 1174 Westmonasterfflm,
1865 1128 1946 1165 xix.
1986 1128 2049 1166 die
2091 1128 2200 1166 Maii.

636 1226 1095 1265 Eburacum.—Bi·ianus
1143 1225 1251 1263 filius
1298 1225 1416 1262 Alani
1468 1223 1691 1262 attornavit
1741 1223 1828 1261 1000
1870 1236 1942 1261 0110
1987 1223 2229 1262 Michaelem

524 1290 653 1327 filium
697 1289 905 1327 Michaelis
954 1292 993 1326 et
1042 1288 1296 1325 Everardum
1348 1288 1394 1325 de
1436 1286 1651 1334 Wratting'
1693 1298 1829 1323 versus
1878 1284 2146 1324 Gillebertum
2185 1287 2232 1324 de

525 1352 634 1391 Gant
674 1351 722 1389 de
761 1351 976 1388 medietate
1016 1350 1184 1387 manerii
1224 1350 1271 1387 de
1312 1349 1449 1399 Ryth.'
1529 1348 1645 1385 Teste
1685 1360 1774 1396 rege
1814 1349 1858 1385 ut
1897 1360 2031 1397 supra.

637 1449 862 1484 ln'borarnm.
922 1446 1119 1483 Jodlanus
1158 1446 1205 1483 de
1245 1444 1391 1482 Nevill’
1433 1443 1654 1482 attornavit
1693 1442 1925 1481 Johannem
1963 1443 2011 1481 de
2050 1443 2233 1482 Pikehal’

524 1513 564 1549 et
610 1510 786 1548 Alanum
835 1509 881 1546 (10
934 1508 1127 1559 Heyling'
1178 1508 1219 1545 in
1268 1507 1427 1556 loquela
1475 1519 1550 1556 quo
1598 1508 1659 1543 est
1717 1505 1759 1542 in
1815 1505 2012 1544 comitatu
2062 1505 2235 1545 Eboraci

525 1576 667 1612 contra
723 1573 976 1610 willelmum
1034 1571 1162 1609 filium
1223 1569 1415 1609 Willelmi
1476 1569 1523 1606 (10
1581 1569 1607 1619 j.
1668 1567 1901 1606 molendino
1960 1568 1999 1606 in
2057 1568 2234 1620 Rokeby.

526 1636 643 1674 Teste
683 1648 772 1684 rege
812 1638 856 1672 ut
896 1647 1028 1683 supra.

635 1723 875 1760 Mandatum
914 1726 974 1759 est
1010 1721 1168 1760 custodi
1209 1725 1311 1758 terre
1350 1723 1388 1758 et
1428 1719 1586 1757 heredis
1627 1718 1816 1767 Hugonis
1854 1718 1999 1756 Russel
2044 1719 2151 1769 quod
2188 1732 2236 1758 ex

526 1799 604 1835 quo
642 1784 871 1823 constiterit
919 1784 952 1821 ei
1001 1796 1070 1832 per
1116 1786 1271 1821 certum
1322 1782 1519 1820 nuncium
1569 1793 1688 1818 sunm
1737 1792 1856 1829 quem
1906 1780 1993 1818 sine
2041 1780 2236 1819 dilatione

528 1849 665 1886 mittat
705 1859 829 1895 usque
878 1846 1029 1883 Thorn'
1079 1845 1128 1882 ad
1177 1844 1362 1882 abbatem
1412 1844 1459 1881 (10
1508 1843 1659 1880 Thorn'
1710 1842 1777 1891 qui
1826 1841 2041 1891 languidus
2079 1846 2152 1889 est,
2192 1846 2238 1882 ut

528 1911 687 1955 dicitur,
729 1922 848 1959 quem
888 1909 995 1946 idem
1035 1907 1159 1945 abbas
1198 1910 1403 1945 attornare
1438 1905 1610 1944 voluerit
1648 1905 1697 1942 ad
1737 1907 1887 1942 sectam
1923 1904 2150 1944 faciendam
2189 1907 2238 1944 ad

528 1973 783 2011 hundredum
824 1971 989 2020 predicti
1030 1970 1185 2007 heredis
1224 1970 1270 2007 (10
1311 1968 1529 2013 Falewell',
1571 1968 1703 2016 ipsum
1743 1980 1863 2016 quem
1902 1967 1950 2004 ad
1988 1967 2065 2006 1100
2102 1981 2237 2006 coram

528 2036 634 2074 dicto
674 2034 822 2072 nuncio
862 2046 933 2070 sno
972 2031 1240 2070 attornaverit
1279 2031 1327 2068 ad
1369 2031 1443 2068 hoc
1484 2030 1569 2068 sine
1608 2029 1845 2068 difficultate
1884 2029 2062 2078 recipiat.
2122 2031 2238 2069 Teste

528 2111 617 2147 rege.
655 2097 761 2145 apud
802 2094 1224 2138 Westmonasterhrm,
1265 2093 1362 2142 xxij.
1403 2093 1465 2130 die
1507 2091 1619 2129 Maii.

637 2184 791 2222 Eodem
831 2183 949 2220 modo
988 2181 1226 2219 mandatum
1266 2183 1326 2217 est
1374 2179 1510 2217 abbati
1561 2179 1702 2218 Sancti
1752 2179 1858 2217 Petri
1908 2179 1955 2217 de
2008 2179 2143 2229 Burgo
2190 2180 2237 2218 de

529 2247 738 2285 hundredo
776 2245 975 2283 libertatis
1014 2243 1139 2293 ipsius
1179 2242 1350 2281 abbatis.
1428 2242 1544 2279 Teste
1584 2244 1626 2279 ut
1666 2253 1797 2290 supra.

638 2333 876 2370 Mandatum
934 2334 994 2369 est
1060 2329 1295 2380 justiciariis
1365 2328 1582 2378 assignatis
1654 2327 1702 2365 ad
1787 2327 1960 2376 gaiolam
2030 2328 2237 2368 Wintonie

529 2396 828 2434 deliberandam
886 2394 991 2443 quod
1048 2396 1304 2442 Caperonum
1380 2391 1605 2430 vadlettum
1684 2390 1800 2439 regis,
1869 2403 1987 2439 quem
2073 2392 2237 2441 quidam

530 2458 718 2508 probator
774 2457 949 2506 appellat
1005 2456 1052 2494 de
1111 2455 1313 2500 societate,
1372 2467 1442 2503 per
1498 2453 1704 2503 pleviliam
1762 2452 1919 2490 dimisit
1976 2452 2039 2491 W.
2098 2455 2238 2493 comiti

532 2521 738 2565 Warenn’,
789 2519 1004 2557 Amani-ico
1051 2519 1098 2556 de
1149 2518 1299 2557 Sancto
1348 2516 1532 2554 Amando
1581 2518 1620 2552 et
1667 2514 1773 2560 aliis,
1822 2513 2054 2553 habendum
2102 2529 2237 2555 coram

532 2584 588 2622 eis
626 2583 667 2620 in
707 2582 817 2620 curia
855 2581 959 2627 regis
998 2580 1147 2618 ibidem
1187 2580 1236 2617 ad
1276 2579 1468 2617 standum
1510 2580 1616 2616 recto
1657 2590 1776 2626 super
1826 2577 1982 2626 appello
2030 2578 2236 2626 predict03

532 2650 571 2684 et
619 2645 756 2683 audito
803 2643 959 2693 appello
1007 2642 1155 2691 prefati
1208 2641 1469 2691 appellatoris
1518 2652 1656 2678 versus
1709 2638 1843 2687 ipsum
1896 2638 2152 2688 Caperonum
2199 2645 2239 2680 et

532 2708 762 2746 defensione
808 2706 934 2755 ipsius
993 2705 1191 2754 Caperoni
1248 2717 1341 2752 erga
1396 2715 1503 2747 eum,
1562 2701 1620 2739 ita
1675 2700 1781 2750 quod
1837 2700 1885 2738 ad
1936 2701 2133 2751 judicium
2186 2703 2238 2741 sit

533 2773 772 2820 perventum
820 2781 938 2817 super
985 2767 1143 2816 appello
1191 2770 1229 2804 et
1276 2765 1523 2810 defensione,
1573 2776 1655 2801 non
1705 2762 1923 2811 procedant
1972 2763 2141 2803 ulterius
2178 2769 2238 2804 set

534 2832 607 2871 sub
681 2831 825 2880 sigillis
899 2830 981 2867 suis
1037 2829 1247 2867 recordum
1304 2827 1485 2877 ejusdem
1539 2825 1687 2875 appelli
1745 2828 1785 2863 et
1842 2825 2090 2864 defensionis
2157 2828 2240 2877 regi

533 2894 829 2939 transmittant,
889 2892 1051 2930 interim
1109 2891 1335 2941 predictum
1393 2888 1648 2940 probatorem
1707 2887 1815 2925 salve
1872 2888 2144 2928 custodientes
2200 2893 2239 2929 et

533 2957 735 3007 prefatum
784 2955 1066 3003 Chaperonum
1115 2953 1188 2992 sub
1236 2952 1397 3002 plevina
1444 2951 1718 3001 predictorum
1766 2949 2035 2989 dimittentes.
2122 2952 2240 2991 Teste

535 3032 625 3068 rege
663 3018 768 3067 apud
808 3016 1230 3060 Westmonasterium,
1271 3028 1336 3052 xx.
1377 3013 1439 3052 die
1478 3013 1587 3051 Maii.

645 3106 729 3144 Rex
777 3104 990 3143 constituit
1038 3103 1260 3141 Radulfum
1308 3102 1438 3139 filium
1488 3100 1701 3149 Reginaldi
1749 3100 1922 3138 visorem
1961 3101 2241 3149 operationum

537 3168 658 3208 castri
697 3167 800 3217 regis
839 3167 886 3204 de
920 3165 1144 3214 Rockingh'
1185 3178 1267 3202 una
1304 3177 1397 3202 cum
1437 3163 1608 3201 Ricardo
1644 3163 1690 3199 (10
1730 3161 1961 3199 Mideltun'.
2044 3161 2101 3201 Et
2147 3163 2241 3203 inde

538 3231 680 3269 habuit
726 3229 882 3267 litteras
928 3228 1034 3265 idem
1082 3226 1282 3264 Radiilfus
1330 3228 1370 3263 et
1417 3225 1517 3263 alias
1565 3224 1769 3273 predictus
1825 3223 2037 3262 Ricardus.
2123 3223 2241 3265 Teste

538 3306 628 3342 rege
666 3292 771 3341 apud
809 3288 1232 3333 Westmonasterfflm,
1274 3288 1356 3337 xxj.
1405 3286 1468 3324 die
1505 3285 1615 3324 Maii.

942 3387 955 3400 *
984 3387 1036 3415 ‘et
1064 3382 1209 3414 Matillis
1240 3393 1324 3414 uxor
1355 3382 1446 3424 ejus⁷
1485 3380 1653 3413 cancelled
1693 3381 1729 3413 in
1765 3380 1837 3414 MS.
