2375 3587
160 326 305 373 1235.

163 391 305 431 [m.17.]

2057 213 2078 250 0(

1055 202 1107 242 19
1150 200 1232 240 HE
1241 200 1356 242 NRY
1398 201 1480 242 ΠΙ.

403 393 598 432 comitatu
648 394 762 433 Suff’.
856 395 911 433 Et
972 396 1213 434 mandatum
1275 401 1335 434 est
1382 397 1608 436 vicecomiti
1671 400 1770 438 Suff’
1817 403 1921 451 quod
1975 404 2107 452 ipsum

404 455 672 493 Tristramum
719 456 766 493 de
813 456 1003 506 predictis
1048 460 1201 507 septem
1247 458 1393 496 marcis
1445 459 1625 507 quietum
1674 474 1758 499 esse
1809 464 2031 511 permittat,
2072 470 2110 504 et

402 517 548 555 catalla
586 520 625 555 et
664 518 798 556 averia
836 518 962 567 ipsius
1003 519 1229 565 Tristrami‚
1271 533 1346 569 que
1385 521 1594 559 occasione
1644 523 1820 571 predicta
1867 526 1983 574 cepit,
2025 527 2110 565 sinc

401 579 592 617 dilatione
651 580 863 618 deliberari
921 580 1055 619 faciat.
1143 581 1258 619 Teste
1315 595 1405 631 rege
1462 586 1506 620 ut
1564 597 1696 632 supra.
1784 586 1860 623 Pro
1918 588 2110 636 magistro

402 641 599 680 Nicholao
638 642 685 680 de
723 642 944 680 Farnham.
1020 643 1096 680 Per
1137 643 1184 680 G.
1227 644 1273 681 de
1314 644 1566 682 Craucumb’.

516 748 588 783 Pro
628 748 756 783 abbate
793 748 834 782 1]st
876 748 1082 793 (svlr‘r‘ae’sl‘l'ss
1116 749 1157 783 (ἴτ’
1183 749 1701 796 qtcf’reulms.-Mandatum
1749 760 1807 790 Osi]
1854 754 2022 793 Ricardo
2061 756 2107 794 (le

399 808 539 846 Lalad'
590 811 628 846 et
675 808 758 846 Ade
807 809 890 846 filio
940 809 1162 847 Willelmi²³²³=
1209 810 1313 858 quod
1366 810 1518 849 faciant
1575 812 1719 851 habore
1778 814 1913 853 abbati
1972 819 2105 856 Sancti

399 871 599 908 »Iohannis
653 871 699 908 de
751 871 975 909 Collecestr'
1021 874 1173 920 septem
1224 885 1392 921 quercus
1443 873 1484 910 in
1534 886 1653 922 parco
1703 876 1749 913 de
1800 877 1936 925 Roleg'
1977 883 2016 916 et
2067 880 2104 917 in

397 946 515 981 parco
554 933 600 971 de
640 933 811 982 Hadleg’
853 936 942 971 octo
991 946 1159 982 quercus
1197 934 1246 971 de
1284 935 1390 972 dono
1429 935 1544 984 regis,
1587 936 1643 974 ita
1681 939 1786 986 quod
1839 939 2108 980 incontinenti

398 996 597 1045 predictas
654 1009 822 1045 quercus
879 997 1079 1046 prosterni
1134 1000 1172 1035 et
1230 997 1322 1035 inde
1393 997 1535 1036 abduci
1599 1000 1719 1038 faciat
1790 1001 1897 1039 infra
1953 1004 2109 1043 Pascha

397 1058 579 1107 proximo
630 1059 788 1097 instans
841 1060 890 1096 ad
942 1059 1148 1097 ultimum.
1227 1059 1343 1097 Teste
1397 1073 1486 1109 rege
1538 1062 1644 1111 apud
1702 1063 1883 1110 Buttell’,
1939 1066 1990 1103 ix.
2045 1067 2106 1105 die

397 1121 552 1159 Marcii.

506 1227 581 1262 I'ro
616 1228 795 1264 ,Iohanne
829 1229 871 1263 dr
898 1227 1200 1274 Marisa—Quia
1241 1241 1306 1265 rex
1345 1229 1497 1277 accepit
1536 1242 1605 1278 per
1643 1230 1947 1280 inquisitionem
1986 1248 2106 1284 quam

395 1286 486 1325 inde
534 1288 618 1326 11611
666 1288 772 1334 16011,
823 1289 929 1338 0110(1
975 1302 1047 1327 1160
1097 1290 1304 1327 -Johannes
1353 1290 1400 1327 de
1450 1290 1574 1329 Maris
1622 1305 1693 1331 nec
1742 1294 1888 1344 aliquis
1936 1296 1982 1333 de
2021 1310 2104 1346 pre-

394 1350 665 1388 decessoribus
699 1351 780 1388 suis
815 1355 965 1389 sectam
998 1352 1125 1389 facere
1157 1359 1452 1390 consueverunt
1492 1353 1626 1403 aliquo
1662 1358 1840 1405 tempore
1876 1358 1924 1395 ad
1952 1360 2104 1398 curiam

396 1413 565 1450 manerii
601 1413 648 1450 de
686 1413 905 1463 Osspring‘‚
945 1418 1161 1463 antequam
1201 1415 1428 1452 manerium
1469 1415 1569 1453 illud
1614 1417 1841 1456 devenisset
1880 1420 1919 1457 in
1959 1435 2104 1460 manus

396 1475 449 1512 H.
483 1475 530 1512 (16
569 1475 717 1524 Burgo,
759 1476 918 1514 comitis
959 1476 1129 1515 Kantie:
1179 1477 1419 1514 mandatum
1459 1481 1518 1515 est
1555 1477 1779 1518 vicecomiti
1820 1482 1966 1520 Kantie
2003 1486 2107 1533 quod

395 1537 620 1586 predictum
661 1538 894 1576 Johannem
934 1539 983 1576 ad
1036 1543 1187 1577 sectam
1227 1539 1453 1577 faciendam
1493 1540 1542 1577 ad
1587 1542 1741 1580 curiam
1787 1544 2008 1592 predictam
2060 1548 2107 1585 (16

396 1599 604 1648 Osspring'
643 1612 724 1637 11011
763 1600 994 1649 distringat,
1037 1604 1095 1638 set
1134 1601 1228 1638 111(16
1268 1601 1401 1650 ipsum
1441 1601 1624 1650 quietum
1664 1604 1845 1644 decetero
1884 1620 1968 1645 esse
2020 1622 2103 1658 per-

395 1662 547 1699 mittat.
626 1662 743 1700 Teste
784 1676 873 1712 rege
912 1666 958 1700 ut
996 1676 1130 1712 supra.

506 1768 580 1803 Pro
613 1767 834 1803 illm-andra
870 1767 1162 1805 Barzan—Rex
1194 1766 1391 1805 concessit
1427 1770 1465 1805 et
1498 1768 1705 1807 licentiam
1740 1771 1848 1810 dedit
1878 1773 2105 1813 Alexandro

394 1828 533 1866 Bacun
565 1828 791 1866 seminandi
822 1831 969 1866 terram
998 1842 1074 1878 que
1106 1829 1184 1867 fuit
1212 1829 1374 1867 Radulfi
1400 1830 1446 1867 de
1468 1830 1742 1882 Bochaideby,
1767 1835 1872 1872 unde
1899 1835 2031 1875 littere
2058 1838 2105 1876 de

394 1891 655 1941 inquisitione
707 1891 891 1929 facienda
945 1891 1095 1930 directe
1145 1894 1241 1929 sunt
1289 1892 1516 1930 vicecomiti
1567 1893 1867 1943 Cumberland‘,
1909 1898 2105 1947 videlicet,

395 1959 592 2003 quantum
624 1956 728 1991 terre
763 1954 966 2002 predictus
1000 1954 1202 1992 Radulfus
1234 1954 1366 1992 tenuit
1399 1954 1446 1992 de
1474 1968 1563 2005 rege
1597 1956 1639 1993 in
1675 1957 1805 2007 capite
1837 1963 1875 1998 et
1907 1965 2106 2010 quantum

394 2016 525 2054 valeat
581 2018 655 2054 etc.
734 2016 789 2053 Et
846 2016 1086 2054 mandatum
1143 2020 1203 2054 est
1260 2016 1389 2054 eidem
1438 2017 1663 2056 vicecomiti
1721 2021 1827 2069 quod
1882 2023 2106 2071 predictum

394 2078 669 2116 Alexandrum
708 2081 858 2116 terram
897 2078 1011 2117 illam
1051 2079 1250 2117 seminare
1288 2079 1510 2128 permittat.
1590 2081 1706 2119 Teste
1744 2086 1789 2121 ut
1828 2096 1960 2134 supra.

503 2157 813 2195 Memorandum
852 2157 958 2207 quod
995 2157 1111 2195 offert
1148 2157 1313 2195 domino
1350 2157 1433 2207 regi
1472 2171 1543 2207 pro
1582 2160 1765 2198 custodia
1803 2175 1841 2199 x.
1877 2176 2045 2203 marcas.

503 2263 558 2298 ])υ
592 2263 783 2298 tradendis
815 2263 851 2298 in
884 2261 1217 2308 &illistam—*Quia
1250 2274 1315 2299 rex
1351 2261 1503 2310 accepit
1538 2275 1607 2311 per
1641 2262 1948 2312 inquisitionem
1982 2281 2103 2317 quam

394 2325 485 2362 inde
524 2324 609 2362 fieri
648 2323 755 2370 fecit,
795 2324 902 2373 quod
940 2324 1061 2373 Hugo
1100 2324 1147 2361 de
1189 2324 1366 2362 Weston'
1407 2328 1445 2362 et
1494 2324 1693 2364 Henricus
1742 2327 1789 2365 de
1837 2331 1947 2375 Mer'‚
1999 2331 2105 2381 capti

394 2390 431 2425 et
479 2386 632 2424 detenti
680 2385 719 2423 in
760 2386 924 2435 prisona
968 2386 1073 2435 regis
1119 2386 1233 2425 Staff
1275 2399 1346 2435 pro
1385 2389 1514 2424 morte
1554 2387 1749 2425 Willelmi
1789 2389 1863 2427 filii
1903 2391 2104 2432 -Johannis

395 2449 513 2495 Gille,
554 2447 745 2497 appellati
784 2450 878 2485 sunt
917 2448 963 2485 de
1003 2450 1132 2486 morte
1171 2448 1350 2497 predicta
1389 2447 1479 2486 odio
1518 2452 1556 2486 et
1595 2449 1678 2487 atia
1716 2453 1754 2489 et
1793 2464 1875 2490 non
1915 2465 1959 2491 eo
1998 2455 2103 2504 quod

393 2512 485 2549 inde
523 2509 742 2560 culpabiles
782 2510 889 2555 61111;
938 2510 1181 2548 mandatum
1211 2514 1271 2548 est
1300 2510 1524 2548 vicecomiti
1558 2510 1674 2549 staff
1712 2515 1750 2550 61
1787 2514 1947 2563 Salopie
1982 2518 2099 2565 quod,

393 2574 424 2612 61
474 2577 640 2623 uterque
687 2585 825 2610 eorum
876 2572 1075 2610 invenerit
1122 2573 1157 2610 ei
1209 2573 1278 2622 xij.
1330 2572 1475 2610 liberos
1514 2576 1552 2610 et
1599 2573 1747 2622 legales
1797 2575 1979 2615 homines
2033 2580 2101 2629 qui

391 2635 684 2685 manucapiunt
729 2647 795 2673 eos
842 2634 987 2672 habere
1030 2647 1164 2672 coram
1202 2634 1437 2685 justiciariis
1477 2635 1579 2685 regis
1618 2636 1667 2673 ad
1710 2637 1884 2686 primam
1931 2640 2099 2680 assisam

391 2711 483 2736 cum
522 2698 563 2734 in
601 2699 733 2746 partes
771 2696 861 2733 illas
900 2697 1084 2734 1611611111
1135 2696 1184 2734 ad
1235 2696 1428 2734 standum
1468 2697 1559 2734 inde
1600 2700 1720 2743 recto,
1763 2698 1795 2736 61
1835 2700 1924 2749 quis
1963 2715 2100 2741 versus

391 2774 456 2799 eos
506 2760 598 2797 inde
647 2758 756 2808 loqui
809 2758 995 2804 voluerit,
1044 2761 1143 2796 111110
1196 2758 1395 2807 predictos
1449 2758 1667 2808 Hugonem
1718 2764 1756 2798 et
1810 2761 2035 2802 Henricum
2082 2778 2104 2803 a

390 2823 553 2872 prisona
591 2821 694 2870 regis
733 2820 924 2859 deliberet
963 2824 1001 2859 et
1040 2821 1230 2870 predictis
1270 2820 1339 2871 xij.
1380 2820 1615 2859 hominibus
1662 2822 1795 2861 tradat
1834 2823 1875 2861 in
1916 2824 2098 2872 ballium,

390 2886 492 2924 sicut
530 2884 755 2934 predictum
793 2887 866 2922 est.
943 2884 999 2922 Et
1041 2883 1187 2922 habeat
1227 2882 1282 2921 ibi
1317 2883 1485 2921 nomina
1522 2884 1795 2933 predictorum
1835 2886 1962 2938 xxiiij.
1999 2892 2072 2927 etc.

495 2991 553 3027 Da
577 2990 789 3037 particione
827 2990 921 3025 bosci
955 2990 996 3024 «le
1028 2987 1425 3025 JJ‘l‹›l2·0slmm’.—Rex
1457 2987 1682 3026 vicecomiti
1719 2989 1872 3027 Oxonie
1911 2991 2097 3030 salutem.

391 3051 506 3099 Quia,
547 3051 650 3089 sicut
688 3050 931 3099 accepimus,
970 3063 1039 3099 per
1078 3049 1338 3100 partitionem
1377 3062 1498 3099 quam
1536 3050 1623 3087 fieri
1671 3050 1840 3088 fecimus
1888 3052 1935 3089 de
1986 3052 2103 3093 bosco

390 3118 437 3155 de
488 3116 745 3161 Blokesham,
801 3115 931 3164 quod†
987 3115 1130 3153 boscus
1187 3115 1254 3153 ille
1306 3115 1480 3165 partitus
1537 3118 1597 3153 est
1653 3128 1722 3164 per
1774 3115 2002 3156 forestarios
2059 3124 2099 3158 et

389 3179 598 3218 viridarios
624 3178 666 3215 in
696 3177 899 3227 presentia
927 3180 996 3215 tua
1024 3177 1080 3216 ita
1106 3177 1212 3227 quod
1238 3191 1319 3215 una
1342 3190 1434 3226 pars
1460 3180 1643 3215 remanet
1672 3190 1808 3216 versus
1838 3179 2101 3228 occidentem,

389 3254 510 3291 quam
548 3241 598 3278 ad
635 3253 735 3289 opus
782 3242 967 3278 nostrum
1015 3239 1210 3289 elegimus
1259 3239 1526 3285 retinendam,
1568 3242 1606 3277 et
1656 3239 1782 3276 altera
1820 3252 1911 3288 pars
1953 3254 2093 3281 versus

559 3337 687 3368 *These
709 3347 825 3368 names
847 3347 902 3368 are
924 3335 1130 3368 substituted
1152 3336 1208 3367 101·
1235 3336 1504 3367 ‘constabulario
1527 3336 1630 3365 castri
1653 3336 1692 3365 de
1714 3334 1933 3367 Uussecestr’ss

1134 3389 1216 3427 †Sic
1240 3389 1274 3419 in
1298 3388 1358 3419 MS
