2375 3587
180 349 322 396 1236.

183 417 230 455 [m
257 415 324 456 10.]

1048 217 1104 257 20
1146 216 1351 257 HENRY
1392 217 1475 257 ΙΙΙ.
2037 219 2119 260 279

524 413 655 450 Judei.
713 413 770 449 De
799 419 945 449 <az-tenta
984 413 1160 454 facienda
1185 425 1254 460 pro
1283 413 1461 449 Johannc
1490 414 1532 448 de
1564 411 2024 450 (suumn—Mam]ntum
2062 414 2121 449 est

415 474 650 524 justiciariis
689 474 738 511 ad
776 473 1001 513 custodiam
1024 474 1246 512 Judeorum
1286 473 1503 522 assignatis
1552 474 1656 522 quod
1697 487 1765 523 per
1817 476 2116 512 sacramentum

415 535 630 585 proborum
670 539 708 573 et
746 535 937 584 legalium
977 535 1192 573 hominum
1229 535 1390 572 extendi
1430 535 1582 572 faciant
1624 538 1771 572 terram
1804 535 2005 573 ,Iohannis
2044 534 2117 571 filii

415 597 580 636 walteri
631 598 678 636 de
729 598 873 636 Coudr'
915 597 955 634 in
998 598 1142 635 Coudr'
1193 611 1268 646 que
1318 600 1377 635 est
1428 597 1590 635 vadium
1643 597 1773 635 Aaron
1814 597 1885 634 filii
1943 596 2113 641 Abi-alie,

416 659 616 699 Samuelis
655 661 824 705 Muton',
863 659 1026 698 Samme
1059 660 1109 710 (P)
1141 660 1196 696 fil‘
1229 659 1360 697 Aaron
1393 659 1559 703 Blundi,
1592 659 1814 697 Judeorum
1845 659 2044 704 London',
2076 662 2115 695 et

413 722 540 761 Ysaac
568 722 641 759 filii
673 721 887 767 Samuelis,
933 721 1050 759 Judei
1093 720 1362 770 Cantebrigie,
1404 721 1601 766 videlicet,
1642 724 1840 769 quantum
1880 720 2010 758 valeat
2048 733 2117 769 per

411 797 565 821 annum
605 784 645 821 in
685 783 910 828 dominicis,
947 782 1182 829 redditibus,
1224 782 1416 828 serviciis,
1457 782 1684 831 villenagiis
1723 786 1762 819 et
1801 781 1987 819 omnibus
2026 781 2116 818 aliis

410 845 584 883 exitibus
622 850 749 890 terre;
798 847 850 890 et,
900 844 1007 882 facta
1054 844 1289 882 extensione
1337 844 1527 893 predicta,
1577 844 1705 881 eidem
1748 843 1927 881 Johanni
1966 843 2114 881 ration-

412 907 558 946 abilem
596 907 720 945 finem
760 910 799 945 et
848 905 1107 944 rationabiles
1171 905 1366 944 terminos
1414 904 1559 943 habere
1609 906 1760 943 faciant
1808 905 1857 942 ad
1905 904 2037 942 debita¹
2076 904 2114 941 in

411 968 555 1020 quibus
606 968 797 1018 predictis
835 968 975 1006 «Judeis
1015 971 1175 1006 tenetur
1214 968 1415 1006 reddenda
1464 968 1686 1005 secundum
1726 967 1903 1005 valorem
1944 966 2118 1015 predicte

411 1035 513 1070 terre
551 1034 590 1069 et
627 1030 898 1081 quantitatem
937 1030 1208 1079 predictorum
1243 1029 1485 1075 debitorum,
1527 1029 1583 1067 ita
1621 1029 1726 1078 quod
1760 1028 1923 1067 interim
1963 1032 2117 1066 cessent

411 1107 542 1132 usure.
621 1093 738 1131 Teste
776 1096 821 1130 ut
856 1105 987 1141 supra.

1147 1145 1164 1161 0

521 1215 599 1251 Pro
638 1215 795 1252 Roberto
834 1215 877 1249 (Ie
917 1212 1217 1250 Bruma—Rex
1256 1211 1361 1261 cepit
1399 1211 1636 1260 homagium
1691 1210 1855 1249 Roberti
1889 1211 1936 1248 de
1968 1211 2118 1248 Briwes

412 1278 459 1315 de
493 1277 608 1315 terris
647 1279 686 1314 et
725 1275 967 1313 tenementis
1006 1288 1079 1325 que
1120 1277 1230 1312 tenet
1269 1274 1316 1312 de
1355 1274 1576 1312 hereditate
1608 1274 1727 1311 Berte
1766 1274 1846 1311 filie
1885 1276 1923 1311 et
1963 1273 2118 1311 heredis

413 1339 580 1377 Pauline
619 1339 666 1376 de
705 1338 895 1388 Teyden',
935 1336 1070 1374 uxoris
1109 1336 1279 1386 predicti
1318 1336 1497 1381 Roberti,
1539 1336 1585 1373 de
1626 1336 1777 1373 honore
1821 1336 1868 1373 de
1915 1336 2117 1384 Raelegh’,

412 1401 527 1451 cujus
566 1400 792 1440 custodiam
832 1413 899 1437 rex
937 1399 1100 1437 dederat
1140 1399 1318 1437 Waltero
1356 1399 1403 1436 de
1442 1398 1699 1437 Evermuth'.

521 1533 575 1568 De
613 1531 732 1568 damis
776 1529 1191 1567 ‹latis.—Man(latuin
1240 1532 1299 1566 est
1347 1528 1519 1566 Ricardo
1567 1528 1614 1565 de
1664 1527 1876 1566 Wrotham
1925 1527 2029 1576 quod
2078 1527 2117 1564 in

411 1607 530 1645 parco
568 1594 615 1631 de
654 1593 778 1642 Brug'
832 1590 1000 1630 Walteri
1039 1590 1161 1629 faciat
1200 1590 1345 1629 habere
1384 1590 1550 1639 Hugoni
1591 1590 1638 1628 de
1679 1590 1821 1628 Vivon‘
1863 1593 1941 1627 tres
1980 1589 2119 1627 damos

411 1658 459 1696 de
497 1657 602 1695 dono
639 1655 758 1705 regis.
834 1654 952 1693 Teste
991 1656 1036 1692 ut
1076 1666 1209 1702 supra.

521 1780 596 1815 Pro
652 1779 831 1825 Emeryco
887 1777 929 1812 de
986 1774 1424 1824 sarem—Mandatum
1489 1777 1549 1812 est
1617 1773 1796 1812 Johanni
1852 1774 1900 1811 de
1957 1774 2116 1819 Nevill’,

410 1840 632 1892 justiciario
678 1839 835 1884 foreste,
884 1837 989 1887 quod
1037 1837 1079 1874 in
1128 1836 1278 1874 foresta
1331 1836 1378 1874 de
1431 1835 1600 1874 Penber'
1655 1835 1844 1874 Emerico
1895 1836 1941 1873 de
1996 1835 2118 1886 Sascy

409 1901 688 1941 liberationem
737 1900 856 1939 busce
901 1902 940 1937 et
985 1898 1237 1948 pannagium
1287 1911 1406 1935 suum
1455 1897 1601 1935 habere
1650 1898 1784 1942 faciat,
1834 1897 1937 1936 sicut
1986 1897 2027 1934 in
2073 1910 2118 1935 ea

409 1964 555 2003 habere
592 1962 709 2002 debet
747 1965 785 2000 et
823 1960 969 1999 habere
1007 1959 1215 1998 consuevit
1255 1962 1436 2009 tempore
1468 1958 1625 1997 domini
1659 1959 1695 1997 J.
1731 1958 1835 2008 regis
1866 1962 1905 1996 et
1939 1962 2117 2008 tempore

408 2028 532 2078 hujus
571 2025 687 2075 regis.
764 2024 880 2062 Teste
913 2025 958 2060 ut
998 2035 1131 2071 supra.

520 2124 597 2160 Pro
627 2123 810 2169 Emeryco
840 2121 881 2156 (Ie
911 2117 1349 2167 sascy.—-Mandat11n1
1398 2120 1459 2155 est
1507 2117 1734 2155 vicecomiti
1784 2116 1970 2155 Cantebr’
2009 2116 2113 2166 quod

408 2187 456 2225 de
490 2184 658 2223 dimidia
690 2182 787 2220 hida
833 2184 936 2219 terre
984 2180 1026 2218 in
1074 2178 1370 2229 Bassingburn'
1414 2179 1520 2217 unde
1558 2179 1764 2217 contentio
1802 2179 1881 2216 fuit
1921 2179 1962 2216 in
2004 2178 2116 2216 curia

409 2247 512 2298 regis
545 2246 652 2284 inter
688 2245 934 2294 Emerycun]
975 2242 1023 2280 de
1063 2242 1188 2292 Sascy
1227 2244 1265 2279 et
1306 2241 1339 2278 F
1343 2241 1528 2279 ulconem
1566 2241 1613 2278 de
1652 2241 1941 2290 Muntgumery
1972 2243 2011 2278 et
2040 2253 2115 2289 que

409 2310 572 2348 tandem
611 2306 818 2356 assignata
856 2307 916 2342 est
955 2304 1069 2342 feodo
1117 2304 1164 2341 de
1213 2303 1398 2341 Mordon’
1440 2303 1547 2351 quod
1588 2302 1665 2339 fuit
1704 2302 1901 2339 Willelmi
1940 2302 1987 2339 de
2026 2302 2113 2340 Ken

409 2376 448 2411 et
477 2384 599 2422 quam
641 2382 710 2419 per
756 2369 990 2417 preceptum
1039 2365 1143 2414 regis
1186 2365 1292 2414 cepit
1340 2365 1381 2401 in
1432 2377 1600 2402 manuni
1642 2363 1744 2413 regis
1783 2364 1993 2413 permittat
2025 2377 2109 2413 pre-

408 2435 565 2473 dictum
614 2432 860 2480 Emerycum
913 2428 1031 2466 blada
1082 2427 1130 2465 de
1180 2427 1255 2465 hoc
1307 2439 1416 2464 anno
1468 2426 1641 2464 instanti
1688 2425 1834 2464 habere
1883 2430 1921 2464 et
1961 2429 2111 2464 terram

408 2497 537 2547 ipsam
574 2495 616 2532 in
651 2505 776 2531 manu
821 2490 923 2540 regis
971 2490 1081 2528 salvo
1118 2489 1242 2527 faciat
1279 2488 1487 2534 custodiri,
1524 2489 1650 2527 donec
1689 2501 1756 2526 rex
1795 2488 1830 2526 ei
1871 2488 1981 2526 aliud
2021 2488 2112 2526 inde

408 2557 643 2610 preceperit.
719 2555 836 2592 Teste
875 2555 920 2590 ut
958 2565 1089 2601 supra.

517 2683 594 2720 Pro
633 2682 771 2717 decano
809 2685 842 2715 et
877 2677 1044 2725 capitulo
1086 2675 1765 2714 Sarrisburiensib1‹s.-Mandatum
1806 2678 1865 2713 est
1898 2673 2109 2713 constabu-

406 2746 506 2785 lario
540 2742 772 2782 Divisarum
799 2740 905 2789 quod
934 2737 1081 2776 habere
1111 2738 1233 2776 faciat
1262 2738 1413 2776 decano
1445 2741 1484 2775 et
1515 2737 1692 2786 capitulo
1725 2736 2114 2775 Sarrisburiensibus

406 2806 551 2858 viginti
597 2805 723 2843 bonas
771 2815 940 2851 quercus
986 2800 1027 2838 in
1077 2801 1225 2838 foresta
1272 2800 1319 2838 de
1369 2799 1553 2848 Chipeh',
1588 2800 1759 2848 sparsim
1808 2812 1876 2848 per
1923 2799 2020 2842 loca,
2061 2799 2109 2836 ad

407 2870 525 2909 stalla
577 2880 649 2905 sua
697 2864 881 2903 facienda
932 2863 972 2900 in
1028 2862 1195 2900 ecclesia
1260 2862 1366 2901 Sarr⁷
1418 2862 1466 2899 de
1519 2862 1624 2899 dono
1681 2861 1797 2910 regis.
1893 2861 2009 2898 Teste
2066 2864 2110 2898 ut

407 2945 538 2982 supra..

518 3073 609 3109 Res.
690 3070 740 3106 De
791 3067 983 3104 maeremio
1034 3068 1082 3102 ad
1130 3067 1361 3114 operationes
1409 3066 1511 3113 apud
1562 3063 2107 3102 Clarendon'.—Mandatun]

409 3137 470 3174 est
509 3131 688 3172 Henrico
719 3130 766 3168 de
797 3129 906 3174 Dun,
938 3128 1094 3166 custodi
1129 3128 1343 3165 domorum
1376 3127 1423 3164 de
1468 3126 1724 3171 Clarendon’,
1765 3126 1870 3175 quod
1910 3125 1950 3162 in
1990 3124 2109 3162 bosco

409 3196 512 3246 regis
549 3195 596 3232 de
634 3192 774 3231 Milcet
812 3193 850 3228 et
889 3189 985 3228 alibi
1023 3190 1065 3226 in
1114 3189 1264 3227 balliva
1311 3202 1383 3227 sua
1421 3188 1544 3227 faciat
1583 3187 1730 3226 habere
1772 3188 1967 3235 Magistro
2006 3187 2109 3236 Elye

408 3261 456 3298 de
494 3257 618 3296 Derh'
651 3253 917 3293 maeremium
953 3252 1003 3290 ad
1036 3252 1287 3300 operationes
1322 3251 1424 3300 regis
1458 3251 1563 3299 apud
1600 3250 1838 3288 Clarendon’
1872 3252 1910 3286 et
1944 3248 2109 3286 buscam

409 3322 459 3360 ad
505 3318 708 3370 quendam
757 3327 901 3364 rogum
950 3313 1180 3352 faciendum
1228 3313 1278 3351 ad
1325 3313 1484 3351 easdem
1534 3311 1800 3361 operationes,
1851 3311 1954 3349 sicut
2003 3310 2110 3348 idem

410 3382 604 3433 magister
642 3379 676 3418 ei
714 3378 819 3416 dicet
858 3389 904 3414 ex
943 3379 1056 3425 parte
1096 3375 1213 3424 regis.
1293 3375 1409 3413 Teste
1446 3378 1490 3412 ut
1531 3387 1663 3422 supra.
