2375 3587
175 312 320 360 1236.

156 377 220 419 [m.
244 379 338 419 iat]

150 1601 208 1639 [m.
223 1601 286 1632 1211
292 1602 313 1640 .]

1052 198 1107 236 20
1149 197 1355 238 HENRY
1397 200 1477 240 ΠΙ.
2032 206 2113 245 355

411 390 549 428 eodem
588 395 819 432 tenemento
858 394 1006 433 iterum
1047 396 1179 446 ipsum
1236 397 1465 436 disseisivit.
1541 399 1596 437 Et
1634 399 1721 438 ideo
1760 399 1871 439 vobis
1910 401 2113 440 mittimus

411 451 484 490 sub
541 453 673 502 sigillo
730 458 868 493 nostro
925 458 1258 496 constitutionem
1322 472 1449 508 nuper
1506 459 1653 498 factam
1711 474 1844 500 coram
1901 462 2017 501 nobis
2074 467 2113 502 et

410 514 668 563 magnatibus
707 517 856 555 nostris
895 517 1039 567 Anglie
1096 520 1143 558 de
1199 521 1376 569 predicto
1433 534 1541 567 casu,
1599 525 1639 560 et
1678 523 1865 561 similiter
1921 525 1967 562 de
2023 525 2113 563 aliis

409 576 590 615 articulis
611 578 660 615 ad
680 579 1005 618 emendationem
1035 582 1146 630 regni
1177 582 1324 627 nostri;
1358 584 1600 622 mandantes
1630 585 1821 634 quatinus
1860 587 1906 624 de
1946 588 2112 625 consilio

408 638 648 678 venerabilis
687 641 812 690 patris
845 642 890 681 L.
923 642 1184 682 Dublinensis
1223 645 1513 695 archiepiscopi
1554 647 1887 685 constitutionem
1926 649 2037 687 illam
2067 650 2108 687 in

407 700 517 738 curia
555 706 693 740 nostra
732 702 925 741 Hibernie
965 705 1041 754 legi
1071 710 1108 744 et
1138 706 1317 744 decetero
1347 707 1518 745 firmiter
1559 707 1762 747 observari
1801 710 1972 749 faciatis.
2056 711 2111 750 Et

407 764 628 802 secundum
681 766 849 803 eandem
907 767 1084 815 predicto
1140 769 1401 819 conquerenti
1459 770 1620 819 plenam
1679 771 1879 822 justitiam
1932 773 2109 812 exhiberi

405 824 576 864 faciatis.
655 826 771 866 Teste
810 841 899 877 rege
939 835 983 866 ut
1022 842 1154 879 supra.

513 904 823 944 Memorandum
862 907 967 956 quod
1006 907 1047 945 in
1086 908 1263 947 adventu
1307 909 1409 957 regis
1468 909 1721 949 Wintoniam
1777 911 1990 950 dicendum
2049 918 2108 952 est

402 967 629 1005 vicecomiti
671 967 789 1007 Suht’
829 970 934 1018 quod
973 970 1079 1008 ultra
1116 971 1242 1009 altare
1284 971 1424 1010 Sancti
1465 972 1618 1011 Thome
1657 973 1838 1012 Mai-tiris
1876 974 1916 1012 in
1957 976 2109 1024 capella

404 1028 507 1078 regis
549 1029 689 1068 Sancti
729 1030 883 1069 Thome
921 1032 1027 1081 apud
1066 1032 1321 1071 Wintoniam
1352 1033 1437 1071 fieri
1474 1034 1597 1073 faciat
1628 1034 1849 1084 imaginem
1885 1037 2107 1087 majestatis

403 1090 581 1129 Domini.

515 1181 719 1217 ('‹)›·nnb1'a.
779 1181 1378 1221 PeramJ,11lat270.—Mandamm
1418 1186 1477 1221 est
1508 1183 1733 1222 vicecomiti
1766 1185 1966 1224 Cornubie
2004 1190 2107 1238 quod

403 1240 622 1290 assumptis
671 1254 805 1280 secum
856 1242 924 1292 xij.
961 1242 1156 1292 legalibus
1197 1247 1235 1282 et
1274 1244 1456 1282 discretis
1495 1245 1694 1283 militibus
1715 1247 1762 1284 de
1801 1248 1996 1287 comitatu
2036 1264 2107 1289 suo

402 1302 442 1340 in
492 1302 651 1352 propria
698 1316 867 1353 persona
915 1318 986 1343 sua
1033 1305 1194 1344 accedat
1241 1306 1290 1344 ad
1340 1309 1488 1344 terram
1528 1307 1671 1356 prioris
1710 1308 1757 1345 de
1797 1309 2024 1349 Lazaveton
2064 1313 2104 1350 in

402 1364 575 1415 Treynh’
616 1369 654 1404 et
694 1368 842 1404 terram
882 1366 1046 1405 Roberti
1085 1368 1284 1417 Pudding⁷
1325 1368 1367 1405 in
1407 1368 1662 1419 Treneggles.
1759 1371 1814 1409 Et
1862 1384 1930 1421 per
1977 1386 2103 1412 sacra-

399 1430 583 1466 mentum
623 1430 697 1468 etc.
774 1429 830 1467 Et
868 1428 1258 1478 perambulationem
1297 1431 1410 1469 illam
1448 1434 1522 1472 etc,
1573 1432 1671 1470 scire
1720 1432 1841 1471 faciat
1870 1434 2104 1484 justiciariis

398 1490 447 1528 ad
486 1490 659 1540 primam
691 1491 859 1530 assisam
890 1496 964 1531 etc.
1042 1494 1158 1531 Teste
1188 1506 1277 1543 rege
1308 1494 1412 1543 apud
1444 1494 1720 1544 Wyntoniam‚
1754 1496 1865 1547 xviij.
1898 1497 1960 1536 die
1991 1499 2101 1539 Maii.

507 1596 630 1633 Dors'.
680 1598 735 1633 De
760 1598 1205 1644 pera›nbulati‹›ne.›—-R.
1227 1597 1455 1636 vicecomiti
1477 1598 1592 1636 Dors’
1617 1600 1803 1638 salutem.
1853 1602 2102 1651 Precipimus

396 1656 468 1697 tibi
521 1658 624 1707 quod
682 1659 905 1707 assumptis
965 1663 1096 1696 tecum
1155 1659 1224 1709 xij.
1287 1660 1334 1696 de
1391 1659 1650 1708 legalioribus
1706 1665 1744 1699 et
1800 1663 2101 1702 discretioribus

394 1719 594 1758 militibus
633 1721 680 1758 de
719 1721 916 1759 comitatu
956 1724 1026 1759 tuo
1064 1721 1105 1758 in
1146 1721 1307 1771 propria
1346 1734 1516 1770 persona
1555 1727 1625 1761 tua
1663 1724 1826 1762 accedas
1866 1726 1915 1763 ad
1954 1729 2100 1764 terram

394 1782 595 1820 Johannis
635 1783 886 1822 Mautravers
924 1784 966 1821 in
998 1783 1265 1822 Wullecumb'
1297 1787 1336 1822 et
1367 1787 1515 1822 terram
1547 1785 1824 1825 Bartholomei
1854 1788 1900 1825 de
1932 1787 2098 1827 Turber-

391 1845 475 1882 vill’
498 1845 539 1882 in
561 1845 774 1891 Mellebir'‚
797 1849 836 1884 et
856 1859 925 1895 per
945 1858 1084 1884 eorum
1115 1849 1411 1884 sacramentum
1442 1846 1526 1884 fieri
1558 1847 1681 1885 facias
1711 1849 2099 1897 perambulationem

391 1907 497 1946 inter
536 1910 661 1946 terras
700 1909 913 1957 predictas,
954 1908 1012 1947 ita
1049 1909 1154 1958 quod
1184 1907 1481 1957 perambulatio
1511 1909 1581 1947 illa
1611 1909 1682 1948 fiat
1713 1924 1782 1960 per
1811 1914 1941 1950 certas
1971 1916 2099 1951 metas

392 1973 430 2008 et
459 1970 619 2017 divisas,
650 1971 744 2021 quia
774 1974 858 2010 tam
898 1971 1100 2020 predictus
1138 1971 1347 2009 -Johannes
1387 1983 1508 2020 quam
1548 1972 1752 2021 predictus
1786 1973 2098 2013 Bartholomeus

392 2033 526 2083 posuit
575 2045 615 2070 se
663 2045 798 2071 coram
849 2032 964 2070 nobis
1017 2032 1058 2069 in
1100 2031 1443 2081 perambulatione
1482 2032 1563 2071 illa.
1639 2033 1694 2071 Et
1734 2034 1901 2072 eandem
1941 2048 2095 2084 peram-

389 2094 637 2133 bulationem
692 2094 883 2133 distincte
928 2097 966 2132 et
1015 2098 1149 2143 aperte
1202 2093 1243 2131 in
1294 2093 1443 2143 scripto
1500 2094 1702 2132 redactam
1758 2095 1906 2134 habeas
1963 2110 2095 2135 coram

389 2157 625 2209 justiciariis
666 2157 815 2196 nostris
855 2157 904 2195 ad
944 2157 1118 2206 primam
1159 2156 1342 2202 assisam,
1384 2169 1475 2194 cum
1515 2156 1557 2194 in
1597 2160 1729 2205 partes
1769 2158 1859 2195 illas
1898 2160 2094 2206 venerint,

390 2220 464 2258 sub
503 2220 637 2270 sigillo
672 2222 754 2266 tuo,
796 2222 834 2257 et
874 2232 943 2268 per
981 2219 1054 2269 iiij.
1096 2218 1244 2267 legales
1275 2218 1426 2257 milites
1456 2231 1503 2256 ex
1534 2218 1616 2256 illis
1658 2219 1725 2268 qui
1756 2220 2095 2268 pei-ambulationi

389 2282 447 2319 illi
501 2282 760 2321 interfuerint
812 2294 880 2331 per
929 2294 1028 2331 quas
1081 2284 1210 2318 metas
1263 2283 1302 2318 et
1355 2280 1505 2318 divisas
1545 2280 1841 2329 perambulatio
1880 2282 1950 2320 illa
1989 2285 2093 2322 facta

389 2345 523 2382 fuerit.
583 2345 638 2383 Et
667 2343 815 2382 habeas
844 2343 898 2381 ibi
929 2347 1002 2381 etc.
1062 2343 1178 2380 Teste
1208 2355 1298 2391 rege
1328 2342 1434 2391 apud
1464 2342 1741 2392 Wyntoniam,
1774 2344 1854 2382 xix.
1888 2345 1950 2382 die
1981 2345 2092 2383 Maii.

497 2432 582 2470 Rex
622 2431 768 2470 ballivo
807 2443 878 2469 suo
917 2431 964 2468 de
1003 2430 1139 2468 Geres'
1181 2429 1367 2467 salutem.
1444 2429 1690 2468 Monstravit
1729 2430 1845 2469 nobis
1886 2432 2094 2471 Galfridus

388 2496 423 2534 le
471 2495 604 2533 Buver
651 2494 771 2544 quod,
822 2506 914 2531 cum
963 2492 1162 2531 Robertus
1210 2492 1404 2541 Fronlyn,
1451 2495 1629 2540 tempore
1676 2506 1755 2541 quo
1792 2493 2006 2543 Philippus
2045 2496 2091 2533 de

387 2557 598 2596 Albiniaco
644 2555 786 2594 habuit
835 2555 1060 2594 custodiam
1109 2554 1336 2592 insularum
1384 2557 1629 2599 nostrarum,
1673 2553 1896 2605 abjurasset
1943 2560 2088 2594 terram

386 2623 582 2667 nostram,
633 2619 738 2657 idem
788 2617 996 2657 Galfridus
1043 2617 1127 2668 jam
1174 2616 1404 2666 quindecim
1453 2616 1572 2654 annis
1620 2616 1765 2666 elapsis
1804 2621 1893 2666 post
1931 2618 2088 2669 abjura-

386 2684 539 2722 tionem
592 2682 718 2732 ipsius
768 2680 933 2719 Roberti
991 2679 1089 2718 emit
1137 2680 1184 2717 de
1232 2679 1371 2717 eodem
1420 2678 1568 2717 ballivo
1615 2682 1762 2718 terram
1811 2693 1933 2730 quam
1983 2682 2089 2720 idem

385 2745 584 2785 Robertus
641 2744 773 2783 tenuit
811 2743 858 2781 de
895 2741 1010 2780 nobis
1049 2742 1090 2779 in
1138 2741 1328 2791 parochia
1373 2741 1512 2780 Sancti
1568 2742 1784 2780 Laurencii
1832 2746 1870 2780 et
1918 2745 2089 2781 accrevit

384 2809 588 2848 redditum
627 2807 809 2858 ejusdem
848 2809 964 2844 terre.
1041 2804 1144 2851 Quia
1182 2817 1274 2842 vero
1313 2803 1420 2842 idem
1461 2803 1660 2843 Robertus
1696 2807 1836 2853 postea
1875 2806 2008 2854 posuit
2047 2819 2087 2843 se

384 2884 503 2921 super
565 2869 811 2908 veredictum
874 2867 1002 2917 xxiiij.
1061 2866 1278 2916 proborum
1337 2869 1375 2904 et
1432 2866 1622 2915 legalium
1688 2866 1903 2904 hominum
1963 2867 2082 2905 trium

382 2934 608 2972 vicinarum
657 2931 891 2969 villatarum
944 2929 994 2966 ad
1053 2928 1311 2978 purgandum
1363 2940 1402 2966 se
1456 2928 1503 2966 de
1553 2928 1721 2967 crimine
1773 2928 1847 2966 sibi
1897 2928 2087 2977 imposito

383 2998 545 3046 propter
576 2994 683 3044 quod
721 2996 868 3031 terrani
908 2995 1091 3030 nostram
1126 2990 1340 3041 abjuravit,
1371 2991 1439 3039 qui
1468 2990 1630 3039 quidem
1670 2991 1869 3029 Robertus
1900 2992 2084 3040 purgavit

383 3071 423 3096 se
463 3057 510 3095 de
548 3055 718 3095 crimine
765 3054 836 3092 illo
883 3066 951 3102 per
998 3053 1246 3091 veredictum
1294 3052 1457 3090 illorum
1501 3053 1646 3103 xxiiij„
1689 3056 1734 3090 ut
1777 3053 1937 3098 dicitur,
1979 3053 2083 3091 unde

382 3120 488 3158 idem
520 3117 727 3156 Galfridus
758 3115 965 3154 occasione
995 3115 1104 3152 illius
1143 3113 1395 3163 purgationis
1435 3113 1576 3152 timeat
1615 3113 1690 3152 sibi
1730 3114 1836 3163 quod
1875 3114 2083 3152 occasione

381 3181 558 3231 predicta
596 3180 644 3217 de
682 3178 859 3228 predicta
897 3180 1002 3215 terra
1040 3176 1139 3214 velis
1169 3176 1301 3225 ipsum
1331 3175 1556 3221 disseisire3
1598 3175 1672 3213 tibi
1701 3175 1945 3224 precipimus
1975 3177 2082 3225 quod

380 3245 513 3294 ipsum
555 3240 784 3280 Galfridum
825 3242 986 3289 propter
1023 3238 1098 3276 hoc
1136 3238 1183 3276 de
1222 3241 1328 3276 terra
1366 3238 1437 3274 illa
1476 3250 1557 3275 non
1596 3237 1798 3275 disseisias
1836 3240 1895 3275 set
1934 3239 2081 3275 terrani

381 3307 494 3346 illam
551 3317 644 3343 eum
690 3303 732 3341 in
784 3314 879 3352 pace
932 3304 1066 3339 tenere
1121 3300 1347 3349 permittas,
1387 3300 1514 3337 donec
1559 3299 1669 3337 aliud
1718 3299 1811 3336 inde
1861 3298 1935 3336 tibi
1994 3312 2078 3347 pre-

380 3368 619 3420 ceperimus.
696 3365 814 3403 Teste
854 3376 943 3413 rege
982 3362 1089 3412 apud
1128 3361 1356 3407 Mei-ewell’,
1397 3360 1508 3411 xviij.
1549 3360 1611 3397 die
1651 3360 1762 3398 Maii.
