2375 3587
186 335 322 380 1236.

172 402 228 440 [m.
246 400 343 440 eoa]

1057 209 1108 248 21
1155 208 1360 248 HENRY
1404 209 1487 249 III.
2044 210 2125 248 513

420 401 597 440 facerent
647 407 737 451 post
782 403 1097 453 prohibitionem
1147 407 1341 444 nostram.
1392 405 1486 442 vina
1535 405 1623 453 ipsa
1672 405 1760 453 capi
1814 405 2036 442 faceremus
2086 403 2126 440 in

419 475 587 501 manum
645 468 826 503 nostram
885 469 1094 515 tamquam
1152 480 1198 504 ea
1254 479 1331 515 que
1398 466 1513 504 nobis
1581 466 1839 504 incurrerunt
1895 479 1964 515 per
2029 465 2127 502 false

418 537 605 563 mensure
653 527 1029 576 transgressionem.
1106 528 1161 566 Et
1210 541 1258 565 116
1306 527 1509 576 aliquibus
1548 528 1649 565 verti
1698 532 1831 576 posset
1877 528 1918 565 in
1958 527 2126 565 dubium

417 586 514 635 quin
553 587 657 625 hanc
696 588 1012 637 prohibitionem
1062 590 1239 628 feceritis
1278 590 1326 627 de
1375 589 1615 627 auctoritate
1654 594 1691 626 et
1741 589 1933 627 mandato
1973 591 2124 633 nostro,

418 648 530 686 vobis
576 650 780 688 mittimus
828 651 922 689 inde
970 652 1127 690 litteras
1175 655 1335 690 nostras
1383 655 1581 700 patentes,
1624 651 1795 689 directas
1843 650 2031 689 omnibus
2079 650 2126 688 de

419 711 633 750 VVasconia
698 716 781 751 tam
861 714 1152 752 mercatoribus
1225 727 1347 763 quam
1415 714 1517 759 aliis,
1581 713 1731 752 dictam
1810 713 2125 762 prohibitionem

417 773 686 819 continentes,
726 788 826 824 quas
865 776 905 813 in
955 776 1128 825 singulis
1176 775 1409 814 civitatibus
1458 779 1497 813 et
1545 775 1682 824 burgis
1736 776 1913 824 partium
1961 775 2124 813 illarum

418 836 480 885 egi
520 836 688 874 faciatis.
753 837 871 876 Teste
910 851 999 887 rege
1038 838 1145 887 apud
1186 837 1434 883 Wodestok'‚
1476 837 1617 887 xxviij.
1657 837 1720 875 die
1761 836 2013 875 Novembris.

530 994 857 1032 patentem—Rex
891 994 1080 1032 omnibus
1120 998 1203 1032 tam
1243 993 1533 1032 mercatoribus
1571 1006 1693 1043 quam
1732 993 1821 1031 aliis
1859 993 1906 1031 de
1944 993 2126 1042 partibus

419 1054 642 1101 Wasconie,
684 1056 869 1094 salutem.
947 1056 1050 1103 Quia
1097 1056 1205 1094 dolia
1244 1056 1448 1094 venientia
1489 1056 1530 1093 in
1573 1055 1764 1104 Angliam
1804 1068 1896 1094 cum
1935 1055 2040 1093 vinis
2079 1055 2125 1093 de

416 1117 597 1166 partibus
653 1119 796 1156 vestris
849 1132 920 1157 nec
979 1122 1074 1156 sunt
1131 1119 1311 1169 ejusdem
1370 1118 1495 1156 modii
1562 1131 1635 1156 nec
1693 1120 1856 1156 tantum
1913 1118 2125 1156 continent

415 1183 615 1228 quantum
667 1181 774 1218 dolia
823 1181 1001 1230 partium
1056 1181 1219 1219 illarum
1271 1181 1478 1219 continere
1526 1182 1825 1219 consueverunt
1879 1179 2125 1229 temporibus

417 1242 469 1279 H.
521 1243 637 1291 regis,
676 1243 740 1281 avi
793 1243 934 1288 nostri,
992 1244 1038 1281 R.
1092 1244 1208 1292 regis,
1262 1243 1452 1281 avunculi
1519 1242 1660 1284 nostri,
1712 1242 1865 1280 domini
1917 1242 1954 1279 J.
2007 1242 2123 1290 regis,

416 1305 542 1353 patris
595 1305 735 1351 nostri,
776 1306 838 1344 vel
878 1305 999 1343 etiam
1047 1309 1227 1355 tempore
1280 1309 1441 1349 nostro;
1502 1304 1613 1342 vobis
1665 1304 1905 1342 mandamus
1956 1304 2126 1342 firmiter

416 1367 674 1416 prohibentes
713 1382 762 1406 116
800 1368 889 1417 (11116
928 1372 1107 1406 vestrum
1137 1369 1245 1406 dolia
1284 1368 1366 1405 vini
1405 1381 1481 1417 que
1512 1381 1592 1405 non
1632 1370 1729 1405 sunt
1767 1367 1815 1404 de
1844 1370 1952 1405 recto
1991 1367 2124 1405 modio

414 1433 453 1467 et
505 1433 666 1468 tantum
720 1431 958 1469 contineant
1009 1434 1209 1480 quantum
1267 1431 1374 1468 dolia
1430 1431 1637 1468 continere
1696 1428 1879 1467 solebant
1936 1429 2125 1478 predictis

416 1492 662 1541 temporibus
719 1496 809 1542 post
859 1493 965 1531 hanc
1023 1493 1337 1542 prohibitionem
1397 1496 1579 1531 nostram
1640 1492 1681 1529 in
1741 1495 1889 1529 terram
1941 1495 2123 1529 nostram

415 1554 560 1602 Anglie
612 1555 772 1592 mittere
824 1558 1054 1604 presumat;
1105 1555 1245 1592 scituri
1286 1567 1357 1603 pro
1409 1558 1517 1592 certo
1564 1554 1669 1603 quod
1723 1553 1755 1591 si
1808 1553 1898 1602 quis
1937 1553 2122 1591 convinci

415 1615 542 1664 possit
579 1617 684 1665 quod
724 1621 862 1655 contra
900 1616 1216 1666 prohibitionem
1257 1620 1438 1654 nostram
1479 1616 1559 1654 alia
1598 1616 1705 1653 dolia
1744 1615 1828 1653 vini
1868 1615 2024 1653 miserit
2063 1615 2124 1653 vel

414 1678 547 1717 venire
595 1679 731 1717 fecerit
779 1680 821 1717 in
868 1680 1018 1718 dictam
1068 1682 1216 1718 terram
1274 1682 1455 1718 nostram
1503 1692 1625 1729 quam
1674 1691 1749 1727 que
1797 1678 1880 1716 sint
1928 1678 1975 1715 de
2016 1682 2124 1717 recto

415 1741 562 1787 modio,
599 1741 702 1780 sicut
741 1743 965 1791 predictum
1005 1746 1077 1788 est,
1118 1743 1255 1780 onmia
1294 1742 1389 1780 Vina
1420 1755 1492 1780 sua
1530 1741 1618 1791 capi
1648 1741 1843 1779 faciemus
1873 1741 1914 1778 in
1953 1754 2122 1778 manum

414 1807 596 1841 nostram
644 1808 853 1854 tamquam
891 1818 937 1842 ea
974 1818 1049 1854 que
1089 1804 1203 1843 nobis
1238 1805 1489 1843 incurrirunt
1525 1817 1594 1853 per
1628 1803 1990 1852 transgressionem
2026 1803 2124 1841 false

415 1879 616 1906 mensure.
691 1867 739 1904 In
778 1867 893 1917 cujus
932 1869 1006 1905 etc.

522 1971 597 2009 Isti
636 1975 731 2009 sunt
770 1971 965 2020 assignati
1005 1972 1053 2009 ad
1091 1984 1231 2020 pacem
1271 1971 1512 2009 servandam
1548 1971 1653 2008 inter
1687 1969 1994 2007 universitatem
2029 1969 2123 2007 cleri

414 2037 453 2071 et
516 2046 778 2072 communam
846 2034 983 2072 villam
1066 2034 1447 2084 Oxonie:-—major‚
1507 2034 1586 2071 duo
1644 2032 1850 2082 prepositi,
1910 2031 2125 2081 Philippus

415 2096 748 2142 Molendinarius,
816 2097 1019 2134 Henricus
1084 2096 1194 2133 filius
1263 2096 1467 2146 Symonis‚
1537 2095 1747 2134 Galfridus
1803 2095 1851 2132 (16
1910 2094 2123 2139 Stocwell'‚

414 2158 609 2196 Ricardus
657 2158 839 2208 Curteys,
888 2159 1130 2204 Pentecost’,
1184 2158 1361 2196 Thomas
1425 2158 1535 2195 filius
1600 2157 1781 2202 Walteri,
1836 2156 1963 2194 Adam
2017 2155 2125 2194 filius

415 2220 594 2265 Walteri,
635 2220 764 2258 Adam
805 2220 1008 2270 Feteplaz,
1049 2220 1264 2269 Philippus
1304 2220 1501 2270 Burgeys,
1543 2219 1794 2257 Laurencius
1842 2218 1956 2268 Gwy,
2006 2217 2123 2263 Mac’,

415 2282 644 2320 Willelmus
699 2282 856 2327 Sauser,
909 2283 1124 2331 Philippus
1177 2282 1302 2332 Pady,
1358 2281 1572 2320 Johannes
1627 2280 1741 2327 Pille,
1782 2279 1981 2318 Robertus
2021 2279 2124 2317 Mer-

412 2345 608 2389 cenarius‚
659 2344 788 2382 Adam
836 2344 982 2394 Dylby,
1032 2345 1228 2382 Ricardus
1276 2344 1385 2382 filius
1433 2342 1613 2388 Henrici,
1669 2343 1848 2381 Thomas
1900 2342 1936 2379 16
1988 2341 2122 2387 Verer,

413 2407 661 2445 Laurencius
718 2407 832 2456 Log’,
883 2407 1082 2445 Robertus
1133 2407 1298 2452 Tasslur,
1353 2406 1582 2445 Willelmus
1632 2406 1678 2443 de
1724 2405 1948 2450 wintonia,
2003 2404 2125 2453 Hugo

415 2469 613 2519 Hardfflg,
637 2469 759 2518 Hugo
799 2469 1056 2518 Kepeharm'.

522 2574 607 2612 Rex
651 2574 818 2622 Hugoni
856 2574 903 2611 de
939 2572 1187 2617 Trublevill'‚
1220 2572 1439 2611 senescallo
1474 2572 1699 2617 Wasconie,
1732 2571 1918 2609 salutem.
1978 2571 2124 2611 Sciatis

412 2637 518 2688 quod
556 2636 707 2674 habitis
755 2636 859 2674 inter
907 2649 980 2674 nos
1028 2639 1065 2674 et
1114 2635 1365 2673 comitissam
1415 2635 1605 2672 Flandrie
1652 2633 1836 2683 pluribus
1885 2633 2123 2672 tractatibus

413 2712 481 2749 per
532 2698 791 2737 transmissos
843 2699 893 2736 ad
946 2711 1018 2736 nos
1072 2697 1240 2736 nuntios
1290 2710 1383 2735 suos
1433 2710 1552 2745 super
1601 2697 1782 2734 emendis
1834 2697 2028 2734 faciendis
2078 2696 2124 2733 de

413 2759 802 2810 transgressionibus
849 2764 887 2798 et
935 2759 1101 2798 roberiis
1158 2759 1276 2798 factis
1334 2759 1568 2797 hominibus
1622 2759 1747 2808 ipsius
1799 2759 2003 2797 comitisse
2056 2771 2126 2807 per

413 2837 482 2862 vos
532 2826 570 2861 et
631 2822 732 2861 alios
786 2822 956 2860 ballivos
1009 2826 1168 2860 nostros
1225 2822 1293 2871 qui
1353 2821 1583 2859 habuerunt
1631 2820 1856 2859 custodiam
1905 2821 2026 2858 insul'
2075 2820 2124 2858 de

413 2885 519 2924 vinis
557 2888 596 2923 et
634 2884 725 2923 aliis
763 2884 1027 2923 mercandisis
1066 2884 1162 2929 suis,
1204 2884 1369 2922 tandem
1409 2884 1515 2922 inter
1553 2895 1625 2921 nos
1678 2883 1735 2920 ita
1782 2883 1970 2921 convenit
2018 2882 2122 2931 quod

412 2947 683 2986 concessimus
734 2947 839 2996 quod
888 2946 998 2984 reddi
1051 2946 1248 2984 faciemus
1296 2949 1437 2984 contra
1494 2945 1643 2983 festum
1704 2945 1851 2983 Sancte
1909 2944 2122 2981 Trinitatis

413 3009 550 3047 omnia
598 3009 693 3046 vina
740 3021 816 3058 que
874 3015 1115 3046 mercatores
1172 3008 1299 3056 ipsius
1353 3007 1557 3046 comitisse
1607 3005 1775 3055 probare
1824 3009 2014 3055 poterunt
2071 3005 2121 3042 ad

411 3072 583 3110 eundem
622 3070 838 3108 terminum
882 3083 949 3108 vos
988 3070 1050 3107 vel
1090 3069 1257 3108 ballivos
1296 3073 1450 3108 vestros
1489 3072 1527 3107 et
1567 3069 1787 3107 Ricardum
1825 3069 1872 3106 (16
1912 3068 2021 3117 Gsray
2060 3067 2121 3105 vel

411 3133 579 3171 ballivos
631 3145 724 3170 suos
777 3131 874 3180 ipsis
914 3131 1204 3169 mercatOribus
1243 3131 1458 3170 abstulisse
1506 3131 1591 3169 sine
1641 3130 1851 3180 pacatione
1899 3129 1960 3167 vel
2010 3132 2117 3167 certa

412 3195 580 3233 ratione.
672 3194 728 3231 Et
783 3193 870 3231 ideo
932 3192 1043 3231 vobis
1109 3194 1351 3231 mandamus
1415 3193 1519 3243 quod
1585 3193 1701 3231 nobis
1767 3192 2008 3241 provideatis
2073 3191 2119 3228 de

412 3256 705 3307 acquietatione
777 3256 1048 3305 predictorum
1122 3255 1309 3293 vinorum
1384 3259 1526 3294 contra
1599 3255 1823 3304 predictum
1898 3253 2120 3291 terminum

411 3319 606 3364 facienda,
645 3319 701 3356 ita
738 3318 843 3367 quod
880 3330 960 3355 non
1001 3320 1185 3366 oporteat
1219 3330 1292 3355 nos
1323 3317 1373 3355 ad
1411 3317 1486 3356 11οο
1519 3329 1688 3355 manum
1721 3328 1933 3365 apponere.
2004 3315 2121 3353 Teste

410 3395 500 3432 rege
538 3381 644 3430 apud
684 3379 933 3427 Wudestok',
973 3380 1032 3430 iij.
1067 3380 1130 3418 die
1168 3379 1414 3419 Decembris.

470 3468 578 3502 18690
1958 3465 1978 3497 2
2003 3464 2032 3495 Κ
