2375 3587
196 352 341 401 1236.

191 421 236 460 [m
277 419 346 460 14.]

1082 233 1136 273 20
1178 232 1385 274 HENRY
1425 234 1506 276 III.
2062 245 2144 286 257

947 330 1638 340 *vu-*Q*—

541 430 618 465 Pro
651 436 760 477 ponte
792 431 834 466 de
874 430 1323 469 Stanes.-—Mamlatiiiii
1371 438 1431 470 est
1478 433 1778 473 constabulario
1820 436 1994 475 Windes’
2035 438 2141 486 quod

433 489 577 528 habere
615 491 737 529 faciat
776 491 950 530 Radulfo
989 492 1025 530 le
1064 493 1230 539 Punter,
1272 494 1429 531 custodi
1469 495 1603 543 pontis
1643 497 1690 533 de
1732 497 1890 543 Stanes,
1932 500 2136 548 quandam

433 564 623 602 quercum
663 553 711 590 ad
750 554 1043 603 reparationem
1094 555 1261 604 predicti
1303 555 1437 603 pontis
1488 556 1527 593 in
1579 557 1728 595 foresta
1766 560 1813 596 de
1850 560 2044 606 Windes',
2092 562 2141 600 de

431 616 537 654 dono
572 615 688 664 regis.
766 616 882 655 Teste
921 629 1011 667 rege
1045 618 1150 667 apud
1189 617 1365 656 Windes'
1408 618 1492 669 xiij.
1530 619 1592 657 die
1633 620 1795 670 Aprilis.

540 769 673 806 Roma.
735 770 810 805 Pro
843 770 1021 808 (Iohanne
1056 771 1560 810 Saravenn.—Mandatun1
1594 776 1653 811 est
1684 773 1919 824 justiciariis
1955 777 2140 825 proximo

432 829 683 868 itineraturis
722 830 763 867 in
802 831 999 870 comitatu
1050 832 1210 882 Salopie
1257 833 1362 882 quod
1410 833 1613 883 loquelam
1661 848 1737 884 que
1785 837 2035 876 summonita
2082 842 2142 877 est

431 904 566 930 coram
623 892 680 930 eis
736 905 805 942 per
861 892 977 931 breve
1034 894 1137 944 regis
1195 895 1301 933 inter
1355 895 1555 934 Thomam
1616 896 1773 944 Corbet,
1833 901 2050 948 petentem,
2102 904 2142 939 et

432 953 661 992 Johannem
722 954 981 1001 Saracenum,
1036 960 1255 1002 tenentem,
1310 957 1357 995 de
1417 971 1498 995 una
1547 958 1703 1008 virgata
1756 964 1857 998 terre
1916 964 1955 999 et
2012 962 2141 1002 tribus

432 1016 612 1054 solidatis
652 1016 831 1055 redditus
869 1029 961 1055 cum
1000 1018 1255 1067 pertinentiis
1295 1019 1335 1056 in
1377 1019 1534 1058 Benetl’
1570 1021 1738 1060 audiant
1777 1026 1816 1060 et
1855 1023 1904 1060 ad
1942 1023 2139 1073 judicium

431 1078 714 1127 proferendum
755 1091 835 1117 non
875 1080 1093 1128 procedant
1132 1081 1255 1119 donec
1294 1081 1341 1119 de
1380 1094 1566 1130 processu
1609 1083 1732 1121 totius
1771 1084 1927 1134 loquele
1966 1086 2142 1135 predicte

431 1140 590 1189 plenius
628 1154 758 1190 regem
797 1142 1112 1190 certioraverint,
1146 1144 1239 1193 quia
1278 1144 1435 1194 loquela
1474 1145 1544 1183 illa
1582 1146 1794 1184 (1011111111111
1834 1160 1968 1196 regem
2010 1150 2140 1198 tangit

431 1203 585 1241 ratione
619 1202 817 1252 prebende
855 1216 977 1253 quam
1019 1205 1224 1254 predictus
1263 1205 1474 1244 -Johannes
1514 1206 1636 1246 habet
1674 1208 1721 1246 de
1760 1209 1980 1248 donatione
2020 1212 2138 1261 regis,

430 1265 545 1315 cujus
578 1265 741 1316 quidem
781 1266 987 1304 occasione
1021 1266 1219 1316 prebende
1258 1267 1364 1305 idem
1404 1268 1614 1307 Joliannes
1653 1270 1700 1308 de
1740 1271 1930 1320 predictis
1967 1275 2071 1310 terra
2102 1276 2140 1311 et

431 1327 589 1366 redditu
624 1328 916 1378 implacitatur.
993 1329 1110 1368 Teste
1151 1332 1195 1368 ut
1234 1343 1366 1379 supra.

539 1484 618 1519 I'ro
657 1486 876 1532 quibusdam
915 1485 1125 1521 haminibus
1163 1487 1345 1522 comitisse
1383 1487 1514 1523 l’enbr'
1552 1489 1698 1524 rettatis
1733 1489 1775 1524 dc
1809 1496 1922 1525 morte
1966 1490 2138 1530 hominis.

437 1545 569 1583 —Rex
614 1545 848 1595 justiciariis
887 1546 970 1583 suis
1008 1546 1296 1585 itinerantibus
1335 1548 1440 1596 apud
1480 1548 1740 1587 Cantuariam
1781 1550 1966 1588 salutem.
2025 1551 2140 1589 Mon-

431 1608 572 1645 stravit
624 1607 740 1646 nobis
781 1608 926 1646 dilecta
973 1621 1085 1646 soror
1125 1612 1264 1647 nostra
1317 1610 1363 1647 A.
1415 1611 1624 1649 comitissa
1681 1611 1825 1650 Penbr’
1880 1613 1999 1662 quod,
2048 1626 2140 1652 cum

431 1670 610 1708 Andreas
644 1670 680 1708 le
715 1670 821 1715 Scot,
858 1670 1053 1708 Osbertus
1086 1671 1260 1709 Gendun
1293 1676 1331 1709 et
1368 1672 1564 1711 Ricardus
1595 1673 1642 1711 de
1676 1673 1914 1721 lVerestam,
1955 1675 2141 1714 homines

431 1732 492 1770 sui
530 1732 578 1770 de
626 1732 899 1782 Kemesinges,
949 1733 1211 1771 accessissent
1254 1734 1302 1772 ad
1347 1747 1513 1783 parcum
1562 1748 1680 1773 suum
1729 1737 1775 1774 de
1821 1737 2052 1787 Kemesing’
2102 1741 2140 1777 et

430 1793 506 1842 ipsi
564 1793 816 1832 invenissent
873 1793 1023 1832 ibidem
1080 1795 1277 1844 quosdam
1336 1796 1616 1835 malefactores
1673 1798 1741 1847 qui
1798 1811 1964 1848 parcum
2022 1799 2140 1838 illum

432 1855 594 1894 fuerunt
642 1856 811 1904 ingressi
860 1856 1022 1894 tandem
1062 1860 1196 1895 ortum
1245 1858 1322 1896 fuit
1371 1859 1477 1896 inter
1524 1859 1712 1897 homines
1760 1860 1886 1909 ipsius
1937 1861 2140 1900 comitisse

432 1921 470 1956 et
509 1918 617 1967 ipsos
655 1918 934 1957 malefactores
982 1922 1184 1957 certamen
1230 1920 1431 1969 quoddam
1480 1921 1521 1958 in
1570 1934 1649 1971 quo
1702 1922 1873 1971 contigit
1924 1936 2050 1961 unum
2093 1937 2140 1961 ex

432 1979 758 2019 malefactoribus
801 1980 882 2018 illis
928 1980 1075 2019 ibidem
1127 1981 1250 2020 fuisse
1302 1982 1576 2027 interfectum,
1619 1984 1665 2022 de
1718 1985 1833 2034 cujus
1883 1988 2011 2023 morte
2064 1985 2140 2035 ipsi

431 2042 624 2088 Andreas,
665 2041 857 2081 Osbertus
887 2046 926 2080 et
965 2042 1160 2081 Ricardus
1190 2044 1327 2082 rettati
1359 2048 1467 2090 sunt,
1500 2049 1545 2083 ut
1575 2045 1736 2084 dicitur.
1815 2046 1870 2084 Et
1910 2047 1998 2085 ideo
2028 2046 2140 2085 vobis

430 2105 668 2142 mandamus
698 2105 803 2154 quod
833 2105 957 2155 hujus
987 2105 1042 2143 rei
1070 2106 1281 2143 veritatem
1309 2106 1523 2156 diligenter
1552 2108 1765 2156 inquiratis
1795 2112 1846 2153 et,
1877 2109 1909 2146 si
1940 2109 2139 2158 predictos

429 2166 644 2212 Andr-eam,
677 2165 892 2205 Osbertum
925 2170 963 2205 et
997 2167 1214 2206 Ricardum
1249 2169 1339 2206 inde
1371 2168 1590 2218 culpabiles
1630 2183 1714 2207 esse
1754 2170 2004 2217 inveneritis,
2041 2171 2139 2209 scire

427 2241 496 2267 vos
544 2229 730 2267 volumus
782 2229 887 2279 quod
940 2229 989 2267 ad
1038 2229 1281 2268 instantiam
1334 2230 1438 2269 dicte
1489 2232 1636 2269 sororis
1679 2235 1815 2270 nostre
1865 2236 2016 2271 sectam
2064 2246 2140 2283 que

427 2292 475 2329 ad
507 2304 579 2329 nos
613 2292 787 2341 pertinet
826 2292 873 2329 de
912 2295 1041 2330 morte
1080 2293 1258 2342 predicta
1292 2293 1348 2331 eis
1383 2294 1696 2343 perdonavimus
1736 2307 1780 2332 eo
1819 2296 1926 2344 quod
1966 2296 2033 2333 ille
2071 2296 2139 2345 qui

426 2354 664 2392 interfectus
713 2354 790 2392 fuit
840 2354 879 2390 in
928 2354 1057 2403 parcis
1106 2355 1343 2393 malefactor
1390 2356 1551 2401 extitit3
1608 2357 1664 2394 ita
1714 2359 1849 2394 tamen
1903 2358 2008 2407 quod
2062 2358 2137 2407 ipsi

427 2420 534 2454 stent
570 2420 689 2461 recto,
731 2417 764 2454 si
798 2417 888 2465 quis
928 2417 1018 2454 inde
1058 2430 1195 2456 versus
1235 2431 1299 2456 eos
1339 2418 1447 2468 loqui
1487 2419 1671 2458 voluerit.
1747 2420 1864 2458 Teste
1904 2434 1993 2469 rege
2032 2421 2138 2471 apud

428 2478 613 2525 Windes',
653 2479 753 2529 xiiij.
794 2479 856 2517 die
896 2479 1058 2528 Aprilis.

534 2633 611 2670 Pro
633 2633 767 2670 Avis-ia
797 2646 864 2681 que
893 2633 968 2674 fuit
999 2647 1094 2671 uxor
1114 2635 1194 2671 Aa&
1224 2635 1300 2677 filii
1330 2636 1511 2672 Il'z‘llelmzss
1541 2637 1583 2672 (Ie
1616 2636 2136 2677 (r'assefeld'.—Mandatum

424 2697 483 2734 est
515 2695 598 2733 Ade
630 2694 713 2733 filio
757 2695 983 2745 [Willelmi]
1027 2696 1132 2745 quod
1164 2696 1211 2734 de
1243 2697 1360 2734 terris
1398 2700 1435 2734 et
1473 2697 1694 2736 redditibus
1734 2711 1834 2747 quos
1865 2698 1994 2736 Adam
2027 2699 2137 2737 filius

427 2756 619 2796 Willelmi
669 2757 716 2794 de
764 2756 940 2794 Gosfeld'
985 2760 1024 2795 et
1070 2757 1208 2796 Avicia
1260 2771 1360 2796 uxor
1413 2759 1499 2808 ejus
1550 2762 1768 2797 tenuerunt
1815 2760 1863 2798 de
1914 2760 2137 2798 hereditate

425 2819 551 2868 ipsius
596 2818 745 2863 Avi-cie,
786 2822 825 2856 et
864 2831 962 2867 quos
1002 2820 1108 2868 cepit
1147 2820 1189 2856 in
1227 2833 1395 2858 manum
1437 2821 1540 2869 regis
1579 2821 1785 2860 occasione
1825 2822 1970 2861 mortis
2010 2823 2136 2871 ipsius

426 2881 522 2926 Ade,
561 2880 689 2919 eidem
728 2880 813 2918 sine
853 2880 1048 2919 dilatione
1088 2881 1249 2931 plenam
1299 2882 1490 2920 seisinam
1540 2882 1685 2922 habere
1720 2884 1855 2922 faciat.
1934 2884 2051 2922 Teste
2090 2887 2134 2922 ut

428 2954 562 2991 supra.

536 3089 627 3124 Iler.
696 3088 753 3124 De
801 3089 932 3124 »nensis
979 3089 1021 3125 in
1068 3090 1157 3125 (mla
1210 3091 1347 3126 Turris
1396 3090 1832 3128 Jmml’ae-Mandatum
1883 3094 1943 3128 est
1989 3091 2041 3128 H.
2087 3091 2134 3128 de

428 3149 692 3193 Patheshuh',
731 3148 980 3187 thesaurario
1014 3150 1167 3187 domini
1208 3151 1323 3200 regis,
1356 3152 1461 3201 quod
1500 3152 1620 3190 faciat
1659 3151 1804 3190 habere
1838 3151 2135 3190 constabulario

427 3211 565 3248 Turris
599 3210 782 3248 London'
812 3210 997 3249 denarios
1031 3212 1079 3249 ad
1113 3211 1272 3250 tabulas
1306 3215 1495 3251 emendas
1528 3214 1575 3251 ad
1611 3227 1772 3251 mensas
1804 3214 1895 3250 inde
1930 3213 2134 3251 faciendas

426 3273 475 3311 ad
504 3285 699 3321 magnum
732 3271 903 3309 deisium
934 3273 1037 3321 regis
1072 3274 1113 3310 in
1150 3287 1299 3323 magna
1334 3276 1426 3313 aula
1456 3275 1604 3313 ibidem
1635 3278 1673 3314 et
1710 3289 1757 3314 ex
1790 3288 1869 3324 quo
1904 3288 1970 3313 rex
2000 3275 2133 3313 scierit

425 3339 624 3384 quantum
673 3334 708 3371 ei
760 3333 809 3371 ad
862 3334 937 3372 hoc
984 3334 1212 3374 liberaverit
1261 3336 1415 3375 litteras
1464 3337 1567 3385 regis
1611 3337 1658 3374 de
1706 3336 1871 3375 liberate
1909 3336 1943 3374 ei
1984 3335 2130 3374 habere

428 3396 560 3434 faciet.
638 3395 755 3434 Teste
795 3407 884 3439 rege
923 3398 966 3433 ut
1007 3409 1140 3445 supra.

478 3482 586 3519 18690
2017 3484 2045 3515 Β,
