2375 3587
252 180 336 222 378

314 300 458 347 1236.

306 368 366 406 [m.
394 365 466 404 sa]

1184 179 1368 222 CLOSE
1412 178 1617 221 ROLLS.

663 373 901 412 Mandatum
934 376 993 412 est
1026 373 1251 412 vicecomiti
1283 372 1553 411 Norhumbrie
1586 372 1691 421 quod
1722 372 1808 410 fieri
1842 372 1965 410 faciat
1998 370 2248 421 perambula-

555 435 707 474 tionem
739 436 843 474 inter
874 439 1020 474 terram
1052 435 1197 485 Rogeri
1231 435 1415 472 Bertram
1446 434 1488 472 in
1520 433 1751 471 Hellesden’
1785 433 2074 483 [Suarrusdelf‘
2106 434 2248 482 erased]

556 500 595 536 et
627 500 774 536 terram
805 499 922 537 Aline
955 498 1002 536 de
1034 498 1145 536 Kauz
1176 497 1216 534 in
1250 497 1479 542 Hmewud',
1510 496 1567 534 ita
1597 496 1701 545 quod
1733 495 2027 545 perambulatio
2057 495 2129 533 fiat
2160 496 2251 540 etc„

555 560 649 608 quia
686 560 852 609 predicti
890 560 1069 609 Rogerus
1107 562 1146 597 et
1185 558 1305 596 Alina
1347 560 1566 608 posuerunt
1609 570 1649 595 se
1693 557 1734 595 in
1779 556 2125 606 perambulatione
2168 555 2250 593 illa.

557 622 673 660 Teste
711 635 800 672 rege
837 622 942 672 apud
981 622 1139 660 Novum
1175 622 1362 659 Castrum
1401 633 1519 670 super
1553 620 1724 670 Tynam,
1760 632 1824 657 xv.
1860 619 1923 656 die
1964 617 2223 668 Septembris.

662 703 717 740 Et
743 701 848 752 quod
879 700 964 739 fieri
994 700 1115 738 faciat
1145 698 1534 749 perambulationem
1564 698 1668 736 inter
1702 701 1851 736 terram
1883 697 2050 736 Jordani
2083 697 2251 747 Heyrun

556 764 597 802 in
628 764 876 802 Haddeston⁷
907 766 946 801 et
978 765 1125 800 terram
1158 761 1345 811 Hugonis
1376 761 1423 799 de
1455 760 1655 799 Morewic'
1689 762 1727 798 et
1760 759 1921 798 Ricardi
1954 759 2180 797 Mautalent
2210 759 2251 796 in

556 826 920 877 Estchyv[i]nton'.

663 932 719 967 De
769 930 1017 977 prohibitione
1074 926 1467 974 ripmiarzmz.—Rex
1518 925 1746 963 vicecomiti
1796 924 2015 974 Wigornie,
2064 923 2251 962 salutem.

556 992 806 1042 Precipimus
838 990 910 1028 tibi
941 989 1046 1038 quod
1078 988 1163 1026 sine
1194 988 1386 1026 dilatione
1417 987 1583 1026 clamari
1617 987 1740 1026 facias
1778 989 1817 1025 et
1855 986 2024 1024 firmiter
2053 984 2254 1035 prohiberi

557 1068 603 1092 ex
652 1058 764 1104 parte
813 1056 951 1091 nostra
1002 1054 1046 1089 ut
1094 1051 1232 1088 nullus
1280 1051 1461 1089 decetero
1511 1052 1574 1087 eat
1622 1049 1671 1086 ad
1719 1049 1957 1087 riveandum
2005 1048 2046 1085 in
2094 1047 2254 1097 ripariis

557 1117 706 1155 nostris
744 1116 784 1153 in
824 1114 960 1153 baillia
999 1116 1081 1159 tua,
1120 1125 1196 1162 que
1235 1112 1275 1149 in
1315 1112 1478 1150 defenso
1518 1111 1682 1149 fuerunt
1730 1113 1908 1160 tempore
1946 1110 1999 1148 H.
2041 1109 2144 1159 regis
2191 1109 2254 1147 avi

557 1179 697 1217 nostri.
770 1177 826 1215 Et
864 1176 962 1215 scire
1002 1175 1124 1214 facias
1162 1174 1351 1213 omnibus
1389 1175 1436 1212 de
1474 1173 1672 1212 comitatu
1712 1175 1782 1211 tuo
1819 1172 1887 1222 qui
1926 1171 1975 1210 ab
2013 1171 2180 1221 antiquo
2216 1174 2255 1209 et

557 1242 603 1279 de
634 1242 720 1291 jure
754 1241 881 1278 facere
917 1237 1064 1276 debent
1098 1240 1240 1287 pontes
1271 1237 1320 1275 ad
1354 1236 1522 1286 riparias
1555 1235 1658 1282 illas,
1690 1235 1797 1285 quod
1830 1234 2067 1284 provideant
2101 1233 2175 1272 sibi
2209 1233 2256 1271 de

557 1302 745 1353 pontibus
784 1301 865 1339 illis
905 1299 1110 1346 faciendis,
1147 1299 1204 1337 ita
1242 1298 1419 1348 prompti
1459 1298 1541 1336 sint
1579 1300 1618 1335 et
1658 1297 1786 1346 parati
1826 1296 1866 1333 in
1905 1296 2081 1334 adventu
2120 1296 2257 1333 nostro

555 1365 715 1415 quando
763 1364 818 1402 eis
866 1362 966 1401 scire
1013 1361 1221 1400 faciemus.
1282 1361 1399 1399 Teste
1440 1373 1529 1409 rege
1567 1360 1672 1408 apud
1712 1360 1872 1398 Novum
1913 1360 2102 1396 Castrum
2139 1369 2257 1406 super

557 1427 728 1477 Tynam,
769 1439 831 1464 xv.
872 1424 934 1462 die
975 1421 1237 1473 Septembris.

663 1514 817 1552 Eodem
865 1512 983 1550 modo
1031 1510 1220 1550 scribitur
1267 1509 1570 1548 vicecomitibus
1619 1509 1785 1553 Oxonie‚
1828 1507 2031 1553 Stafford‘‚
2073 1507 2179 1546 War’
2219 1508 2258 1544 et

557 1579 679 1623 Leic’,
712 1574 972 1623 Kantebrigie
1002 1577 1041 1612 et
1071 1572 1291 1617 Huntind'‚
1319 1572 1462 1617 Rotel’,
1490 1571 1719 1616 Norhamt’,
1753 1570 1879 1616 Surr',
1912 1569 2048 1607 Bedef’
2070 1572 2108 1607 et
2138 1567 2257 1614 Buk’,

558 1640 685 1685 Wilt’,
722 1638 887 1686 Noting'
924 1640 962 1674 et
1002 1634 1159 1680 Dereb',
1196 1634 1397 1680 Suhamt'‚
1438 1634 1594 1680 Grlouc’,
1636 1633 1777 1671 Essex’
1811 1635 1850 1671 et
1887 1631 2089 1676 Hersord',
2123 1629 2256 1676 Berk',

559 1702 690 1746 Dors',
734 1700 927 1739 Sumers’.

668 1787 908 1825 Mandatum
938 1791 997 1823 est
1027 1782 1251 1822 vicecomiti
1284 1780 1553 1820 Norhumbrie
1581 1781 1687 1831 quod
1716 1781 1838 1820 faciat
1867 1779 2258 1830 perambulationem

561 1851 665 1888 inter
704 1851 850 1887 terram
891 1846 1079 1895 Hugonis
1118 1844 1164 1882 de
1204 1844 1379 1882 Morwic'
1420 1843 1461 1881 in
1500 1843 1721 1882 Chivinton
1760 1843 1823 1881 del
1863 1843 1985 1882 West'
2025 1845 2064 1881 et
2111 1845 2258 1881 terram

559 1911 720 1950 Ricardi
759 1908 987 1948 Mautalent
1027 1907 1068 1944 in
1110 1905 1330 1945 Chivinton
1370 1905 1433 1943 del
1474 1906 1564 1952 Est,
1604 1908 1643 1943 et
1686 1904 1831 1944 habeat
1869 1903 2257 1954 perambulationem

557 1974 670 2012 illam
700 1985 833 2012 coram
858 1969 1095 2020 justiciariis
1124 1966 1411 2006 itinerantibus
1441 1967 1482 2005 in
1513 1966 1695 2016 partibus
1724 1967 1819 2006 illis.
1879 1967 1995 2006 Teste
2024 1969 2069 2005 ut
2097 1979 2230 2016 supra.

666 2073 1146 2114 Ji'lmrmwtm.—-Robertus
1176 2072 1222 2110 de
1252 2071 1426 2121 Dayvill’
1447 2071 1668 2110 attornavit
1697 2070 1921 2110 Walter-um
1948 2071 1996 2108 de
2023 2069 2258 2121 Kylleburn'

558 2145 597 2178 et
634 2139 884 2178 Willelmum
924 2137 971 2174 de
1011 2134 1240 2183 Alingeflet’
1279 2134 1366 2172 loco
1413 2146 1485 2172 suo
1523 2136 1663 2172 contra
1700 2133 1930 2172 «Iohannem
1979 2133 2026 2170 de
2065 2132 2183 2182 Halg’
2221 2135 2259 2170 et

559 2201 729 2240 Aliciam
759 2211 923 2238 uxorem
953 2198 1038 2248 ejus
1068 2196 1115 2234 de
1146 2196 1172 2235 i.
1201 2195 1346 2234 bovata
1377 2198 1478 2234 terre
1507 2207 1599 2234 cum
1630 2194 1885 2245 pertinentiis
1914 2195 1955 2232 in
1986 2195 2223 2233 Aunestan’.

666 2304 861 2342 Prior-issa
908 2302 954 2339 de
999 2300 1143 2350 Swyne
1191 2299 1411 2338 attornavit
1459 2299 1623 2337 fratrem
1673 2298 1924 2337 Willelmum
1970 2298 2173 2338 Sacristan
2222 2302 2261 2337 et

562 2367 779 2407 Robertum
814 2366 861 2403 de
898 2364 1081 2403 Stanern'
1116 2366 1255 2401 contra
1289 2361 1506 2400 Ricardum
1546 2362 1592 2399 de
1626 2361 1849 2410 Rugh’ton'
1884 2361 1932 2399 de
1965 2361 1992 2412 j.
2027 2361 2260 2400 molendino

560 2431 600 2468 in
638 2429 873 2478 Rugh’ton’.

666 2514 896 2552 Marmaduc
953 2512 1075 2550 Darol
1141 2511 1363 2550 attornavit
1428 2510 1649 2549 Robertum
1716 2510 1763 2548 dc
1828 2509 2060 2549 Nunnewic’
2120 2512 2259 2549 contra

561 2577 778 2616 Ricardum
813 2575 860 2613 de
890 2575 1013 2624 Percy
1052 2574 1099 2611 de
1133 2572 1272 2611 divisis
1311 2571 1505 2610 faciendis
1539 2572 1646 2609 inter
1685 2575 1832 2609 terram
1865 2570 1991 2620 ipsius
2024 2571 2260 2610 Marmaduc

562 2641 602 2678 in
649 2637 890 2678 Elvetemer’
931 2641 969 2675 et
1008 2640 1155 2674 terram
1197 2634 1362 2684 predicti
1401 2634 1561 2672 Ricardi
1598 2634 1639 2671 in
1680 2633 1881 2683 Topclive.

672 2739 1156 2780 Eboracum.——Henricus
1202 2738 1249 2776 de
1297 2737 1469 2788 Dayvill'
1515 2736 1736 2775 attornavit
1788 2737 2021 2776 Gaudinum
2069 2737 2258 2777 clericum

562 2809 702 2845 contra
740 2805 937 2853 Agnetcm
977 2802 1117 2840 Genne
1155 2801 1203 2838 de
1240 2799 1601 2839 consuetudinibus
1638 2802 1677 2837 et
1716 2799 1891 2838 serviciis
1934 2799 1981 2837 de
2029 2803 2260 2839 tenemento

562 2870 603 2907 in
644 2869 857 2916 Gergrave.

670 2954 856 2993 Ysabella
902 2953 949 2991 de
996 2952 1201 2990 Plumton’
1255 2950 1475 2989 attornavit
1524 2950 1731 2989 Sei-Ionem
1777 2950 1825 2988 de
1872 2950 2077 2989 Plumton¹
2121 2955 2260 2990 contra

564 3018 783 3058 Robertuni
841 3015 887 3053 de
944 3013 1137 3053 Stiveton'
1194 3017 1233 3051 et
1289 3013 1512 3052 Hawisiani
1579 3025 1742 3050 uxorem
1808 3013 1892 3061 ejus
1953 3013 2000 3050 de
2056 3016 2162 3051 terra
2216 3014 2258 3052 in

563 3079 810 3119 Ribbeston’.

671 3167 755 3205 Rex
793 3164 988 3213 magistro
1026 3162 1089 3201 W.
1123 3161 1283 3200 officiali
1321 3162 1365 3200 P.
1401 3161 1693 3210 Wintoniensis
1730 3161 1916 3210 episcopi,
1956 3161 2141 3199 salutem.
2199 3162 2259 3200 Ad

564 3234 742 3271 nostram
790 3225 971 3276 pervenit
1022 3224 1213 3263 noticiam
1262 3224 1379 3274 quod,
1429 3237 1520 3263 cum
1569 3223 1731 3273 quidam
1780 3223 1900 3271 piscis
1950 3223 2082 3273 regius
2134 3236 2261 3274 nuper

562 3292 779 3344 applicaret
817 3288 858 3326 in
898 3290 1002 3325 terra
1041 3286 1184 3335 prioris
1224 3286 1364 3325 Sancti
1398 3285 1602 3325 Swithuni
1643 3284 1849 3324 Wintonie
1888 3287 1927 3323 et
1965 3284 2261 3325 confluentibus

561 3357 657 3397 illuc
696 3357 779 3391 tam
813 3348 986 3389 baillivis
1018 3348 1164 3386 nostris
1195 3361 1316 3397 quam
1351 3347 1524 3386 baillivis
1562 3346 1688 3396 ipsius
1722 3345 1864 3395 prioris
1898 3359 2021 3384 manu
2054 3349 2258 3387 communi
