2375 3587
218 213 301 267 500

274 342 414 390 1237.

291 409 351 448 [111.
365 408 411 447 2.]

1154 211 1339 254 CLOSE
1385 211 1592 253 ROLLS.

628 410 683 445 Di>
721 410 922 446 Fratribus
962 409 1175 445 Minoribus
1219 407 1483 444 Linc'.—Rex
1522 409 1678 455 gratam
1715 406 1867 444 habens
1906 406 2222 454 assignationem

518 470 643 518 placie
682 471 728 508 de
767 471 805 508 la
845 470 1045 509 Gilehaul'
1083 470 1124 506 in
1165 469 1278 506 Linc’
1320 481 1440 517 quam
1481 469 1610 517 major
1648 472 1687 506 et
1726 468 1863 506 ballivi
1912 468 2092 518 ejusdem
2131 467 2224 505 ville

518 532 698 570 focerunt
748 532 957 570 Fratribus
1009 530 1234 568 Minoribus
1276 530 1390 568 Linc‘
1436 531 1484 567 ad
1538 531 1779 567 mandatum
1829 530 1945 578 regis,
1985 532 2141 567 retenta
2183 529 2225 566 in

520 607 644 631 manu
698 595 803 643 regis
859 598 971 643 petra
1027 606 1101 642 que
1159 596 1218 630 est
1278 606 1395 641 super
1451 592 1625 641 placiam
1700 592 1947 640 predictan1;
2016 592 2225 629 mandavit

519 656 668 693 eisdem
708 655 866 693 ballivis
904 655 1109 704 quatinus,
1152 656 1308 691 retenta
1355 654 1442 702 ipsa
1490 653 1538 690 ad
1587 666 1687 702 opus
1726 653 1843 702 regis,
1884 653 2015 702 ipsam
2053 653 2225 701 placiam

520 718 668 754 eisdem
719 717 908 755 fratribus
959 716 1110 753 faciant
1160 714 1383 752 deliberari.
1496 714 1613 752 Teste
1664 727 1754 763 rege
1803 715 1909 763 apud
1959 714 2138 763 Noting'‚
2188 727 2225 751 v.

520 779 582 817 die
622 779 817 817 Octobris.

636 877 709 912 I’m
765 877 946 912 ll'illelmn
998 873 1459 912 Luc-el.—Mandatum
1508 875 1568 910 est
1620 872 1856 922 justiciariis
1904 873 1953 910 ad
2000 871 2227 910 custodiam

523 937 742 975 Judeorum
772 937 987 985 assignatis
1016 937 1120 985 quod
1152 935 1393 973 demandam
1425 947 1546 983 quam
1571 934 1705 972 Aaron
1736 934 1845 971 filius
1876 933 2049 980 Abrahe‚
2073 934 2228 972 -Judeus

523 999 665 1044 Lond’,
706 999 802 1036 facit
851 999 1054 1036 Willelmo
1102 998 1228 1036 Luvel
1277 998 1323 1035 de
1372 997 1451 1046 xvj.
1493 996 1707 1045 quarteriis
1756 996 1964 1039 frumenti,
2005 1009 2080 1045 que
2123 997 2228 1034 idem

521 1062 673 1098 Judeus
716 1061 811 1098 dicit
847 1060 920 1098 sibi
959 1060 1091 1098 deberi
1131 1074 1153 1098 a
1196 1060 1375 1109 predicto
1419 1059 1625 1096 Willelmo
1673 1072 1742 1107 per
1785 1059 2078 1108 cyrographum
2116 1059 2231 1108 cujus

523 1124 647 1161 altera
686 1137 775 1172 pars
815 1127 873 1161 est
912 1123 953 1160 111
993 1124 1114 1161 archa
1151 1122 1508 1172 cyrographorum,
1545 1124 1583 1158 et
1624 1134 1694 1169 pro
1733 1120 1878 1170 quibus
1918 1121 2098 1159 fecerunt
2137 1134 2229 1159 eum

523 1185 724 1232 distringi,
766 1189 919 1233 ponant
959 1185 998 1221 in
1049 1187 1274 1233 respectum
1314 1196 1439 1232 usque
1483 1183 1531 1219 ad
1580 1182 1742 1220 octabas
1793 1182 1932 1221 Sancti
1976 1183 2146 1220 Martini
2186 1185 2231 1220 ut

525 1254 620 1284 tunc
654 1247 880 1296 inquiratur
917 1250 1049 1284 utrum
1082 1246 1245 1284 bladum
1277 1245 1375 1282 illud
1411 1245 1462 1282 sit
1494 1244 1675 1282 debitum
1708 1245 1768 1282 vel
1801 1244 2118 1282 feoffamentum.
2176 1244 2232 1282 Et

525 1310 686 1347 interim
718 1309 845 1347 eidem
882 1309 1085 1346 Willelmo
1117 1309 1163 1345 de
1195 1307 1311 1345 terris
1343 1311 1381 1345 et
1413 1307 1570 1344 catallis
1603 1307 1685 1344 suis
1717 1319 1855 1355 pacem
1889 1306 2034 1345 habere
2065 1307 2230 1345 faciant.

527 1372 642 1409 Teste
682 1379 726 1409 ut
765 1384 896 1420 supra.

639 1468 712 1503 ΓΗ,
772 1468 936 1513 liudulfo
992 1468 1033 1502 dr
1091 1470 1229 1502 §Quieta
1289 1463 1834 1511 s'ampwne.—Mandatum
1892 1466 1951 1501 est
2009 1463 2233 1502 vicecomiti

527 1529 764 1577 Norliampt'
804 1528 907 1577 quod
947 1528 1092 1565 catalla
1131 1527 1291 1564 Radulfi
1332 1526 1378 1563 de
1422 1526 1573 1563 Sancto
1614 1527 1823 1570 samsone,
1866 1526 2078 1563 servientis
2116 1526 2232 1575 regis,

525 1605 600 1641 que
640 1591 838 1628 Walterus
877 1590 923 1626 de
973 1589 1207 1627 Dei-neford'
1249 1589 1354 1637 cepit
1393 1592 1431 1625 et
1471 1592 1589 1636 capta
1638 1587 1790 1625 detinet
1839 1588 2047 1625 occasione
2094 1588 2236 1626 mortis

528 1653 662 1690 uxoris
702 1665 782 1695 sue,
824 1653 858 1689 ei
897 1652 982 1689 sine
1021 1651 1215 1688 dilatione
1255 1650 1365 1688 reddi
1408 1650 1542 1689 faciat.
1621 1649 1737 1687 Teste
1777 1653 1821 1687 ut
1860 1662 1992 1698 supra.

642 1760 714 1795 I’rn
766 1759 924 1803 lluswne
970 1759 1012 1792 de
1064 1755 1333 1802 l,‹·ssl‹’.—Rex
1381 1755 1577 1793 concessit
1628 1754 1793 1802 Hugoni
1840 1754 1887 1791 (19
1935 1754 2074 1803 Legh'‚
2114 1754 2236 1792 militi

532 1820 586 1857 M.
628 1820 700 1857 filii
742 1819 919 1863 (ieroldi⁷
957 1818 1169 1868 justiciarii
1210 1817 1418 1862 Hibernie,
1459 1816 1683 1854 custodiam
1724 1819 1921 1853 terrarum
1960 1829 2035 1865 que
2074 1817 2237 1854 fuerunt

536 1882 731 1931 Stephani
779 1882 824 1919 de
874 1881 1084 1918 Hereford'
1134 1880 1173 1917 in
1224 1879 1433 1921 Hibernia,
1474 1880 1541 1928 qui
1591 1879 1637 1916 dc
1689 1891 1778 1927 rege
1827 1878 1958 1916 tenuit
2006 1879 2046 1916 in
2093 1879 2234 1929 capite,

535 1958 658 1993 usque
697 1944 745 1981 ad
784 1944 1007 1990 legitimam
1047 1946 1194 1980 etatem
1245 1942 1400 1979 heredis
1440 1942 1565 1990 ipsius
1606 1940 1817 1989 Stephani.
1904 1941 1960 1978 Et
1998 1941 2237 1979 mandatum

534 2012 593 2045 est
636 2006 857 2057 justici-ario
896 2006 1072 2054 predicto
1110 2005 1215 2054 quod
1255 2005 1300 2041 de
1337 2005 1488 2041 eisdem
1529 2004 1644 2041 terris
1684 2003 1812 2040 eidem
1862 2003 2028 2052 Hugoni
2076 2004 2237 2052 plenam

534 2070 723 2107 seisinam
757 2069 900 2106 habere
935 2068 1069 2111 faciat,
1107 2067 1209 2105 sicut
1242 2067 1468 2115 predictum
1503 2069 1575 2103 est.
1649 2065 1767 2102 Teste
1798 2078 1888 2113 rege
1919 2066 2025 2114 apud
2057 2066 2236 2115 Noting’,

534 2132 606 2181 iiij.
647 2131 709 2168 die
750 2129 945 2168 Octobris.

643 2211 754 2247 Idem
796 2210 915 2258 Hugo
963 2208 1085 2246 habet
1133 2208 1225 2245 inde
1273 2208 1429 2246 litteras
1478 2209 1662 2256 patentes
1710 2206 1898 2244 omnibus
1946 2207 2117 2246 directas
2164 2210 2238 2247 etc.

537 2274 652 2311 Teste
692 2276 735 2310 ut
775 2285 907 2321 supra.

644 2352 727 2389 Rex
775 2351 928 2399 rogavit
984 2350 1227 2399 Magistrum
1277 2349 1492 2393 Thomam,
1542 2348 1758 2396 phisicun]‚
1806 2348 1911 2396 quod
1970 2348 2131 2386 accedat
2191 2349 2241 2386 ad

538 2414 754 2462 Hugonem
795 2413 1115 2461 lhspensarium,
1148 2412 1371 2456 infirmum,
1413 2418 1644 2447 moraturus
1681 2423 1772 2447 cum
1811 2423 1856 2447 eo
1893 2423 2101 2461 quousque
2148 2423 2240 2448 con-

538 2476 720 2513 valuerit.
799 2476 852 2512 Et
904 2475 1144 2512 mandatum
1197 2480 1256 2511 est
1314 2473 1367 2509 H.
1424 2472 1472 2509 de
1533 2472 1774 2516 Pateshull’,
1826 2472 2088 2517 thesaurario,
2138 2473 2242 2522 quod

539 2537 796 2575 rationabiles
835 2550 1028 2586 expensas
1067 2537 1101 2574 ei
1140 2536 1235 2573 illuc
1274 2535 1469 2573 inveniat.
1547 2535 1664 2571 Teste
1705 2538 1747 2571 ut
1786 2547 1919 2583 supra.

652 2636 705 2671 ΙΝ
733 2649 796 2671 rr.
828 2636 965 2670 marcis
994 2635 1041 2669 ad
1071 2635 1320 2681 operationem
1353 2645 1493 2668 camere
1525 2633 1646 2678 regyiwze
1676 2632 1778 2678 apud
1814 2632 2246 2669 11'estmonasterz'mm—

542 2697 779 2735 Mandatum
842 2700 900 2733 est
957 2695 1124 2744 Hugoni
1181 2695 1227 2731 de
1285 2693 1508 2731 Pateshull'
1566 2693 1672 2741 quod
1734 2692 1880 2730 habere
1941 2693 2062 2731 faciat
2128 2694 2244 2732 fratri

542 2759 721 2798 Jolianni
760 2759 806 2795 de
846 2758 1026 2795 Waverle
1065 2770 1130 2794 xx.
1171 2769 1327 2794 marcas
1365 2755 1412 2793 de
1451 2755 1620 2804 prestito
1664 2768 1783 2803 super
1820 2768 1964 2792 aurum
2012 2756 2148 2805 regine
2196 2757 2245 2794 ad

542 2821 816 2871 operationem
850 2833 1004 2857 camere
1035 2819 1215 2869 ejusdem
1247 2818 1381 2867 regine
1411 2817 1515 2865 apud
1548 2817 1967 2863 Westmonasterium,
1999 2819 2247 2867 providendo

542 2884 647 2934 quod
685 2883 836 2920 denarii
860 2883 917 2919 illi
959 2882 1069 2919 salvo
1108 2881 1390 2929 expendantur
1423 2880 1463 2917 in
1503 2879 1737 2928 operatione
1775 2879 1968 2928 predicta.
2046 2880 2162 2918 Teste
2201 2884 2245 2918 ut

544 2959 677 2995 supra.

656 3036 732 3071 Pro
789 3035 1055 3069 archidiacono
1115 3031 1286 3069 I‘mblin'.
1377 3030 1878 3067 Hibernia—Mandatum
1936 3033 1995 3068 est
2050 3030 2246 3069 Mauricio

546 3098 630 3135 filio
670 3096 846 3140 Geroldi,
879 3095 1102 3145 justiciario
1132 3093 1340 3138 Hiber-nie,
1373 3092 1478 3141 quod
1517 3092 1679 3140 plenam
1719 3092 1909 3129 seisinam
1948 3091 2092 3130 habere
2124 3093 2246 3131 faciat

548 3160 597 3198 G.
638 3159 685 3196 de
723 3158 904 3202 Turvill’,
944 3157 1224 3194 archidiacono
1263 3158 1300 3192 et
1339 3154 1588 3192 thesaurario
1618 3153 1797 3198 Dublin',
1827 3153 1874 3191 de
1904 3153 2021 3192 bosco
2059 3155 2162 3203 regis
2200 3154 2248 3192 de

549 3221 746 3259 Garfionn
785 3232 877 3257 cum
916 3217 1172 3267 pertinentiis
1211 3216 1294 3253 suis
1334 3216 1402 3265 qui
1441 3218 1501 3252 est
1540 3215 1580 3251 in
1620 3227 1745 3252 manu
1784 3215 1949 3252 Walteri
1996 3215 2043 3253 de
2091 3215 2246 3253 Ridele-

548 3283 664 3328 ford',
704 3281 772 3331 qui
809 3281 969 3330 quidem
1010 3279 1152 3317 boscus
1190 3278 1364 3327 pertinet
1403 3278 1451 3314 ad
1492 3277 1682 3314 forestam
1720 3279 1758 3314 et
1795 3279 1941 3314 terram
1980 3277 2027 3314 de
2067 3277 2247 3324 Obbrun,

548 3359 645 3394 quas
693 3344 894 3393 predictus
941 3342 1245 3379 archidiaconus
1294 3339 1416 3377 habet
1472 3339 1519 3376 de
1576 3338 1698 3377 ballio
1756 3338 1859 3388 regis
1914 3339 2107 3387 quamdiu
2164 3341 2244 3389 regi

550 3406 760 3457 placuerit.
839 3405 955 3442 Teste
995 3407 1037 3440 ut
1077 3415 1209 3450 supra.
