2375 3587
250 182 333 222 380

312 302 458 351 1236.

312 372 369 411 [m.
387 369 458 408 211]

332 3179 391 3217 [m.
411 3176 479 3216 ici]

1179 178 1363 220 CLOSE
1407 178 1610 220 ROLLS.

1686 275 1743 282 -ι-

656 374 778 423 Hugo
814 374 922 413 filius
962 375 1123 413 Radulfi
1153 373 1372 412 attornavit
1401 373 1619 412 Ricardum
1649 372 1811 422 Lupum
1843 374 1983 411 contra
2016 371 2246 410 {Iohannem

547 435 681 473 filium
733 436 921 486 Hugonis
971 437 1018 474 de
1068 434 1426 474 consuetudinibus
1477 437 1516 473 et
1574 434 1750 473 serviciis
1806 434 1853 472 de
1909 433 2150 473 tenementis
2205 433 2248 470 in

552 498 791 548 Rfflgedon',
833 498 1018 549 Kyrkeby
1056 502 1095 537 et
1135 497 1444 547 Reppingehal'.

657 605 1064 644 Linon—Alexander
1092 605 1139 642 de
1168 604 1357 643 Pointon’
1388 603 1610 642 attornavit
1641 603 1895 652 Stephanum
1933 602 1980 641 de
2020 601 2249 651 Horbiling’

550 671 690 707 contra
728 669 891 707 Alinam
929 680 1004 717 que
1042 667 1120 705 fuit
1163 669 1290 716 [uxor]
1333 665 1533 704 Johannis
1571 666 1672 704 Mar'
1713 666 1760 704 de
1799 668 1904 704 terra
1942 665 1983 703 in
2023 664 2181 715 Greyb’.

659 772 1173 820 Isantebr‘im'a.-Rogerus‚
1232 769 1339 819 prior
1396 769 1614 814 Huntind’,
1673 769 1894 807 attornavit
1946 768 2152 807 Oliverum
2204 769 2251 806 de

552 835 711 873 Rames'
757 837 796 872 et
838 833 1063 871 Henricum
1105 832 1152 870 de
1197 832 1409 870 Norhamt‘
1463 831 1509 869 de
1562 830 1920 869 consuetudinibus
1972 833 2011 869 et
2060 830 2250 876 serviciis,

551 910 627 947 que
665 896 865 934 Radulfus
906 894 1123 933 Sanzaveir
1161 893 1210 932 ab
1248 906 1294 931 eo
1330 893 1456 942 exigit
1494 893 1542 930 de
1582 894 1812 931 tenemento
1849 891 1891 929 in
1932 891 2136 930 Croxton'.

662 999 945 1037 hicn-Idem
991 998 1100 1047 prior
1140 996 1360 1035 attornavit
1402 996 1562 1034 eosdem
1610 997 1751 1034 contra
1791 995 2009 1045 Hugonem
2053 995 2101 1033 de
2143 994 2253 1045 Boby

551 1062 599 1100 de
637 1059 996 1100 consuetudinibus
1033 1062 1072 1097 et
1111 1059 1301 1098 serviciis.

663 1167 1171 1218 Bedqford’.——Willelmus
1232 1167 1279 1204 (16
1341 1166 1455 1204 Bello
1514 1165 1667 1214 Campo
1722 1165 1944 1204 attornavit
2000 1164 2252 1204 Willelmum

553 1232 762 1270 Britonem
807 1233 947 1269 contra
993 1229 1235 1278 magistrum
1288 1227 1497 1267 Simonem
1546 1228 1583 1265 le
1633 1227 1705 1265 Bel
1756 1227 1804 1265 de
1855 1227 2064 1265 Bedeford’
2118 1240 2252 1265 coram

553 1293 717 1332 domino
756 1305 845 1341 rege
884 1305 906 1330 a
943 1291 1006 1328 die
1047 1290 1187 1329 Sancti
1227 1289 1436 1327 Michaelis
1475 1288 1516 1326 in
1556 1302 1620 1327 xv.
1660 1288 1744 1328 (lies
1785 1288 1832 1326 de
1869 1288 2043 1337 quadam
2081 1300 2252 1327 conven-

553 1354 661 1394 tione
700 1354 804 1392 inter
841 1366 907 1392 eos
946 1352 1067 1390 facta.

663 1455 1051 1504 Linc'.—-Sapientia
1099 1467 1198 1492 uxor
1246 1453 1456 1491 Laurentii
1500 1453 1547 1491 de
1585 1452 2083 1503 Gyrlington’attornavit
2120 1452 2254 1503 ipsum

554 1519 821 1558 Laurentium
860 1522 1000 1556 contra
1040 1517 1290 1554 Willelmum
1329 1516 1376 1553 de
1416 1515 1635 1564 Wegelond
1673 1515 1720 1553 de
1759 1518 1864 1553 terra
1901 1515 1943 1553 in
1984 1515 2148 1565 Thorp'.

662 1607 765 1645 Alrc'
788 1606 835 1644 de
875 1605 1113 1643 Hamerton’
1154 1606 1193 1642 et
1231 1604 1375 1642 Roesia
1414 1616 1512 1641 uxor
1544 1603 1630 1653 ejus
1664 1604 1970 1642 attornaverunt
2004 1602 2255 1641 Willelmum

554 1670 601 1707 de
633 1669 816 1707 Westun’
849 1671 987 1706 contra
1020 1666 1219 1704 Thomam
1252 1665 1378 1715 Tracy
1409 1668 1448 1702 et
1481 1665 1677 1703 Leticiam
1708 1677 1874 1703 uxorem
1904 1665 2002 1715 ejus,
2032 1664 2256 1702 Henricum

556 1731 603 1769 de
653 1729 938 1779 Impingeham
987 1731 1027 1766 et
1079 1727 1323 1766 Cristianam
1374 1739 1538 1764 uxorem
1592 1726 1690 1776 ejus,
1745 1729 1784 1764 et
1836 1725 2078 1764 Beatriciain
2131 1725 2257 1764 filiam

558 1792 717 1842 Rogeri‚
757 1792 805 1829 de
844 1794 948 1829 terra
985 1790 1026 1826 in
1066 1789 1321 1827 Hamerton’.

666 1896 921 1935 Esset-C—H.
958 1894 1167 1943 episcopus
1209 1892 1410 1942 Elyensis,
1454 1892 1674 1930 attornavit
1720 1892 1931 1930 Matheum
1980 1892 2181 1931 Christien
2221 1895 2260 1930 et

559 1960 772 1997 Eudonem
824 1957 870 1994 de
924 1956 1150 2004 Shelfangr’
1205 1958 1344 1993 contra
1395 1954 1626 1992 Johannein
1682 1955 1730 1992 de
1785 1953 1983 2001 Litlebir',
2041 1954 2259 1993 Ricardum

559 2021 690 2058 filium
747 2019 906 2064 Emme,
964 2018 1152 2056 Josceum
1213 2016 1343 2054 filium
1405 2015 1580 2062 Matild’,
1636 2016 1832 2065 Agnetem
1894 2016 1942 2053 (16
1999 2016 2260 2062 Wicheford’‚

561 2083 751 2121 Godmar'
805 2081 852 2118 de
905 2079 1191 2128 Trumpinton'
1245 2081 1283 2116 et
1335 2078 1552 2116 Edelinani
1603 2090 1770 2116 uxorem
1819 2078 1920 2128 ejus,
1969 2078 2017 2116 de
2068 2080 2172 2116 terra
2219 2078 2260 2115 in

561 2143 795 2182 Hadestok'.

669 2231 910 2269 Mandatum
945 2233 1005 2267 est
1044 2228 1269 2267 vicecomiti
1309 2227 1473 2276 Noting'
1508 2227 1614 2276 quod
1653 2227 1695 2264 in
1728 2227 1848 2276 pleno
1883 2226 2079 2265 comitatu
2115 2240 2186 2265 suo
2224 2230 2263 2266 et

562 2308 629 2344 per
668 2297 796 2332 totam
835 2291 1013 2330 bailliam
1050 2303 1164 2328 suam
1198 2290 1365 2328 clamari
1397 2289 1519 2327 faciat
1550 2289 1655 2338 quod
1686 2289 1822 2326 nullus
1856 2288 2052 2338 impediat
2082 2289 2264 2328 volentes

562 2358 617 2394 ire
644 2356 693 2394 ad
727 2354 958 2404 passagium
992 2353 1039 2390 de
1069 2351 1231 2390 Torkes’
1261 2355 1299 2389 et
1330 2364 1474 2402 aquam
1506 2351 1553 2389 de
1584 2351 1720 2389 Trent’
1752 2350 1807 2388 ibi
1836 2350 2018 2397 transire,
2049 2351 2265 2401 quominus

563 2418 659 2456 illuc
694 2417 749 2454 ire
788 2415 942 2465 possint
981 2418 1019 2452 et
1058 2413 1113 2452 ibi
1159 2414 1357 2459 transire3
1406 2416 1445 2452 et
1494 2413 1599 2463 quod
1645 2413 1783 2450 nullus
1828 2412 2162 2451 consuetudinem
2209 2412 2265 2451 ibi

564 2480 627 2518 vel
674 2478 768 2517 alibi
816 2490 884 2527 per
932 2489 1079 2526 aquam
1127 2476 1174 2515 de
1237 2476 1374 2514 Trent'
1416 2488 1486 2525 pro
1547 2475 1734 2524 passagio
1792 2474 1970 2513 debitam
2024 2474 2086 2513 vel
2140 2475 2264 2513 etiam

564 2541 797 2580 theloneum
831 2539 934 2589 regis
968 2539 1117 2588 injuste
1151 2540 1357 2588 presumat
1388 2539 1605 2587 asportare.
1665 2537 1783 2575 Teste
1812 2549 1902 2586 rege
1931 2536 2037 2586 apud
2068 2536 2265 2576 Sanctum

565 2604 784 2648 Neothum,
807 2615 844 2641 x.
878 2602 941 2639 die
979 2600 1175 2639 Octobris.

673 2689 917 2728 Mandatum
955 2689 1015 2725 est
1052 2689 1103 2726 H.
1133 2687 1180 2724 de
1214 2687 1347 2733 Path’,
1381 2685 1632 2724 thesaurario
1666 2685 1784 2734 regis,
1815 2685 1921 2734 quod
1951 2685 2157 2735 provideat
2191 2685 2267 2724 sibi

567 2754 613 2792 de
657 2754 844 2801 compoto
892 2762 963 2787 suo
1010 2749 1212 2787 reddendo
1259 2748 1365 2798 apud
1413 2747 1633 2785 Keninton’
1674 2759 1808 2786 coram
1854 2760 1944 2796 rege
1989 2747 2052 2786 die
2100 2747 2267 2787 Veneris

566 2814 749 2865 proxima
786 2815 875 2862 post
910 2810 1071 2850 octabas
1111 2810 1249 2849 Sancti
1288 2810 1464 2848 Dionisii
1502 2810 1549 2847 de
1588 2809 1778 2848 omnibus
1816 2809 1987 2859 receptis
2025 2812 2063 2848 et
2094 2809 2267 2848 exitibus

569 2875 765 2917 Scaccarii
804 2875 851 2912 de
890 2876 1069 2922 tempore
1108 2886 1179 2910 suo
1217 2885 1294 2922 quo
1333 2871 1489 2910 exstitit
1527 2871 1816 2909 thesaurarius.

675 2963 915 3001 Mandatum
955 2963 1016 2998 est
1058 2960 1262 2997 Willelmo
1302 2959 1489 2997 Mauduit
1535 2962 1573 2996 et
1622 2958 1849 3007 Margarete
1895 2958 1942 2996 de
1986 2958 2122 3006 Ripar'
2161 2959 2265 3007 quod

570 3031 666 3065 tunc
705 3026 788 3063 sint
827 3023 881 3061 ibi
920 3035 1012 3060 cum
1053 3021 1305 3059 thesaurario
1344 3024 1382 3058 et
1414 3020 1556 3058 rotulis
1605 3019 1689 3058 suis
1740 3023 1779 3058 et
1827 3019 2028 3058 militibus
2070 3020 2138 3069 qui
2183 3023 2269 3058 toto

570 3092 748 3137 tempore
786 3085 857 3123 illo
896 3084 983 3122 loco
1022 3096 1094 3121 suo
1132 3083 1358 3121 residerunt
1396 3083 1445 3119 ad
1487 3081 1755 3120 Scaccarium.

677 3173 808 3212 David
879 3171 1031 3220 Gargat
1099 3170 1322 3208 attornavit
1384 3169 1470 3208 1000
1540 3181 1612 3206 suo
1669 3168 1887 3206 Ricardum
1957 3166 2159 3205 Swetbon'
2216 3168 2267 3206 ad

570 3236 809 3276 lucrandum
847 3233 910 3272 vel
948 3232 1197 3282 perdendum
1235 3232 1277 3269 in
1315 3231 1472 3281 loquela
1506 3243 1582 3279 que
1620 3232 1680 3268 est
1718 3230 1759 3267 in
1793 3229 1990 3267 comitatu
2023 3229 2266 3278 Norhampt’

570 3312 639 3349 per
677 3297 793 3336 breve
823 3296 870 3333 de
900 3296 1007 3333 recto
1035 3293 1140 3331 inter
1169 3293 1305 3342 ipsum
1334 3292 1558 3331 Radulfum
1588 3292 1672 3342 (sic)
1704 3293 1906 3340 petentem
1936 3292 1976 3328 et
2004 3289 2191 3328 abbatem
2220 3291 2268 3328 de

570 3364 717 3410 Burgo,
753 3355 987 3402 Radfflfum,
1017 3367 1229 3404 personam
1268 3355 1314 3392 de
1353 3353 1601 3402 Irtligburg‘‚
1641 3353 1893 3401 Stephanum
1928 3351 2059 3389 filium
2091 3352 2253 3390 Ricardi
