2375 3587
239 228 320 267 256

300 351 443 396 1236.

306 417 363 454 [m.
385 417 451 454 li]

1158 231 1343 274 GLOSE
1389 231 1591 273 ROLLS.

536 424 770 473 Havering'‚
810 428 849 463 et
887 426 1020 464 decem
1061 430 1099 464 et
1138 429 1226 464 octo
1265 425 1371 463 dolia
1408 425 1491 463 vini
1530 438 1604 474 que
1638 425 1793 463 custodi
1837 425 1917 475 (sie)
1958 424 2091 462 celarii
2131 423 2234 472 regis

536 485 886 525 Westmonasterii
925 488 959 525 ei
998 487 1227 525 liberabunt
1265 500 1334 536 per
1368 490 1600 536 preceptum
1636 487 1752 535 regis,
1789 486 1968 535 recipiat,
2005 486 2051 523 de
2090 484 2234 535 quibus

534 547 675 585 cariari
717 548 835 587 faciat
880 562 1004 599 usque
1051 550 1212 587 Turrim
1262 549 1442 587 London'
1495 549 1706 587 duodecim
1760 549 1878 595 dolia,
1930 551 1969 586 et
2022 561 2089 585 sex
2127 547 2234 585 dolia

535 608 676 648 liberet
715 610 1019 649 vicecomitibus
1058 612 1242 649 London'
1284 611 1473 649 carianda
1512 623 1636 660 usque
1676 611 1886 659 Kenyton',
1927 610 2033 648 sicut
2072 622 2139 647 rex
2178 609 2233 647 eis

535 672 723 721 precepit.
798 673 912 711 Teste
951 686 1040 722 rege
1079 673 1185 722 apud
1224 673 1435 723 Kenyton',
1476 672 1528 710 xi.
1569 672 1631 710 die
1667 672 1828 721 Aprilis.

647 760 721 794 I'ro
752 761 938 806 Marti-<tro
970 761 1128 808 gumane
1158 762 1200 796 de
1230 760 1400 808 Lanyeff,
1433 761 1704 796 arcleidiaeamo
1737 758 2233 796 Cant11a1·ensi.—Manda-

535 824 622 859 tum
661 825 720 859 est
767 821 1001 871 justiciariis
1048 821 1097 859 ad
1144 821 1371 859 custodiam
1418 821 1642 859 Judeorum
1691 821 1909 870 assignatis
1957 820 2061 869 quod
2102 820 2234 857 Aaron

535 885 580 920 de
619 883 812 927 Eboraco,
853 883 1042 929 Judeum,
1083 883 1151 932 qui
1190 882 1324 921 debita
1362 883 1486 931 exigit
1524 896 1546 920 a
1586 882 1781 930 Magistro
1822 882 1863 920 S.
1910 882 1958 919 de
1997 883 2232 930 Langeton'‚

533 945 813 982 archidiacono
871 945 1151 991 Cantuarensi,
1208 957 1279 994 pro
1338 945 1514 982 Waltero
1575 944 1622 982 de
1675 945 1900 993 Langeton'
1964 943 2086 981 fratre
2148 956 2233 988 suo,

533 1006 647 1054 cujus
687 1006 800 1043 heres
854 1006 935 1054 ipse
988 1010 1061 1050 est,
1101 1019 1235 1044 coram
1280 1019 1370 1055 rege
1418 1006 1555 1043 venire
1604 1006 1756 1044 faciant
1798 1005 1848 1043 ab
1893 1005 2045 1044 octabis
2099 1004 2234 1044 Clausi

533 1067 684 1105 Pasche
723 1067 764 1104 in
804 1081 867 1105 xv.
908 1068 991 1106 dies
1030 1081 1121 1106 cum
1156 1067 1345 1105 omnibus
1381 1068 1517 1113 cartis,
1555 1067 1679 1106 talliis
1727 1070 1766 1105 et
1813 1067 1903 1105 aliis
1950 1066 2233 1112 munimentis,

532 1141 600 1177 per
656 1141 731 1178 que
788 1128 921 1167 debita
978 1130 1047 1167 illa
1104 1129 1153 1168 ab
1219 1142 1264 1168 eo
1329 1129 1546 1179 exiguntur
1602 1132 1646 1167 ut
1704 1129 1795 1167 sciri
1853 1129 1979 1178 possit
2035 1130 2233 1178 quantum

531 1191 636 1228 idem
677 1190 808 1229 Aaron
848 1191 897 1229 ab
935 1205 979 1230 eo
1018 1192 1142 1241 exigit
1182 1205 1252 1241 pro
1290 1192 1467 1241 predicto
1503 1192 1693 1235 Waltero,
1731 1191 1834 1229 sicut
1872 1191 1956 1240 ipse
1994 1190 2128 1229 debita
2166 1190 2236 1228 illa

532 1265 760 1301 recuperare
794 1254 976 1292 voluerit.
1052 1255 1107 1292 Et
1146 1254 1307 1292 interim
1344 1267 1424 1292 non
1458 1254 1719 1303 permittant}
1754 1253 1930 1303 aliquam
1965 1254 2012 1291 de
2048 1253 2235 1302 predictis

531 1314 675 1352 debitis
714 1316 798 1354 fieri
837 1317 1144 1355 districtionem.
1231 1317 1348 1355 Teste
1387 1330 1476 1365 rege
1516 1320 1560 1354 ut
1599 1330 1731 1365 supra.

643 1405 696 1440 In>
752 1406 996 1453 [mmlx-itione
1051 1407 1092 1441 de
1148 1407 1304 1454 quodam
1363 1404 1819 1442 mortun.—Mandatum
1886 1407 1945 1442 est
2010 1402 2235 1441 vicecomiti

533 1466 657 1502 Midd'
698 1467 815 1515 quod,
857 1467 1076 1515 assumptis
1116 1479 1248 1505 secum
1289 1466 1591 1505 coronatoribus
1630 1466 1733 1515 regis
1767 1467 1814 1505 de
1852 1466 2047 1505 comitatu
2086 1477 2157 1503 suo
2196 1466 2235 1502 et

532 1531 714 1576 presente
754 1527 901 1566 ballivo
944 1528 1098 1566 abbatis
1138 1528 1596 1574 Westmonasteriensis,
1637 1529 1721 1567 fieri
1766 1529 1886 1567 faciat
1929 1527 2233 1578 inquisitionem

533 1591 580 1627 de
627 1594 754 1628 morte
794 1590 952 1629 Osberti
993 1591 1134 1635 Smnd,
1175 1590 1241 1640 qui
1290 1591 1527 1630 interfectus
1570 1594 1630 1629 est
1675 1592 1780 1640 apud
1812 1589 2232 1634 XVestmonasteriunn

534 1656 572 1690 et
611 1656 818 1690 mortuum
858 1653 1014 1702 sepeliri
1055 1653 1188 1697 faciat,
1226 1653 1337 1691 salva
1371 1653 1588 1692 baronibus
1628 1653 1731 1702 regis
1769 1654 1815 1691 de
1854 1653 2016 1691 civitate
2050 1651 2233 1689 London'

534 1714 716 1753 libertate
755 1728 826 1753 sua
864 1720 902 1753 et
942 1715 1129 1753 similiter
1167 1715 1344 1764 predicto
1383 1715 1518 1754 abbati
1557 1715 1742 1753 libertate
1781 1728 1876 1756 sua:
1930 1714 1988 1752 ita
2025 1713 2129 1763 quod
2168 1725 2236 1762 per

534 1777 836 1827 inquisitionem
886 1777 998 1814 illam
1047 1776 1199 1813 nullius
1246 1776 1325 1826 juri
1373 1780 1443 1815 aut
1489 1777 1664 1815 libertati
1713 1776 1934 1825 derogetur.
2029 1775 2145 1813 Teste
2191 1778 2235 1812 ut

535 1854 666 1890 supra.

645 1930 723 1965 Pro
783 1928 890 1965 sart«)
949 1926 1431 1964 Romano.—Mandatum
1497 1930 1556 1964 est
1622 1926 1767 1976 majori
1827 1929 1866 1964 et
1931 1923 2234 1964 vicecomitibus

535 1991 716 2030 London'
773 1989 877 2039 quod
934 1988 1151 2038 appellum,
1209 1989 1315 2037 quod
1368 1988 1506 2026 Avicia
1563 1988 1678 2027 Pech'
1729 1988 1825 2027 facit
1881 2000 2018 2026 versus
2072 1987 2232 2026 Sixtum

536 2053 764 2091 Romanum
823 2052 869 2089 de
926 2054 1041 2099 raptu
1099 2055 1137 2089 et
1195 2064 1288 2100 pace
1346 2051 1447 2100 regis
1497 2051 1623 2089 fracta
1679 2054 1717 2089 et
1770 2051 1875 2089 unde
1933 2050 2037 2088 idem
2096 2049 2235 2088 Sixtus

535 2115 780 2153 attachiatus
837 2117 896 2151 est
952 2113 1085 2151 venire
1141 2125 1274 2151 coram
1332 2113 1564 2163 justiciariis
1620 2114 1724 2163 regis
1779 2112 2065 2152 itinerantibus
2130 2111 2235 2160 apud

537 2177 696 2215 Turrim
736 2176 880 2220 Lond',
920 2178 1072 2224 ponant
1114 2174 1156 2212 in
1204 2179 1429 2224 respectum
1478 2189 1602 2225 usque
1650 2175 1699 2213 ad
1747 2175 1977 2224 proximum
2017 2174 2234 2211 adventum

536 2240 639 2288 regis
677 2238 783 2288 apud
832 2237 1029 2282 London',
1069 2237 1162 2287 quia
1210 2249 1276 2274 rex
1324 2238 1411 2276 vult
1460 2238 1564 2286 quod
1611 2237 1770 2287 loquela
1816 2237 1886 2275 illa
1928 2249 2062 2275 coram
2101 2248 2146 2273 eo
2184 2235 2236 2273 sit

535 2303 718 2341 deducta.
804 2300 859 2337 Et
906 2298 1081 2337 habeant
1128 2298 1183 2336 ibi
1232 2299 1307 2337 hoc
1354 2299 1470 2338 breve
1518 2303 1556 2337 et
1605 2299 1714 2337 aliud
1763 2298 1892 2337 breve.
1984 2299 2100 2336 Teste
2146 2309 2235 2346 rege

536 2365 641 2414 apud
682 2363 875 2401 Windles'
917 2361 969 2399 xi.
1010 2361 1072 2399 die
1112 2360 1274 2410 Aprilis.

643 2453 697 2488 De
748 2452 904 2499 quodam
952 2449 1419 2498 p›·isone.——Mandatuin
1470 2451 1530 2487 est
1582 2448 1807 2487 vicecomiti
1862 2446 2073 2496 Suhampt’
2130 2446 2235 2496 quod

534 2513 736 2562 prisonem
775 2515 939 2560 captum
979 2511 1084 2560 apud
1123 2511 1316 2549 Portesm'
1350 2524 1421 2560 pro
1460 2511 1563 2549 falsa
1601 2513 1777 2557 moneta,
1809 2523 1927 2560 quem
1968 2508 2101 2546 ballivi
2132 2508 2236 2557 regis

534 2575 639 2625 apud
669 2574 862 2612 Portesm'
893 2573 927 2611 ei
962 2572 1201 2619 liberabunt,
1233 2573 1398 2622 recipiat
1427 2576 1466 2611 et
1495 2573 1605 2611 salvo
1634 2572 1846 2618 custodiat,
1875 2571 2000 2610 donec
2030 2583 2097 2608 rex
2126 2569 2235 2607 aliud

534 2638 626 2676 inde
664 2636 894 2686 preceperit.
970 2635 1086 2673 Teste
1124 2648 1214 2684 rege
1249 2638 1293 2673 ut
1324 2648 1455 2684 supra.

641 2725 780 2761 lngule.
843 2723 895 2759 De
923 2724 1169 2771 inquisition&
1200 2724 1243 2758 de
1277 2721 1715 2759 (im-1¹⁸².-—Mandatum
1743 2723 1802 2759 est
1832 2719 1995 2758 baillivo
2024 2719 2070 2756 de
2101 2718 2235 2756 Geres’

533 2786 638 2836 quod
670 2798 738 2834 per
769 2787 1066 2822 sacramentum
1097 2782 1312 2832 proborum
1346 2786 1385 2821 et
1414 2783 1605 2832 legalium
1636 2782 1851 2820 hominum
1886 2782 1933 2819 de
1964 2780 2127 2818 bailliva
2164 2792 2235 2817 sua

533 2848 746 2897 diligenter
785 2846 962 2896 inquirat
1002 2845 1034 2882 si
1072 2845 1202 2883 Alesia
1240 2848 1278 2882 et
1317 2857 1427 2882 soror
1465 2858 1550 2891 sua,
1583 2844 1663 2882 filie
1702 2843 1866 2882 Roberti
1906 2842 2052 2888 Morin,
2083 2841 2235 2879 fuerint

535 2910 668 2950 scisite
707 2909 754 2946 de
793 2911 881 2946 octo
918 2906 1020 2945 acris
1060 2910 1160 2944 terre
1200 2906 1241 2944 in
1280 2906 1469 2955 parochia
1510 2906 1649 2945 Sancti
1691 2904 1911 2944 Salvatoris
1950 2907 1996 2942 ut
2034 2904 2081 2941 de
2120 2903 2235 2941 feodo

534 2975 596 3012 die
634 2985 712 3022 quo
750 2970 935 3015 obierint,
975 2982 1051 3018 que
1088 2969 1250 3018 quidem
1298 2971 1386 3006 octo
1425 2981 1513 3006 acre
1562 2970 1663 3006 terre
1702 2970 1797 3006 sunt
1835 2967 1878 3004 in
1916 2978 2041 3004 manu
2080 2964 2234 3003 domini

533 3035 636 3084 regis
678 3037 873 3082 tanquam
922 3034 1076 3069 escaeta
1123 3043 1207 3076 sua,
1250 3034 1292 3068 ut
1339 3030 1496 3075 dicitur,
1542 3033 1580 3067 et
1629 3030 1662 3068 si
1707 3029 1936 3067 Willelmus
1980 3026 2126 3072 Morin‚
2166 3026 2234 3075 qui

533 3097 630 3135 dicit
668 3108 708 3134 se
746 3106 830 3132 esse
869 3092 1054 3130 heredem
1093 3105 1244 3137 earum,
1278 3092 1329 3130 sit
1369 3091 1629 3142 propinquior
1666 3092 1779 3129 heres
1817 3102 1986 3134 earum;
2026 3091 2065 3126 et
2105 3087 2137 3126 si
2167 3100 2236 3136 per

533 3161 662 3209 ipsam
692 3156 994 3207 inquisitionem
1025 3155 1251 3193 constiterit
1280 3155 1315 3192 ei
1354 3155 1487 3204 ipsum
1520 3153 1766 3191 Willelmum
1796 3164 1881 3189 esse
1909 3149 2233 3200 propinquiorem

533 3222 718 3260 heredem
756 3231 893 3256 earum
933 3222 1030 3255 tunc
1068 3217 1196 3255 eidem
1235 3216 1437 3256 Willelmo
1475 3216 1521 3253 de
1560 3215 1737 3264 predicta
1775 3216 1881 3251 terra
1918 3212 2005 3250 sine
2042 3211 2234 3249 dilatione

534 3284 695 3333 plenam
735 3281 923 3320 seisinam
962 3278 1105 3317 habere
1144 3279 1277 3317 faciat.
1354 3279 1469 3316 Teste
1507 3280 1551 3315 ut
1589 3289 1721 3325 supra.

1231 3375 1251 3408 †
1267 3375 1447 3407 Pei-mittat
1472 3375 1539 3405 MS.
