2375 3587
294 330 435 376 1235.

295 396 435 434 [mem

1170 192 1355 236 GLOsE
1401 193 1603 237 ROLLS.

530 416 598 442 vos
649 403 805 443 habetis
859 405 900 443 in
950 406 1131 456 partibus
1183 406 1390 451 Hibernie,
1445 406 1548 444 sicut
1599 417 1727 455 nuper
1778 405 1894 445 nobis
1951 406 2223 456 significastis,

530 465 718 514 predictis
765 466 917 506 civibus
956 468 1018 506 vel
1055 481 1193 506 eorum
1231 468 1382 506 nuncio
1418 467 1574 506 litteras
1616 469 1774 506 nostras
1811 470 1993 517 patentes
2031 469 2227 508 deferenti

528 527 725 576 predictas
785 533 991 569 sexcentas
1055 533 1094 569 et
1154 529 1423 579 quadraginta
1487 541 1643 568 marcas
1708 529 1794 567 sine
1858 529 2052 569 dilatione
2116 531 2226 570 reddi

527 588 664 628 facias.
723 591 839 630 Teste
877 604 966 641 rege
1004 591 1110 640 apud
1149 591 1328 637 Aulton',
1369 591 1422 629 xi.
1463 591 1525 628 die
1563 590 1807 629 Decembris.

635 712 711 748 Pro
732 713 896 760 Hzcslone
925 713 968 748 de
988 711 1237 757 Jtalzeslmll’,
1268 713 1310 748 de
1340 711 1767 759 perdonatione.——Rex
1793 712 2028 762 perdonavit
2057 713 2224 763 Hugoni

525 771 572 810 de
611 772 863 812 Patheshull’
903 773 1048 823 viginti
1086 776 1125 812 et
1163 776 1317 823 septem
1356 773 1478 812 libras
1525 777 1563 812 et
1605 787 1729 812 unam
1774 786 1952 813 marcam
1995 788 2094 824 quas
2141 775 2223 825 regi

525 833 641 872 debet
688 838 726 873 et
773 847 849 884 que
895 834 943 873 ab
990 847 1036 873 eo
1083 835 1301 884 exiguntur
1347 848 1416 885 per
1464 835 1825 874 summonitionem
1874 836 2072 876 Scaccarii
2119 837 2223 887 regis

525 896 571 933 de
610 896 743 935 debito
775 897 942 935 Walteri
980 897 1027 935 de
1066 897 1334 943 Patheshull',
1371 897 1487 936 fratis
1525 898 1601 936 sui.
1660 898 1903 937 Perdonavit
1940 898 2062 938 etiam
2094 899 2220 938 eidem

525 957 691 1007 Hugoni
730 962 818 997 octo
857 958 980 997 libras
1018 959 1216 998 sexdecim
1251 959 1399 998 solidos
1433 963 1472 998 et
1502 963 1592 998 octo
1630 960 1815 998 denarios
1853 973 1952 1011 quos
1991 961 2073 1011 regi
2106 961 2222 1001 debet

523 1032 593 1068 pro
632 1020 807 1059 Radulfo
844 1021 891 1059 de
929 1021 1071 1072 Tyvill’
1110 1022 1157 1060 de
1196 1021 1342 1060 debitis
1382 1022 1620 1067 Judeorum,
1657 1025 1696 1061 et
1734 1025 1898 1061 centum
1937 1023 2085 1062 solidos
2123 1037 2222 1074 quos

522 1080 689 1120 barones
741 1083 788 1121 de
841 1082 1048 1122 Scaccario
1101 1083 1150 1122 ab
1192 1096 1236 1122 00
1288 1084 1455 1134 exigunt
1502 1097 1571 1133 per
1618 1084 1980 1123 summonitionem
2026 1085 2222 1125 Scaccarii

521 1143 623 1193 regis
661 1157 732 1194 pro
770 1145 952 1183 custodia
994 1148 1095 1184 terre
1142 1159 1217 1196 que
1256 1145 1334 1184 fuit
1374 1146 1536 1184 Ricardi
1574 1146 1621 1184 de
1660 1146 1774 1195 Augo
1812 1146 1854 1184 in
1895 1147 2108 1186 Standon'.
2166 1148 2222 1187 Et

521 1206 759 1244 mandatum
811 1210 871 1245 est
923 1206 1139 1246 baronibus
1197 1208 1244 1245 de
1305 1207 1514 1247 Scaccario
1569 1208 1675 1258 quod
1730 1208 1778 1246 de
1831 1208 2020 1257 predictis
2076 1208 2220 1248 debitis

519 1267 653 1317 ipsum
692 1268 909 1318 Hugonem
946 1269 1130 1318 quietum
1171 1282 1255 1307 esse
1294 1269 1461 1308 faciant.
1521 1269 1637 1307 Teste
1675 1271 1720 1307 ut
1758 1281 1891 1318 supra.

626 1388 682 1424 De
730 1390 920 1425 'roboribus
967 1388 1385 1426 datis.—Mandatum
1438 1392 1499 1427 est
1549 1388 1686 1427 Avicie
1738 1389 1786 1427 de
1834 1389 2063 1429 Columbar’
2114 1392 2220 1441 quod

518 1449 641 1488 faciat
679 1448 825 1488 habere
865 1450 1045 1489 Henrico
1085 1450 1133 1488 (10
1173 1450 1421 1495 Burnevall'‚
1462 1450 1670 1500 capellano
1708 1451 1825 1501 regis,
1864 1452 2041 1503 quinque
2078 1453 2221 1493 robora

517 1511 559 1549 in
609 1511 756 1549 balliva
805 1524 877 1549 sua
926 1512 975 1550 ad
1026 1511 1159 1550 focum
1192 1525 1323 1557 suum,
1364 1512 1411 1550 de
1460 1512 1565 1550 (10110
1610 1512 1727 1562 regis.
1805 1513 1922 1552 Teste
1972 1527 2062 1565 rege
2110 1516 2218 1565 apud

518 1573 750 1619 WarrwelP,
793 1573 863 1624 xij.
904 1573 966 1612 die
1004 1572 1253 1612 Decembris.
1324 1573 1400 1612 Per
1437 1573 1751 1613 Karleolensem.

625 1695 702 1730 Pro
740 1695 918 1731 Joleanna
958 1693 1475 1732 Wascelin’.—Mandatum
1524 1696 1585 1732 est
1632 1694 1856 1733 vicecomiti
1907 1695 2071 1747 Noting’
2110 1698 2216 1748 quod

516 1754 727 1803 tallagium
785 1755 957 1793 assisum
1015 1755 1064 1793 ad
1126 1767 1226 1804 opus
1284 1755 1388 1805 regis
1453 1767 1571 1804 super
1621 1756 1850 1795 manerium
1902 1757 1948 1795 de
2012 1758 2215 1798 Carleton'

514 1817 620 1865 quod
659 1816 867 1855 Johannes
906 1817 1109 1856 Wascelin
1158 1820 1268 1856 tenet
1311 1817 1358 1855 de
1408 1816 1531 1855 ballio
1578 1817 1683 1867 regis
1732 1818 1854 1858 faciat
1904 1818 2050 1859 habere
2087 1821 2216 1861 eidem

515 1878 695 1917 Johanni
733 1878 781 1917 de
819 1879 923 1918 dono
963 1879 1079 1928 regis.
1156 1879 1273 1917 Teste
1312 1882 1357 1918 ut
1396 1892 1529 1929 supra.

622 2001 698 2037 Pro
744 2001 882 2036 civibus
933 1999 1243 2038 cilonia—Rex
1281 1999 1441 2038 ballivis
1490 1999 1573 2038 suis
1620 2000 1667 2038 de
1717 2000 1983 2040 Gernemuth’
2027 2003 2211 2043 salutem.

516 2061 662 2101 Sciatis
713 2074 786 2100 nos
836 2061 992 2112 quietos
1056 2062 1251 2100 clamasse
1309 2075 1380 2111 per
1436 2065 1589 2101 cartam
1642 2065 1823 2101 nostram
1876 2076 1947 2112 pro
2002 2064 2119 2105 nobis
2174 2069 2214 2106 et

512 2123 722 2162 heredibus
779 2124 928 2162 nostris
984 2124 1153 2163 dilectos
1218 2127 1377 2163 nostros
1445 2123 1549 2162 cives
1609 2124 1656 2162 de
1718 2124 1885 2163 Colonia,
1929 2125 1976 2164 de
2024 2127 2213 2167 omnibus

511 2185 869 2225 consuetudinibus
908 2188 947 2224 et
986 2186 1202 2224 demendis
1241 2199 1316 2236 que
1354 2186 1559 2236 pertinent
1597 2186 1647 2224 ad
1685 2198 1757 2225 nos
1795 2199 1864 2235 per
1896 2189 2023 2226 totam
2062 2192 2211 2229 terram

511 2251 691 2286 nostram
730 2247 889 2297 Anglie,
930 2250 969 2286 et
1007 2248 1278 2287 concessimus
1317 2248 1373 2286 eis
1425 2248 1582 2286 salvum
1620 2247 1676 2286 ire
1714 2250 1752 2287 et
1791 2248 1948 2287 salvum
1985 2250 2122 2290 venire
2168 2252 2211 2291 in

509 2312 637 2348 totam
667 2313 814 2348 terram
844 2312 1041 2356 nostram,
1070 2313 1109 2348 et
1135 2310 1241 2360 quod
1270 2310 1298 2347 ii
1336 2309 1457 2348 libere
1487 2309 1644 2359 possint
1677 2309 1733 2348 ire
1762 2310 1811 2348 ad
1840 2310 1959 2349 ferias
1988 2324 2057 2361 per
2082 2315 2210 2353 totam

509 2374 656 2409 terram
690 2374 871 2410 nostram
906 2375 944 2410 et
982 2384 1112 2410 emere
1151 2376 1190 2410 et
1228 2372 1397 2410 vendere
1436 2372 1478 2409 in
1516 2371 1613 2410 villa,
1644 2371 1826 2410 London'
1870 2374 1909 2410 et
1952 2373 2060 2420 alibi,
2101 2375 2210 2415 salva,

508 2433 691 2472 libertate
725 2433 901 2472 civitatis
948 2437 1083 2473 nostre
1129 2434 1330 2473 London’.
1428 2434 1484 2472 Et
1532 2434 1619 2472 ideo
1666 2433 1778 2472 vobis
1825 2434 2067 2484 precipimus
2104 2438 2210 2488 quod

508 2495 706 2545 predictas
743 2495 925 2534 libertate
969 2499 1008 2534 et
1050 2496 1299 2546 quietancias
1350 2495 1539 2546 predictis
1589 2494 1741 2534 civibus
1783 2508 1806 2534 a
1848 2496 1963 2535 nobis
2004 2509 2210 2539 concessas

507 2557 628 2596 libere
666 2560 705 2596 et
743 2558 828 2596 sine
865 2558 1155 2607 impedimento
1193 2558 1338 2597 habere
1376 2557 1635 2608 permittatis,
1671 2558 1744 2608 liij.
1776 2558 1924 2597 solidos
1961 2562 2000 2598 et
2037 2564 2211 2611 quatuor

506 2618 691 2657 denarios
741 2631 840 2668 quos
891 2632 1019 2669 nuper
1072 2633 1094 2658 a
1142 2620 1329 2669 predictis
1381 2618 1535 2658 civibus
1591 2622 1732 2658 contra
1789 2620 1948 2659 easdem
2004 2621 2209 2663 libertates

505 2681 678 2730 cepistis,
719 2684 764 2719 ut
801 2681 960 2727 dieitur,
1000 2681 1150 2720 eisdem
1188 2681 1341 2721 civibus
1381 2681 1466 2719 sine
1503 2680 1697 2719 dilatione
1735 2681 1845 2719 reddi
1898 2681 2104 2732 facientes,
2150 2685 2209 2725 ita

504 2743 609 2792 quod
646 2742 797 2781 clamor
834 2743 1001 2781 iteratus
1039 2743 1089 2782 ad
1127 2756 1200 2783 nos
1238 2756 1321 2782 non
1361 2743 1502 2782 debeat
1551 2742 1643 2781 inde
1692 2743 1911 2793 pervenire.
2001 2745 2118 2786 Teste
2162 2751 2207 2787 ut

506 2817 638 2855 supra.

612 2925 690 2961 Pro
738 2924 903 2961 Ricardo
948 2924 1031 2969 filio
1079 2931 1112 2961 et
1159 2925 1283 2961 herede
1330 2924 1483 2962 Roberti
1538 2925 1579 2960 de
1635 2923 2102 2966 RockeZ’.—Mandatum
2144 2931 2205 2967 est

500 2985 726 3025 vicecomiti
765 2985 914 3024 Kancie
955 2985 1060 3036 quod
1100 2998 1182 3024 non
1221 2986 1431 3036 permittat
1477 2987 1581 3035 quod
1628 2985 1824 3025 Ricardus
1866 2986 1974 3026 filius
2013 2992 2052 3027 et
2089 2990 2204 3029 heres

502 3047 667 3087 Roberti
714 3047 761 3086 de
808 3046 969 3085 Rockel'
1018 3047 1086 3097 qui
1133 3050 1193 3086 est
1250 3047 1292 3086 111
1351 3047 1499 3086 50151118,
1546 3047 1594 3086 de
1641 3050 1746 3087 terra
1792 3060 1868 3098 que
1915 3049 1994 3088 fuit
2036 3051 2204 3100 predicti

503 3109 682 3156 Roberti,
721 3112 767 3148 ut
806 3108 964 3156 dicitur,
1017 3122 1039 3147 a
1091 3110 1239 3148 seisina,
1289 3110 1361 3148 illa
1408 3122 1478 3159 per
1529 3110 1703 3160 aliquem
1756 3110 1981 3161 ejiciaturff*
2019 3112 2099 3151 nisi
2135 3126 2205 3163 per

501 3171 698 3223 judicium
728 3173 768 3210 et
798 3171 1022 3210 secundum
1057 3171 1187 3222 legem
1221 3174 1260 3210 et
1292 3171 1625 3211 consuetudinem
1654 3172 1767 3222 regni
1795 3173 1912 3223 regis.
1970 3174 2088 3214 Teste
2115 3188 2205 3226 rege

501 3236 547 3273 ut
586 3246 719 3284 supra.

1212 3350 1224 3363 *
1239 3348 1312 3381 MS.
1340 3348 1484 3380 eciatur.
