2375 3587
192 313 335 360 1235„

199 382 258 420 [m.
275 380 321 419 2.]

202 2179 261 2217 [m.
279 2177 326 2217 1.]

1065 190 1115 229 19
1159 190 1363 230 HENRY
1407 188 1488 230 ΠΙ.
2051 189 2129 229 151

425 383 642 431 exiguntur
679 384 728 421 ad
769 384 1022 423 Scaccarium
1072 389 1254 423 nostrum
1311 385 1358 422 de
1406 384 1571 433 prestito
1622 388 1758 421 nostro
1803 384 1837 421 ei
1884 384 2003 420 facto.
2077 383 2132 419 Et

425 443 513 482 ideo
551 444 662 483 vobis
701 446 943 483 mandamus
982 447 1087 495 quod
1125 446 1346 495 predictam
1382 445 1631 483 comitissam
1665 446 1711 482 de
1746 445 1935 493 predictis
1967 447 2129 482 centum

425 508 464 543 et
494 519 610 544 xxxv.
651 506 763 545 libris
793 507 1027 545 blancorum
1058 512 1096 546 et
1127 510 1171 545 de
1202 507 1390 557 predictis
1430 506 1614 545 ducentis
1648 506 1792 544 marcis
1831 506 2010 555 quietam
2045 518 2130 543 esse

425 567 596 605 faciatis.
674 568 789 606 Teste
829 572 873 607 ut
912 582 1043 618 supra.

533 664 611 699 Pro
650 664 837 701 Ne‘clmlao
874 666 916 700 <le
955 663 1444 712 r>seliaym—Mandatum
1479 665 1517 699 et
1551 662 1785 712 justiciariis
1818 661 1865 698 ad
1904 661 2128 699 custodiam

425 723 648 762 Judeorum
696 725 913 775 assignatis
959 725 1076 774 quod,
1113 725 1334 763 secundum
1383 727 1562 762 tenorem
1610 726 1879 768 extent-arum,
1920 735 2018 771 quas
2062 736 2128 760 rex

426 784 511 823 fieri
567 787 744 837 precepit
800 788 847 825 de
915 791 1020 825 terra
1077 786 1263 825 Nicholai
1320 787 1367 824 de
1436 786 1627 835 Oxehaya
1697 785 1739 822 in
1812 785 1979 822 Button'
2037 797 2129 822 cum

425 849 680 897 pertinentiis
735 849 776 886 in
834 849 1030 887 comitatu
1088 849 1245 895 Glouc',
1304 851 1342 886 et
1410 848 1456 885 de
1524 851 1629 885 terra
1695 846 1874 896 ejusdem
1946 846 2129 884 Nicholai

423 911 465 948 in
519 911 708 961 Oxehaya
765 914 803 949 et
852 910 1029 949 Crockel’
1086 912 1127 949 in
1185 910 1382 949 comitatu
1439 909 1661 954 Hertford’,
1720 921 1795 957 que
1851 912 1910 946 est
1966 907 2128 945 vadium

424 973 526 1023 Elye
564 973 738 1022 episcopi
777 976 816 1011 et
857 973 1086 1012 Salomonis
1125 972 1198 1010 filii
1238 971 1448 1010 Benedicti
1492 971 1727 1016 Judeorum,
1765 970 1894 1007 eidem
1935 969 2130 1007 Nicholao

424 1035 704 1073 rationabilem
759 1036 882 1073 finem
921 1038 960 1073 et
1000 1035 1257 1074 rationabiles
1292 1034 1486 1072 terminos
1525 1032 1670 1071 habere
1709 1032 1861 1070 faciant
1901 1032 1947 1069 de
1983 1030 2128 1070 debitis

424 1097 464 1135 in
495 1097 640 1147 quibus
673 1098 861 1147 predictis
890 1098 1030 1136 -Judeis
1065 1100 1235 1136 tenetur.
1305 1096 1422 1134 Teste
1450 1109 1540 1145 rege
1571 1095 1677 1145 apud
1705 1094 2129 1139 Westmonasterium,

426 1159 536 1210 xviij.
576 1160 639 1198 die
678 1159 875 1199 Octobris.

534 1256 612 1292 Pro
653 1257 818 1292 l-ticardo
857 1257 899 1293 (Ie
932 1257 971 1293 la
1005 1254 1422 1292 Hose.—-it1andatuni
1462 1256 1521 1291 est
1554 1252 1788 1302 justiciariis
1822 1252 1871 1290 ad
1905 1251 2128 1290 custodiam

425 1317 647 1355 Jiuleorum
704 1317 920 1366 assignatis
977 1317 1081 1366 quod
1139 1316 1360 1354 secundum
1420 1327 1599 1352 tenorem
1656 1317 1816 1352 extente
1887 1314 1991 1352 facte
2061 1326 2129 1362 pcr

425 1384 658 1428 preceptum
715 1379 818 1428 regis
869 1379 916 1416 de
973 1383 1078 1417 terra
1136 1378 1295 1416 Ricardi
1352 1378 1399 1415 de
1455 1377 1494 1414 la
1542 1377 1663 1422 Hose,
1722 1388 1798 1425 que
1855 1379 1914 1413 est
1967 1375 2128 1412 vadium

427 1441 662 1491 Sampsonis
710 1450 749 1479 et
814 1441 1023 1480 Benedicti
1071 1442 1117 1478 de
1166 1441 1368 1485 Coventr’,
1418 1440 1641 1477 Judeorum
1691 1438 1848 1483 Norht‘,
1899 1438 2007 1475 Petri
2056 1438 2130 1475 filii

426 1504 667 1549 Salomonis,
709 1504 827 1542 ›Judei
884 1504 931 1541 de
970 1504 1183 1548 Ivelcestr’‚
1236 1502 1474 1551 Sampsonis
1512 1501 1585 1538 filii
1626 1500 1808 1549 Angevin
1843 1503 1881 1538 et
1921 1500 2130 1538 Benedicti

424 1566 471 1603 de
506 1565 661 1610 <ilonea
702 1566 924 1603 -Judeorum
963 1566 1010 1603 de
1041 1565 1273 1609 WarewicQ
1314 1562 1596 1601 rationabilem
1635 1562 1758 1599 finem
1797 1565 1836 1599 et
1871 1560 2129 1599 rationabiles

424 1627 619 1665 terminos
657 1627 802 1665 habere
841 1627 992 1665 faciant
1031 1626 1158 1664 eidem
1198 1625 1370 1664 Ricardo
1407 1625 1454 1662 de
1493 1623 1637 1662 debitis
1676 1624 1717 1661 in
1757 1622 1902 1672 quibus
1942 1622 2130 1672 predictis

424 1690 563 1728 Judeis
602 1693 774 1728 tenetur.
852 1691 969 1728 Teste
1008 1692 1052 1727 ut
1085 1701 1218 1738 supra.

533 1769 770 1807 Mandatum
822 1772 881 1807 est
933 1767 1104 1806 Ricardo
1154 1767 1201 1805 de
1253 1767 1364 1804 Lada
1421 1765 1526 1815 quod
1580 1778 1660 1803 una
1710 1777 1799 1802 cuni
1851 1763 2029 1800 manerio
2081 1763 2128 1800 de

426 1831 601 1877 Hauon,
623 1832 671 1869 de
700 1844 778 1881 quo
808 1844 874 1869 rex
904 1830 1078 1880 precepit
1105 1829 1295 1867 seisinam
1325 1827 1411 1865 fieri
1441 1827 1491 1865 E.
1515 1826 1799 1865 Cantuariensi
1829 1825 2130 1874 archiepiscopo

426 1897 634 1942 tamquam
687 1893 913 1942 pertinente
961 1893 1010 1930 ad
1062 1891 1288 1929 manerium
1341 1890 1389 1927 de
1442 1887 1688 1937 Tunebrug’,
1735 1887 1857 1925 faciat
1908 1886 1941 1924 ei
1984 1886 2130 1924 habere

426 1955 591 1993 bladum
630 1955 677 1993 de
715 1955 790 1993 hoc
828 1958 1054 2003 autumpno
1102 1953 1285 2002 proximo
1323 1951 1513 2001 preterito
1551 1954 1590 1988 et
1625 1963 1748 1987 unam
1783 1961 1969 1987 carucam
2009 1947 2130 1985 boum

426 2021 465 2056 et
514 2020 647 2056 totum
687 2017 828 2056 vinum
879 2017 984 2067 quod
1030 2029 1097 2054 rex
1148 2014 1269 2053 habet
1316 2013 1476 2052 ibidem.
1573 2012 1689 2050 Teste
1728 2025 1818 2061 rege
1855 2010 1960 2060 apud
2003 2010 2130 2049 West-

427 2080 735 2126 monasterium,
775 2079 887 2130 xviij.
924 2079 986 2117 die
1026 2077 1222 2117 Octobris.

547 2178 656 2226 [Pro]
718 2178 767 2214 Ju‘.
824 2176 1095 2213 cantuariensi
1151 2176 1440 2221 arcliiepisaqn),
1493 2175 1534 2209 de
1585 2173 1750 2209 manseris)
1798 2172 1839 2207 «la
1873 2171 2130 2207 Harudum.—

428 2239 669 2277 Mandatum
704 2242 764 2276 est
804 2238 973 2276 Ricardo
1011 2237 1058 2274 de
1097 2236 1209 2273 Lada
1237 2235 1342 2284 quod
1382 2248 1462 2272 una
1492 2246 1584 2272 cum
1624 2232 1804 2270 manerio
1841 2232 1888 2269 de
1928 2230 2133 2275 Haudlou‚

427 2301 475 2338 de
522 2314 600 2351 quo
658 2314 725 2338 rex
776 2299 952 2349 precepit
1004 2298 1195 2336 seisinam
1243 2297 1328 2334 fieri
1382 2296 1432 2333 E.
1485 2294 1769 2334 Cantuariensi
1817 2292 2130 2342 archiepiscopo,

427 2362 549 2401 faciat
599 2362 742 2400 habere
798 2362 926 2399 eidem
978 2360 1275 2409 archiepiscopo
1335 2358 1452 2396 blada
1501 2357 1681 2407 ejusdem
1738 2354 1909 2393 manerii
1962 2354 2009 2392 de
2058 2354 2132 2392 hoc

427 2428 654 2474 autumpno
692 2424 874 2473 proximo
912 2422 1102 2472 preterito
1136 2424 1174 2459 et
1213 2421 1331 2459 boves
1379 2424 1417 2458 et
1456 2432 1593 2458 averos
1645 2422 1684 2457 et
1736 2420 1868 2455 totum
1911 2416 2052 2454 vinum
2094 2418 2133 2453 et

428 2487 597 2525 siceram
636 2490 674 2524 et
714 2486 792 2524 alia
842 2487 1024 2523 instaura
1073 2487 1111 2522 et
1161 2483 1309 2522 catalla
1358 2495 1433 2532 que
1483 2495 1552 2519 rex
1604 2480 1724 2518 habet
1775 2479 1938 2517 ibidem.
2015 2479 2132 2515 Teste

431 2562 520 2599 rege
555 2549 660 2598 apud
700 2547 1121 2592 Westmonasterfflm,
1161 2546 1241 2583 xix.
1283 2545 1345 2583 die
1385 2544 1582 2583 Octobris.

534 2645 591 2681 Da
624 2645 815 2681 tradendis
850 2644 890 2680 ¹in
925 2641 1315 2686 balliwn..—Cecilia,
1346 2653 1419 2689 que
1449 2639 1526 2677 fuit
1560 2650 1656 2676 uxor
1686 2637 1839 2674 Thome
1868 2636 1916 2673 de
1947 2636 2133 2684 Scoteny,

431 2707 660 2747 Willelmus
708 2705 813 2742 filius
853 2704 1046 2742 Willelmi
1094 2707 1132 2742 et
1172 2703 1379 2741 Galli-idus
1427 2701 1535 2739 filius
1573 2699 1753 2744 Henrici,
1789 2711 1888 2747 quos
1936 2697 2135 2735 Walterus

430 2771 478 2808 de
516 2768 713 2818 Escotiny
761 2767 851 2805 odio
898 2770 937 2804 et
984 2766 1096 2804 athia
1143 2769 1182 2803 et
1230 2778 1310 2803 non
1358 2767 1432 2802 etc.
1482 2762 1658 2812 appellat
1704 2761 1751 2798 de
1799 2762 1927 2797 morte
1970 2757 2137 2807 predicti

432 2833 586 2870 Thome
626 2831 674 2868 de
714 2830 903 2879 Scotyny,
945 2828 1095 2866 habent
1142 2827 1279 2865 literas
1327 2826 1498 2863 directas
1545 2822 1771 2862 vicecomiti
1820 2821 1993 2859 Eboraci
2031 2819 2136 2869 quod

432 2894 644 2933 tradantur
682 2892 723 2929 in
763 2890 931 2929 ballium
971 2903 1096 2940 usque
1135 2890 1184 2927 ad
1219 2888 1392 2938 primam
1431 2886 1600 2924 assisam
1639 2888 1728 2930 etc„
1764 2883 1929 2929 scilicet,
1969 2880 2136 2932 quilibet

432 2969 570 2995 eorum
609 2954 680 3004 xij.
720 2952 854 3003 probis
892 2952 1126 2991 hominibus
1165 2954 1239 2989 etc.
1326 2950 1444 2987 Teste
1481 2951 1520 2986 et
1559 2960 1693 2996 supra.

542 3052 620 3088 Pro
653 3051 834 3095 Galfrido
870 3047 1343 3085 Raucan.—Mandatum
1373 3047 1432 3082 est
1461 3042 1687 3082 vicecomiti
1720 3041 1933 3088 Suhampt'
1962 3038 2080 3088 quod,
2105 3037 2137 3075 si

435 3113 640 3152 Galfridus
679 3112 858 3154 Baucan‚
899 3112 1070 3147 rettatus
1109 3110 1156 3146 de
1198 3108 1352 3146 roberia
1393 3110 1432 3144 et
1474 3118 1570 3154 pace
1613 3103 1717 3152 regis
1755 3102 1895 3146 fracta,
1939 3099 2137 3138 invenerit

433 3174 469 3212 ei
507 3173 637 3212 salvos
674 3171 826 3220 plegios
873 3170 923 3207 ad
970 3169 1160 3208 standum
1209 3168 1301 3205 inde
1348 3170 1455 3205 recto
1503 3177 1637 3203 coram
1675 3161 1909 3213 justiciariis
1948 3159 2050 3208 regis
2089 3159 2138 3196 ad

434 3236 608 3286 primam
647 3233 816 3272 assisam
855 3244 946 3270 cum
985 3231 1027 3268 in
1066 3234 1200 3279 partes
1238 3230 1329 3267 illas
1367 3227 1565 3272 venerint,
1602 3228 1699 3264 tunc
1738 3224 1869 3272 ipsum
1910 3220 2138 3259 Galfridum

435 3311 504 3348 per
541 3297 671 3346 ipsam
706 3294 905 3344 plevinam
944 3293 985 3331 in
1019 3305 1114 3342 pace
1148 3292 1331 3330 dimittat
1373 3302 1496 3339 usque
1535 3288 1583 3325 ad
1617 3287 1833 3324 adventum
1869 3282 2138 3332 predictorum

432 3358 759 3412 justiciariorum.
855 3356 971 3394 Teste
1012 3367 1102 3404 rege
1141 3357 1185 3392 ut
1223 3366 1356 3402 supra.
