2375 3587
148 331 162 373 J
179 329 293 376 236.

145 396 204 433 [m.
231 393 300 434 20.]

1021 215 1071 253 21
1116 213 1323 253 HENRY
1365 212 1449 252 HI.
2005 212 2086 252 395

384 409 662 448 collectoribus
701 410 899 459 prefixum
939 410 987 447 ad
1026 408 1259 447 habendum
1308 408 1401 445 inde
1448 410 1672 444 warantum
1712 419 1829 444 suum
1871 406 2092 454 prorogetis

384 485 509 521 usque
558 472 599 509 in
650 472 811 510 octabas
867 472 1006 510 Sancti
1060 471 1224 509 Hillarii
1275 483 1382 507 anno
1436 469 1547 516 regni
1598 469 1724 506 nostri
1772 469 1869 518 xxj„
1910 471 1954 505 ut
1996 475 2091 505 tunc

386 534 536 571 sciatur
588 547 656 583 per
705 534 929 583 predictum
986 534 1239 582 Stephanum
1292 545 1370 581 quo
1422 531 1625 568 devenerit
1677 530 1846 579 pecunia
1899 530 2090 579 predicta.

386 596 503 633 Teste
542 609 632 644 rege
672 599 716 633 ut
756 609 888 644 supra.

495 700 571 736 I'w
613 700 877 736 Ilartlwlmmm
918 701 960 735 «le
1004 697 1436 736 Fadia—Mandatum
1476 701 1534 734 est
1572 696 1749 734 Henrico
1781 696 1827 733 de
1858 694 2090 732 Trublevill'

384 761 501 810 quod,
542 762 762 799 secundum
803 764 983 799 tenorem
1022 761 1249 798 litterarum
1298 762 1528 797 nostrarum
1569 758 1796 808 patentium
1845 757 1878 795 ei
1928 758 2092 795 nomine

385 824 592 861 senescalli
640 823 743 872 regis
784 823 996 862 Wasconie
1036 836 1164 872 nuper
1198 823 1454 866 directarum,
1496 821 1658 870 plenam
1708 820 1899 858 seisinam
1946 819 2091 857 habere

385 885 507 923 faciat
550 885 837 923 Bartholomeo
875 886 921 922 de
962 885 1086 923 Podio
1125 885 1172 922 de
1212 888 1316 922 terra
1355 897 1429 932 que
1468 883 1546 920 fuit
1584 882 1744 921 comitis
1783 882 2010 931 Engolism'
2049 881 2090 918 in

385 947 518 984 insula
566 947 726 985 Oleron'
776 961 867 985 cum
917 947 1096 996 affeagiis
1146 947 1311 984 navium
1361 946 1524 991 ibidem,
1574 946 1893 994 quam'terram
1941 948 1979 981 et
2017 957 2091 992 que

386 1009 553 1058 affeagia
590 1010 623 1047 ei
661 1010 865 1048 commisit
905 1023 972 1047 rex
1012 1022 1082 1058 pro
1120 1009 1308 1058 dampnis
1344 1009 1419 1058 que
1459 1021 1600 1057 passus
1635 1011 1694 1045 est
1734 1020 1802 1056 per
1835 1006 2090 1044 disseisinam

385 1084 506 1120 quam
545 1071 580 1109 ei
619 1071 712 1109 fecit
752 1071 799 1108 de
840 1074 945 1109 terra
984 1084 1104 1120 quam
1145 1071 1274 1108 eidem
1316 1070 1606 1107 Bartholomeo
1646 1081 1711 1106 rex
1751 1068 2011 1106 commiserat
2050 1067 2090 1104 in

385 1134 523 1171 eadem
576 1134 722 1179 insula,
773 1141 812 1171 et
864 1147 935 1183 pro
984 1133 1130 1183 quibus
1182 1134 1306 1171 finem
1362 1133 1455 1171 fecit
1507 1145 1600 1170 cum
1653 1145 1697 1169 eo
1750 1144 1821 1180 pro
1874 1131 1927 1168 xl.
1980 1130 2092 1168 libris

387 1196 702 1237 Turonensibus,
743 1196 928 1235 habenda
969 1209 1177 1247 quousque
1222 1196 1420 1245 predictas
1460 1195 1513 1232 xl.
1555 1194 1676 1232 libras
1716 1194 1809 1231 inde
1848 1193 2092 1242 preceperit3

386 1266 425 1296 et
474 1259 506 1296 si
555 1259 650 1308 quid
701 1259 890 1308 receperit
942 1259 989 1297 de
1034 1262 1139 1297 terra
1187 1258 1258 1295 illa
1303 1258 1384 1296 sive
1432 1258 1479 1295 de
1527 1256 1705 1306 affeagiis
1753 1256 1939 1305 predictis
1987 1259 2092 1304 post-

386 1334 507 1370 quam
538 1321 635 1359 alias
667 1321 822 1359 litteras
853 1321 957 1371 regis
989 1321 1081 1359 inde
1112 1321 1275 1370 recepit,
1306 1320 1435 1358 eidem
1467 1319 1756 1357 Bartholomeo
1786 1318 1870 1356 sine
1899 1317 2092 1355 dilatione

387 1383 496 1421 reddi
545 1383 677 1430 faciat,
718 1383 776 1421 ita
816 1386 859 1421 ut
907 1383 1099 1422 iteratum
1147 1383 1364 1421 clamorem
1413 1382 1505 1419 inde
1553 1394 1623 1430 pro
1671 1381 1828 1419 defectu
1877 1380 1963 1431 ejus
2011 1392 2092 1417 non

386 1445 522 1483 audiat
561 1458 641 1483 rex.
720 1445 837 1483 Teste
877 1458 966 1495 rege
1006 1445 1112 1495 apud
1153 1444 1435 1494 XValingfordss
1476 1457 1541 1481 xx.
1582 1444 1645 1486 die
1685 1442 1938 1481 Novembris.

499 1558 574 1594 I'ro
614 1558 782 1603 Ii'adnlfo
821 1559 863 1593 de
906 1556 1404 1605 Wylz'ton’.——Mandatum
1443 1558 1503 1593 est
1543 1553 1759 1593 baronibus
1798 1554 1845 1592 de
1885 1553 2093 1592 Scaccario

386 1620 491 1668 quod
525 1619 765 1656 demandam
801 1632 868 1656 sex
903 1618 1197 1667 spervariorum
1245 1630 1366 1667 quam
1402 1617 1558 1655 faciunt
1597 1617 1771 1654 Radulfo
1805 1616 1852 1654 de
1886 1616 2091 1666 XVylyton'

388 1695 458 1731 pro
497 1681 707 1730 arreragiis
745 1681 899 1719 servicii
938 1681 1043 1730 quod
1083 1680 1200 1718 debet
1239 1679 1322 1729 regi
1362 1692 1430 1728 per
1464 1692 1618 1717 annum
1658 1679 1705 1716 de
1744 1682 1849 1717 terra
1886 1691 2005 1727 quam
2046 1678 2093 1715 de

387 1757 477 1792 rege
516 1746 625 1781 tenet
663 1743 704 1780 in
745 1742 911 1788 Walloc‚
954 1746 1108 1792 ponant
1148 1742 1188 1779 in
1229 1745 1455 1791 respectum
1496 1754 1621 1791 usque
1660 1741 1701 1778 in
1741 1740 1903 1779 octabas
1954 1740 2093 1779 Sancti

389 1806 555 1844 Hillarii
592 1819 699 1844 anno
738 1805 849 1855 regni
888 1805 969 1855 xxj.
1049 1805 1166 1843 Teste
1206 1818 1295 1854 rege
1335 1807 1379 1843 ut
1419 1817 1553 1853 supra.

499 1915 576 1951 Pro
636 1914 820 1951 Willelmo
873 1914 914 1949 de
969 1912 1319 1950 Gai-(Iz'nz's.——-Rex
1373 1910 1590 1950 baronibus
1644 1911 1727 1949 suis
1779 1911 1827 1949 de
1871 1910 2092 1958 Scaccari0‚

389 1976 574 2014 salutem.
661 1975 807 2014 Sciatis
854 1975 959 2025 quod
1019 1975 1221 2013 Henricus
1271 1974 1380 2012 filius
1438 1973 1609 2020 Nicolai‚
1659 1973 1722 2012 cui
1770 1986 2096 2027 concesseramus

389 2038 613 2077 custodiam
653 2041 756 2076 terre
794 2041 833 2076 et
872 2037 1032 2076 heredis
1073 2037 1244 2076 Gilberti
1285 2037 1321 2075 le
1360 2037 1457 2074 Bret
1497 2049 1566 2086 per
1604 2036 1728 2074 finem
1769 2036 1824 2074 xl.
1865 2049 2095 2074 marcarum

389 2114 507 2150 quem
557 2100 651 2139 fecit
689 2100 897 2139 nobiscum
946 2113 1017 2150 pro
1056 2100 1194 2138 eadem
1234 2099 1429 2145 custodia,
1471 2099 1640 2137 eandem
1678 2099 1902 2137 custodiam
1940 2098 2096 2137 dimisit

390 2163 439 2201 ad
473 2163 710 2212 petitionem
745 2166 927 2201 nostram
963 2162 1169 2201 Willelmo
1203 2163 1250 2200 de
1285 2162 1489 2207 Gardinis‚
1525 2164 1564 2199 et
1596 2174 1668 2200 nos
1702 2161 1835 2211 ipsum
1871 2161 2095 2200 Henricum

389 2226 572 2275 quietum
602 2226 867 2265 clamavimus
895 2225 942 2263 de
976 2224 1165 2274 predictis
1200 2224 1253 2262 xl.
1285 2224 1446 2263 marcis.
1505 2224 1560 2262 Et
1590 2223 1677 2262 ideo
1707 2223 1820 2262 vobis
1854 2224 2096 2262 mandamus

390 2289 495 2338 quod
525 2288 659 2338 ipsum
699 2288 920 2326 Henricum
952 2287 999 2325 de
1029 2287 1126 2336 ipsis
1156 2287 1209 2324 xl.
1241 2286 1388 2325 marcis
1417 2285 1600 2336 quietum
1633 2298 1717 2324 esse
1748 2285 1919 2324 faciatis.
1979 2286 2096 2324 Teste

391 2364 455 2389 me
492 2350 577 2400 ipso
616 2351 722 2400 apud
761 2350 975 2394 Oxoniam,
1017 2349 1114 2399 xxij.
1155 2349 1217 2387 die
1257 2347 1509 2387 Novembris.

500 2432 554 2467 Et
604 2429 843 2467 mandatum
891 2432 951 2467 est
997 2428 1224 2467 vicecomiti
1273 2428 1388 2466 Dors’
1437 2427 1544 2477 quod
1592 2428 1726 2477 ipsum
1776 2427 2001 2466 Henricum
2051 2428 2098 2466 de

390 2491 580 2541 predictis
618 2492 672 2529 xl.
712 2491 857 2530 marcis
908 2493 1076 2541 [pacem]
1127 2490 1274 2529 habere
1312 2490 1535 2541 permittat.
1597 2489 1714 2528 Teste
1735 2492 1780 2528 ut
1828 2502 1960 2540 supra.

502 2601 580 2637 Pro
619 2600 759 2636 leoma
796 2601 837 2636 ‹le
879 2598 1247 2647 Wyberton'.—-Rex
1295 2596 1514 2636 baronibus
1547 2597 1595 2635 de
1641 2597 1861 2643 Scaccario,
1910 2597 2095 2635 salutem.

394 2661 540 2700 Sciatis
595 2661 700 2711 quod
757 2662 806 2698 ad
872 2660 1110 2710 petitionem
1165 2660 1212 2698 R.
1269 2660 1428 2698 comitis
1495 2659 1685 2705 Pictavie,
1754 2660 1891 2698 fratris
1956 2659 2097 2707 nostri,

392 2723 664 2761 concessimus
720 2722 874 2761 Thome
931 2723 979 2760 de
1046 2722 1269 2761 Wiberton'
1336 2723 1441 2772 quod
1508 2722 1556 2759 de
1612 2720 1758 2760 debitis
1813 2735 1889 2771 que
1947 2720 1996 2759 ab
2052 2734 2097 2760 eo

392 2786 609 2835 exiguntur
643 2798 711 2834 per
749 2785 1109 2823 summonitionem
1151 2784 1347 2824 Scaccarii
1400 2784 1528 2822 nostri
1580 2784 1627 2822 de
1675 2783 1820 2822 debitis
1857 2784 1982 2833 patris
2020 2784 2095 2830 sui,

392 2852 431 2886 et
469 2848 518 2885 de
568 2847 713 2898 quibus
762 2848 923 2885 reddere
972 2848 1180 2886 consuevit
1228 2860 1297 2896 per
1335 2859 1489 2884 annum
1530 2860 1566 2884 x.
1608 2846 1731 2885 libras
1774 2847 1824 2884 ad
1864 2846 2096 2885 Samarium

393 2912 591 2953 nostrum,
614 2909 753 2946 reddat
782 2908 829 2946 de
858 2914 988 2947 cetero
1013 2923 1049 2946 x.
1073 2921 1230 2946 marcas
1257 2908 1306 2946 ad
1333 2908 1492 2946 eosdem
1520 2908 1715 2946 terminos
1742 2908 1791 2945 ad
1814 2920 1913 2957 quos
1937 2907 2097 2946 reddere

393 2970 545 3010 solebat
583 2971 782 3019 predictas
822 2984 858 3008 x.
900 2970 1034 3015 libras,
1075 2971 1200 3009 donec
1243 2970 1421 3019 predicta
1466 2969 1603 3008 debita
1645 2969 1760 3008 nobis
1804 2969 2096 3018 persolvantur.

394 3034 450 3071 Et
479 3033 567 3071 ideo
600 3032 712 3071 vobis
742 3036 816 3071 etc.
876 3032 994 3071 Teste
1033 3045 1123 3081 rege
1162 3032 1268 3082 apud
1308 3031 1507 3070 Oxoniam
1547 3032 1658 3082 xxiij.
1693 3032 1756 3070 die
1790 3030 2040 3069 Novembris.

504 3138 580 3174 Pro
617 3150 707 3184 reste,
743 3137 785 3171 «Ie
817 3136 1226 3175 e·im‘s.—Mandatum
1258 3139 1317 3175 est
1350 3135 1528 3174 ,Iohanni
1568 3135 1753 3172 Maunsel
1784 3134 1889 3184 quod
1918 3134 1965 3171 de
1994 3134 2098 3173 vinis

394 3212 469 3249 que
526 3210 654 3247 nuper
712 3197 810 3234 emit
861 3197 911 3235 ad
962 3210 1062 3247 opus
1115 3199 1220 3247 regis
1269 3198 1374 3247 apud
1426 3197 1543 3236 Suht‘
1593 3196 1734 3234 liberet
1782 3195 1940 3233 ballivis
1997 3196 2099 3246 regis

397 3261 515 3301 Suht’
574 3259 651 3298 tria
705 3258 811 3297 dolia.
866 3259 1055 3297 carianda
1111 3272 1237 3309 usque
1294 3259 1494 3298 Oxoniam
1556 3261 1596 3296 et
1655 3257 1861 3296 liberanda
1925 3256 2099 3296 Roberto

395 3324 581 3374 Mynnot
605 3324 644 3359 et
683 3321 801 3360 sociis
840 3321 923 3360 suis
962 3334 1032 3371 pro
1065 3322 1124 3372 iij.
1163 3322 1281 3360 doliis
1327 3321 1411 3360 vini
1454 3334 1530 3372 que
1582 3323 1700 3370 capta
1752 3319 1917 3358 fuerunt
1955 3318 2005 3357 ab
2043 3320 2099 3358 eis

396 3386 444 3424 ad
483 3397 582 3434 opus
621 3384 724 3433 regis
765 3388 853 3433 post
894 3384 1050 3423 Pascha
1089 3397 1195 3422 anno
1237 3384 1349 3434 regni
1390 3384 1468 3433 xxj.
1528 3383 1644 3420 Teste
1685 3395 1773 3431 rege
1814 3385 1856 3420 ut
1896 3394 2028 3431 supra.
